3316 5566
606 378 817 438 ernanusrs
1300 381 1358 444 141

74 567 172 646 quibus
193 570 369 648 conponitur
392 569 567 630 femininum
591 568 693 632 callem
718 577 747 630 et
769 576 907 631 neutrum
930 568 1008 630 idom
1030 571 1207 650 icorrepta,
1230 571 1359 649 quaein

73 671 224 732 masculino
247 671 431 749 producitur,
455 672 485 731 in
508 677 615 732 neutro
638 678 736 732 autem
760 673 937 750 corripitur:
965 670 1035 732 inde
1058 673 1227 750 geminatur
1249 689 1359 752 conpo-

72 773 131 832 sitio
153 772 322 834 identidem.

147 875 295 937 Personae
317 875 527 955 pronominum
551 882 623 954 quot
645 875 732 936 sunt?
776 874 840 935 Hoc
862 881 906 934 est
928 881 999 936 tres.
1037 874 1135 946 Quae?
1171 874 1270 937 Prima
1294 894 1360 956 per·

43 991 150 1046 ssono,
173 995 248 1056 quae
272 975 309 1036 tle
330 994 363 1038 se
385 976 532 1054 loquitur,
557 985 589 1037 ut
612 993 682 1054 ego:
711 976 856 1048 secunda,
880 977 916 1038 aul
935 993 1023 1055 quam
1048 979 1142 1055 prima
1166 975 1304 1054 loquitur,
1329 985 1361 1038 ut

72 1086 113 1146 tu:
142 1080 226 1139 tertis
256 1095 399 1159 persona,
428 1077 464 1138 de
487 1095 545 1157 qua
574 1079 640 1158 quis
669 1077 809 1156 loquitur,
832 1087 865 1140 ut
886 1079 951 1148 ille;
982 1079 1034 1139 sed
1063 1096 1190 1158 persona
1214 1079 1361 1160 primast

71 1179 189 1241 secunda
220 1182 339 1258 generis
367 1181 534 1242 communis
560 1189 642 1250 sunt,
674 1180 731 1240 hoc
760 1189 805 1242 est
832 1181 920 1241 trium
950 1196 1109 1257 generum,
1144 1180 1229 1242 tertia
1263 1187 1359 1242 autem

71 1299 187 1360 persona
215 1279 266 1341 ille
295 1282 450 1343 masculini
478 1283 598 1360 generis
627 1291 688 1351 est,
725 1281 900 1342 femininum
933 1287 1032 1342 autem
1054 1282 1085 1342 in
1108 1299 1123 1342 a
1147 1279 1238 1343 mittit
1261 1281 1309 1343 illa
1332 1293 1361 1344 et

71 1393 199 1445 neutrum
221 1382 305 1444 illud.
351 1382 414 1444 Hoc
437 1391 535 1445 autem
560 1401 725 1464 pronomen
749 1383 864 1445 linitum
888 1383 994 1444 tertiae
1016 1401 1178 1462 personae,
1209 1384 1286 1464 quod
1315 1393 1360 1445 est

34 1483 128 1554 roille,
150 1483 328 1565 aliquotiens
349 1485 380 1545 in
403 1486 501 1546 minus
524 1502 611 1565 quam
635 1485 750 1546 linitum
773 1483 865 1554 cadit,
889 1492 922 1545 ut
944 1491 988 1545 est
1009 1487 1040 1545 in
1062 1483 1242 1563 Virgilio:

211 1586 280 1648 llle
304 1603 370 1666 ego
392 1589 453 1666 qui
476 1585 659 1666 quondam
683 1585 812 1664 fragili
836 1585 1046 1648 modulatus
1068 1604 1196 1648 auena.

70 1687 262 1768 Pompeius
284 1688 372 1748 dixit:
403 1689 435 1748 si
457 1687 525 1749 ille
547 1689 698 1749 linitum
722 1705 926 1767 pronomen
956 1696 1026 1758 est,
1056 1687 1142 1766 quid
1166 1707 1256 1770 opus
1278 1689 1358 1750 lue·

69 1802 135 1858 rat,
157 1797 194 1851 ul
215 1792 318 1851 inter
334 1786 345 1871 ΙΙ
361 1786 473 1850 pilot
489 1786 500 1871 ΙΙ
516 1797 723 1870 poneretur
746 1789 829 1867 egoi
854 1787 940 1850 lnrle
963 1789 1128 1850 ostendit
1150 1787 1217 1850 lroc
1240 1791 1358 1870 ipsum

69 1909 282 1968 pronomen,
317 1893 495 1971 quoniam
529 1907 600 1951 non
634 1892 727 1952 satis
759 1892 909 1952 linitum
938 1902 1004 1952 est.
1049 1891 1146 1970 Ergo
1172 1893 1244 1953 ista
1274 1903 1360 1955 suot

33 1991 133 2054 uduo
159 1995 363 2072 praecipue
394 1993 505 2054 linita
538 1994 777 2073 pronomina,
813 2011 878 2073 ego
914 2002 948 2054 et
976 2001 1021 2054 tu.
1072 1993 1138 2074 lpse
1163 2011 1235 2055 uero
1258 1991 1359 2056 etille

69 2103 98 2154 et
116 2095 187 2156 idern
211 2096 311 2156 minus
334 2113 422 2175 quam
444 2095 524 2156 llnita
546 2102 625 2156 sunt.

145 2197 236 2268 Casus
259 2198 468 2276 pronominum
492 2204 565 2276 quot
586 2197 673 2258 sonti
717 2195 791 2264 Sex,
814 2177 891 2256 sicut
913 2204 943 2256 et
964 2197 1134 2257 nominum:
1159 2200 1359 2261 nominatiuus

68 2297 128 2366 hio,
155 2300 312 2376 genetiuos
338 2298 443 2368 huius,
477 2297 595 2360 datiuus
623 2297 707 2367 huic,
740 2299 927 2359 accusatiuus
955 2296 1048 2365 hunc,
1084 2299 1236 2360 uocatiuus
1260 2318 1277 2360 o
1298 2301 1357 2370 llio,

67 2397 204 2460 ablaticus
232 2397 270 2460 ab
299 2400 371 2472 lroc,
400 2409 429 2461 et
451 2397 606 2480 pluraliter
628 2397 658 2458 lri
681 2397 787 2460 horum
818 2399 863 2460 lris
885 2397 940 2460 lros
963 2419 980 2460 o
1002 2401 1035 2458 lrr'
1056 2398 1093 2460 ab
1116 2398 1170 2461 lris.
1216 2399 1275 2461 Sed
1299 2420 1358 2462 non

36 2503 160 2562 somnia
181 2503 357 2582 pronomina
378 2519 433 2580 per
456 2519 560 2562 omnes
582 2519 633 2564 sex
656 2519 742 2562 casus
763 2499 964 2563 declinantur:
997 2502 1150 2562 inuenitur
1180 2503 1260 2564 onim
1289 2521 1358 2584 pro·

68 2620 183 2674 nomen,
207 2605 284 2664 sicut
306 2605 504 2684 Pompeius
526 2604 612 2672 dicit,
636 2601 687 2664 ulri
709 2621 786 2664 unus
809 2621 895 2664 casus
917 2603 1007 2670 desit,
1031 2601 1110 2664 idest
1132 2603 1303 2675 uocetiuus,
1327 2613 1359 2666 ut

70 2722 120 2781 ego
140 2707 196 2766 mei
219 2705 292 2766 milri
315 2723 362 2766 me
377 2724 393 2766 a
409 2724 466 2766 me.
498 2704 637 2785 Plerique
659 2707 853 2786 interponunt
874 2725 902 2776 o,
926 2715 958 2766 ut
980 2722 1035 2784 ego
1058 2706 1118 2767 mei
1140 2705 1212 2766 milri
1233 2723 1281 2766 me
1302 2725 1319 2766 o
1342 2728 1358 2768 a

68 2823 124 2876 me,
146 2815 177 2868 ut
198 2806 255 2868 lroo
277 2809 375 2887 ipsum
398 2827 415 2868 o
438 2806 579 2868 articulus
601 2809 640 2868 sit
657 2809 785 2868 uocatiui
801 2825 900 2876 casum
925 2817 1023 2868 tamen
1045 2806 1150 2867 laisum
1163 2815 1218 2868 est
1232 2808 1359 2870 docente

68 2911 248 2990 Astyagio:
281 2927 340 2970 non
363 2917 460 2990 potest
480 2911 561 2979 lieri,
594 2918 625 2970 ut
647 2927 665 2971 o
688 2927 853 2990 pronomen
876 2911 914 2970 sit
936 2910 1065 2971 uocatiui
1087 2927 1187 2976 casus,
1218 2912 1356 2989 quoniam

36 3012 212 3073 reuocatiuus
239 3010 399 3089 singularis
427 3010 517 3073 (lebet
544 3009 654 3088 aliquid
685 3011 869 3072 differentiae
900 3009 1010 3072 habere
1033 3030 1049 3071 a
1072 3011 1209 3072 uocatiuo
1239 3011 1355 3092 plurali.

69 3109 163 3174 Omnis
185 3115 264 3173 enim
287 3111 430 3174 articulus
453 3131 507 3194 per
521 3131 625 3174 omnes
647 3131 733 3175 casus
756 3131 879 3174 necesse
902 3112 991 3174 habet
1013 3115 1042 3173 in
1066 3113 1207 3190 singulari
1232 3132 1357 3177 numero

68 3212 146 3275 aliter
168 3213 310 3276 declinari
335 3222 364 3275 ct
385 3213 471 3276 alitor
493 3217 523 3276 in
546 3214 672 3295 plurali,
695 3222 727 3276 ut
748 3225 819 3296 puta
842 3215 891 3276 hic
913 3215 1002 3276 huius
1024 3215 1094 3277 huic
1110 3216 1188 3276 huno
1204 3234 1222 3275 o
1238 3216 1274 3278 ab
1291 3217 1356 3287 hoc,

69 3313 95 3374 lri
116 3315 217 3378 horum
242 3316 289 3377 his
312 3316 367 3378 hos
389 3337 407 3377 o
429 3317 466 3378 ab
489 3317 544 3379 his.
590 3317 626 3378 Hi
655 3335 759 3378 omnes
787 3336 874 3378 casus
895 3319 926 3379 in
949 3316 1092 3394 singulari
1114 3327 1145 3379 et
1167 3318 1273 3398 plurali
1303 3339 1357 3382 rru-

68 3434 143 3478 mero
165 3421 244 3480 inter
265 3437 298 3480 se
320 3419 401 3499 ipsos
422 3419 535 3480 diuersi
557 3426 637 3480 sunt.
682 3419 877 3480 Eoontrario
900 3420 931 3480 in
953 3420 1009 3480 isto
1033 3422 1184 3488 uocatiuo,
1215 3423 1265 3501 qui
1288 3423 1358 3483 lacit
1398 3481 1406 3490 ,

38 3519 94 3578 alo
114 3520 217 3582 'lurni'
238 3522 301 3582 siue
326 3525 355 3581 ‘o
371 3527 415 3582 tu’
432 3528 461 3583 ct
476 3525 506 3582 ‘o
522 3524 600 3599 uos',
623 3521 703 3583 idem
727 3520 869 3582 articulus
891 3531 945 3582 cst.
990 3521 1026 3583 Ει
1048 3521 1158 3583 idcirco
1180 3521 1252 3583 illud
1269 3525 1355 3585 etiam

69 3623 241 3701 sequendum
265 3631 325 3694 est,
350 3631 383 3684 ut
404 3623 462 3684 lroc
485 3623 579 3693 dicas,
603 3643 620 3684 o
643 3624 880 3697 interiectionem
904 3631 954 3685 aut
976 3631 1057 3683 corte
1080 3622 1256 3685 aluerbium
1280 3644 1355 3694 csse,

68 3724 137 3802 quod
159 3727 299 3805 iungatur
323 3728 460 3787 uocatiuo
483 3727 576 3786 casui.
621 3726 760 3788 Ceterum
784 3723 927 3786 articulus
949 3727 1079 3786 uocatiui
1101 3745 1186 3786 casus
1209 3744 1268 3787 non
1292 3737 1356 3807 pot·

69 3835 107 3885 est
127 3826 193 3887 dici.
236 3825 310 3887 ltem
333 3825 425 3888 habes
447 3821 628 3907 pronomen,
659 3827 709 3888 ubi
731 3845 790 3888 non
814 3828 931 3889 inuenis
954 3830 1169 3889 nominatiuom
1194 3836 1224 3888 et
1247 3831 1356 3890 uocati·

70 3945 146 4000 uum,
162 3937 195 3990 ut
209 3938 254 3990 est
269 3930 316 3990 sui
331 3927 388 3990 sibi
402 3947 435 3990 se
450 3947 466 3990 a
482 3947 523 3990 se.
555 3929 700 4000 Quattuor
715 3947 801 3990 casus
816 3929 906 3990 habet
922 3931 1075 4009 utriusque
1092 3932 1208 3991 numeri
1223 3949 1356 3994 commu·

41 4041 129 4100 unes,
151 4031 365 4093 nominatiuum
388 4041 487 4092 autem
510 4040 541 4092 et
562 4031 733 4093 uocatiuum
758 4030 937 4092 nonhabet.
975 4029 1170 4093 Inueniuntur
1193 4035 1281 4094 etiam
1304 4032 1354 4094 ali·

70 4149 117 4210 qua
144 4135 334 4212 pronomina,
365 4151 441 4212 quae
469 4135 590 4194 omnino
618 4151 678 4194 non
706 4132 818 4194 liabent
847 4135 902 4194 nisi
929 4132 1063 4213 singulos
1090 4153 1188 4210 casus,
1218 4140 1250 4193 ut
1272 4137 1357 4196 ouius

70 4235 126 4294 onia
152 4237 267 4297 cuium:
306 4236 336 4294 in
365 4233 410 4295 his
438 4233 666 4315 pronominibus
695 4253 749 4296 neo
777 4237 977 4297 nominatiuus
1000 4237 1151 4297 inuenitur
1173 4254 1228 4298 nec
1251 4236 1357 4317 aliquis

71 4367 102 4376 ῃ,

127 4455 305 4506 θίᾱεηιιὶᾱοηι
358 4453 424 4506 aad
443 4451 532 4522 quom]
551 4447 663 4517 aliquem
716 4467 744 4505 m
762 4457 798 4506 tui
850 4457 966 4523 Sgeous
1020 4458 1127 4507 tlterria
1197 4459 1227 4507 11
1246 4459 1356 4509 condam

97 4523 236 4574 modulatus
289 4525 321 4574 12
339 4519 489 4590 Pompeius]
507 4540 534 4588 p,
553 4525 620 4586 202,
640 4525 674 4574 30
743 4527 775 4576 13
793 4535 821 4574 ut
838 4540 885 4575 om.
941 4526 972 4576 15
990 4523 1040 4574 due
1058 4526 1195 4591 praecipue
1265 4528 1296 4578 16
1314 4529 1357 4578 ide

71 4589 177 4654 llqood
248 4593 279 4644 18
298 4605 313 4641 o
332 4591 371 4642 hic
390 4608 438 4644 om.
509 4593 539 4642 19
559 4605 573 4640 o
592 4592 623 4642 ab
676 4607 725 4642 non
745 4593 842 4652 omniu]
861 4594 965 4643 nomino
1016 4595 1047 4643 21
1066 4591 1217 4659 Pompeius]
1233 4611 1260 4660 p.
1272 4599 1357 4660 209st

69 4656 96 4705 m
112 4660 204 4710 milrio
289 4660 323 4710 24
340 4656 463 4726 ostiagio]
483 4660 517 4721 cs.
536 4661 625 4724 Pomp.
645 4663 661 4713 l,
680 4663 733 4714 1.5
801 4663 885 4710 uocati
953 4661 987 4711 26
1005 4659 1093 4710 Omnis
1113 4659 1192 4726 enim]
1212 4664 1246 4726 cs.
1267 4663 1357 4730 Pomp,

69 4724 164 4780 tnta
180 4744 235 4794 req.
304 4729 338 4778 29
356 4745 370 4777 e
387 4723 528 4791 contrario]
548 4729 582 4790 rs,
602 4729 691 4792 Pomp.
710 4733 725 4781 l.
744 4731 761 4782 l,
781 4733 814 4780 13
883 4732 917 4781 30
935 4729 967 4778 Et
984 4728 1089 4793 idcirco]
1107 4731 1142 4794 rs.
1158 4732 1245 4795 Pomp.
1263 4733 1280 4780 l.
1293 4735 1310 4784 1.
1324 4736 1357 4782 21
1428 4733 1431 4740 ’

71 4792 97 4906 {3
112 4791 207 4864 potest]
226 4807 265 4846 est
349 4799 382 4848 33
405 4797 466 4846 item
484 4793 575 4861 lralres]
599 4797 634 4860 cf.
654 4797 742 4861 Pomp.
761 4799 778 4846 l.
797 4801 814 4849 l.
834 4800 867 4846 2⁶
953 4800 986 4848 35
1004 4795 1145 4865 inuenitur]
1169 4801 1204 4863 os.
1223 4800 1312 4865 Pomp.
1330 4819 1356 4867 p.

99 4865 119 4922 0,
139 4867 168 4914 ll
237 4865 270 4914 36
288 4865 357 4926 quorl
1204 4897 1209 4904 .
