3378 5550
491 365 541 415 DE
558 362 801 416 Dissortturlu
820 359 1010 413 SERMONIS.
1289 373 1397 422 CXXIX

104 569 132 629 p.
149 545 194 610 22
208 547 268 612 Ar.
291 519 407 630 (tlornus
422 569 439 612 a
453 552 591 631 proprios
612 559 662 613 aut
682 558 711 612 et
726 559 807 614 tores
820 585 863 593 —
878 557 962 610 tuum
977 556 1102 609 uocatur
1116 582 1158 590 -
1173 554 1223 608 aut
1238 545 1276 607 ab
1298 545 1397 628 aliquo

103 687 146 696 -
161 653 328 732 recipimus
346 688 383 696 -
400 655 554 714 000101-
576 652 677 733 hospis
699 671 755 714 nec
777 650 813 714 ab
827 654 914 718 inter
936 651 1082 731 hospitem
1106 659 1223 729 captum
1246 649 1396 727 manarum)

191 771 212 833 1.
232 767 313 833 139⁸
328 771 383 833 col.
403 769 418 832 1
435 772 515 834 Inter
529 772 679 850 eloqui-
694 770 888 834 obtrectantis
904 779 950 832 est
962 799 1005 821 =
1019 769 1054 831 ls.
1068 788 1097 850 p.
1112 765 1181 839 742,
1196 765 1249 839 ].6;
1272 787 1301 848 p.
1314 767 1336 830 4
1347 772 1396 831 dr.

1 935 2 970 ἶ
192 876 212 934 1.
233 869 383 936 1592001.
401 873 419 934 l
438 873 586 936 Exultatio
609 873 770 936 uerborum
794 881 881 953 atque
903 870 1105 934 membrorum
1129 880 1174 932 est
1196 870 1303 933 laetitia
1326 891 1397 934 uero

106 985 149 1034 est
171 976 282 1038 mentis
303 975 453 1054 gaudium.
490 975 636 1039 Exultatio
657 971 861 1048 ainbilatione
883 1009 926 1022 -
948 972 1082 1036 iubilatio
1098 982 1143 1036 est
1163 1001 1205 1024 =
1227 974 1262 1036 ls.
1280 993 1308 1054 p.
1326 970 1397 1042 tou,

1 1101 2 1106 ¹
105 1073 183 1146 329;
205 1095 236 1157 p.
260 1075 303 1140 43
323 1079 373 1140 Ar.
398 1077 504 1157 (diffusi
525 1078 665 1140 laetitiam
688 1077 823 1139 inuocem
847 1077 982 1158 quadam)

190 1181 279 1240 Idem
305 1185 342 1242 de
368 1181 483 1242 duodus
510 1198 627 1258 quaque
652 1183 743 1256 locis,
772 1180 877 1256 quadras
903 1181 953 1239 ‘de
972 1180 1091 1254 qlosst's'
1119 1182 1237 1256 siquam
1260 1179 1397 1240 additum

106 1291 158 1354 ast,
184 1289 354 1346 statuamus
374 1290 505 1360 oportet:

191 1383 214 1444 i.
241 1381 304 1446 aab
332 1384 388 1446 col.
420 1383 436 1444 1
472 1383 591 1446 Basiurn
620 1385 698 1462 quod
728 1387 813 1446 uxori
841 1383 939 1446 datur.
979 1402 1047 1445 narn
1076 1385 1213 1446 distantia
1241 1383 1315 1444 haee
1342 1393 1397 1446 est.

106 1485 200 1547 tterha
222 1487 249 1548 si
270 1484 318 1546 nel
340 1487 426 1550 uxori
447 1489 515 1562 (leq.
537 1495 572 1547 ut
592 1484 707 1548 basium
723 1489 817 1567 uxori)
841 1472 975 1548 osculnm
997 1487 1066 1548 ntits
1087 1487 1222 1548 suaniam
1246 1496 1345 1548 scorto
1361 1488 1399 1547 sit

105 1589 280 1670 deputatum
302 1615 345 1640 =
365 1587 405 1650 ls.
428 1607 457 1668 p.
480 1584 551 1658 765,
574 1583 637 1650 398
645 1606 652 1656 ;
675 1605 704 1668 p.
728 1587 769 1650 51
792 1593 841 1650 dr.

1 1673 2 1689 ³
191 1691 213 1752 t.
239 1687 317 1753 1392
339 1691 395 1752 ool.
418 1687 440 1752 2
462 1696 520 1748 em
546 1696 690 1749 eremum
716 1697 800 1748 curn
823 1695 1018 1771 rmcaepus·
1044 1697 1097 1748 ero
1118 1697 1202 1748 cum
1222 1677 1396 1748 asseratis

105 1821 146 1843 =
170 1793 209 1854 ls.
233 1810 262 1871 p.
287 1789 356 1862 152,
379 1788 456 1860 204;
483 1811 512 1872 p.
535 1787 576 1853 21
598 1796 648 1854 dr.

190 1897 281 1957 Hunc
301 1899 395 1972 tqitar
416 1895 658 1972 differentiarum
681 1898 712 1957 e'n
732 1898 884 1972 qtossarto
898 1897 1049 1956 Barasasa·
1066 1897 1267 1971 simatoasqae
1282 1914 1397 1973 propo

105 2002 235 2059 sitarum
253 1997 371 2071 sautem
393 2005 482 2074 atquc
504 1999 651 2073 ortqiucm
667 2005 828 2075 postquam
850 2001 972 2076 aperui,
995 1999 1080 2059 laud
1100 1999 1265 2069 dubitabis,
1287 2001 1315 2058 si

190 2100 213 2159 i.
238 2095 318 2160 128Ι
347 2095 446 2160 0012
475 2099 584 2160 llinrna
616 2100 730 2161 diutina
759 2110 788 2161 et
816 2099 957 2161 diuturna
984 2101 1024 2160 ila
1053 2099 1260 2178 distinguitur:
1290 2100 1396 2161 diurno

106 2202 222 2263 adiecta
244 2209 313 2262 sunt
335 2210 367 2262 ut
388 2200 496 2261 diurna
520 2219 648 2272 merces,
677 2201 791 2264 diutina
819 2199 857 2262 ab
880 2200 1016 2280 eoquod
1039 2209 1085 2264 est
1106 2221 1134 2282 q;
1158 2201 1207 2262 diu
1230 2202 1395 2274 adiuuerit,

1 2371 2 2374 Ἴ
106 2303 227 2365 diturus
251 2322 323 2364 uero
346 2321 362 2363 a
386 2305 583 2383 perpetuitate
606 2305 683 2366 diota
705 2305 788 2384 quasi
810 2312 931 2364 aeterna

191 2413 292 2466 notam
316 2387 681 2483 CICEdpracscmptam
700 2407 829 2482 uideris,
854 2409 925 2482 quin
946 2408 980 2468 id
1004 2408 1122 2482 siquam
1145 2409 1330 2480 aqlossart'r'
1349 2409 1399 2467 uel

1 2507 2 2510 ’
107 2515 235 2570 anctore
255 2510 303 2568 uel
323 2509 451 2568 libraria
475 2542 513 2552 -
536 2525 607 2570 nam
629 2510 856 2588 apoqrapltum‚
884 2523 943 2568 uon
967 2509 1163 2600 archetypum
1184 2526 1239 2570 aas
1260 2510 1398 2570 manibus

107 2619 209 2670 tenne
231 2611 349 2682 infiada
365 2612 565 2686 pessumarum
584 2611 739 2672 scribendi
757 2613 900 2672 uitiorum
921 2612 1079 2673 multitudo
1102 2613 1287 2672 demonstrat
1309 2618 1398 2686 atque

108 2713 343 2790 0001140101-
357 2701 523 2789 perperam
540 2715 672 2789 positum
693 2715 741 2774 stt.
786 2713 868 2773 Oaac
889 2714 984 2788 iqitur
997 2716 1175 2792 committas,
1198 2721 1231 2774 ut
1245 2715 1288 2773 ad
1302 2715 1396 2789 opstare

109 2815 186 2876 atad
204 2815 263 2876 dac
284 2814 478 2887 referendum
501 2830 563 2876 csse
577 2823 682 2891 putes,
713 2816 795 2891 quod
820 2817 851 2874 t'a
879 2816 982 2876 codice
1004 2815 1155 2876 Beruensr'
1177 2815 1396 2891 timuissemu-

109 2920 219 2977 tiarum
238 2915 375 2992 sarraqo
397 2914 597 2977 Ciceronis
618 2933 724 2978 nauca
742 2933 823 2992 prae
844 2934 876 2977 se
893 2916 971 2990 fert.
1009 2917 1217 2993 Quaecumque
1236 2919 1313 2976 caim
1328 2917 1401 2977 libri

110 3016 276 3080 Beruenses
298 3021 419 3092 alossae
446 3019 599 3079 Ciceronis
626 3035 732 3080 nomeu
758 3026 880 3093 qestant
907 3021 937 3080 lu
962 3018 1068 3092 fronte
1082 3022 1327 3097 praescriptum,
1356 3019 1399 3078 ad

109 3137 273 3200 muosqma
294 3123 367 3195 eius,
390 3137 469 3197 quac
483 3119 641 3193 seruatur,
662 3122 815 3196 pertinere
836 3123 1023 3182 merissimam
1044 3130 1096 3182 est.

194 3307 306 3381 ouibus
326 3305 475 3386 expositis
497 3323 648 3383 perquam
674 3305 783 3370 mirum
811 3315 867 3379 cst,
897 3311 1013 3386 aliquot
1040 3308 1124 3371 uadis
1149 3325 1189 3370 aa
1211 3311 1267 3370 isto
1286 3325 1398 3384 qeaare

108 3414 223 3488 qlossas
243 3427 414 3485 occurrere,
439 3425 517 3485 quae
538 3413 624 3487 apua
643 3411 794 3472 Isidorum
816 3429 877 3473 noa
898 3419 1019 3472 extant:

194 3513 214 3574 i.
239 3510 298 3578 10⁸
320 3511 376 3574 eol.
398 3508 419 3572 2
442 3511 486 3572 Ex
507 3510 693 3573 differentiis.
730 3512 930 3575 Admonemus
953 3531 1107 3576 monemus
1130 3521 1160 3574 et
1175 3532 1397 3576 commonemus

111 3617 164 3676 hoe
185 3617 263 3678 inter
285 3635 318 3678 se
339 3614 448 3676 differt.
483 3631 687 3676 ammonemus
710 3616 894 3695 praesentia,
918 3634 1072 3678 monemus
1094 3616 1206 3686 lutura,
1229 3633 1396 3676 commone·

112 3737 174 3778 mus
195 3720 368 3799 praeterita.
1365 3724 1367 3729 ’

194 3821 273 3882 Nam
296 3837 374 3897 quac
396 3822 482 3898 apud
501 3821 652 3882 Isidorum
672 3838 704 3896 p.
730 3827 796 3896 763,
822 3827 897 3890 364,·
925 3840 957 3899 p.
983 3828 1022 3881 47
1044 3823 1098 3880 Ar.
1120 3823 1271 3897 loquatur,
1294 3821 1396 3881 eadem

112 3925 141 3983 in
154 3925 305 3999 qlossario
321 3926 490 4000 praemissa
505 3902 580 3980 εειδ
596 3929 669 3983 nota
683 3921 785 3983 statim
799 3931 951 3984 secantur.
989 3925 1050 3984 Illa
1065 3940 1141 3984 uero
1156 3926 1263 3984 ordine
1277 3927 1397 3985 inuersa

113 4026 199 4086 dabas
220 4027 306 4104 apud
327 4023 544 4098 Gatdasredum
561 4043 595 4101 p.
620 4029 657 4083 di
680 4024 743 4098 (nr.
768 4031 822 4084 113
843 4025 992 4103 Areua).

193 4129 214 4188 l.
234 4125 295 4189 40²
318 4125 375 4188 eol.
398 4125 413 4186 1
438 4126 480 4188 Er
504 4125 628 4186 diliereir
647 4144 829 4188 sermonum.
867 4131 1046 4205 Argumenta
1062 4127 1216 4210 (armenta)
1239 4135 1268 4186 01
1289 4144 1395 4206 greges

1 4263 2 4266 =
116 4229 166 4290 lma
188 4231 266 4291 iuter
287 4246 318 4290 se
342 4228 491 4304 differunt,
514 4227 592 4308 quod
616 4236 748 4290 armenta
764 4247 926 4309 aequorum
942 4237 971 4290 et
993 4229 1082 4292 boum
1098 4237 1176 4299 sunt,
1199 4247 1306 4307 greges
1321 4247 1394 4290 nero

116 4331 286 4411 capellarum
310 4338 340 4392 et
361 4326 462 4391 ouium
486 4331 616 4404 (Eadem
637 4348 677 4392 esc
698 4333 944 4408 differentiarum
966 4331 1072 4394 coctae
1092 4334 1240 4394 Vaticano
1256 4338 1315 4391 624
1337 4349 1395 4393 cx-

115 4437 218 4510 cerpst't
245 4435 393 4496 menalus
415 4434 489 4494 Isia.
513 4451 582 4510 opp.
616 4433 677 4493 VII
697 4451 770 4510 app.
796 4439 832 4494 23
846 4452 883 4510 p.
908 4441 970 4492 442
992 4436 1093 4513 adm).

193 4536 213 4600 i.
235 4533 296 4598 97⁸
318 4533 374 4597 ool.
390 4532 411 4598 2
432 4535 474 4596 Er
490 4516 682 4596 diffsermoiu
712 4535 866 4598 contestor
881 4543 910 4596 et
925 4535 1058 4598 obtestor
1073 4537 1130 4598 huc
1143 4538 1222 4598 inter
1236 4555 1268 4598 se
1283 4535 1394 4597 differt:

117 4645 257 4699 contestor
278 4638 314 4700 ad
337 4637 452 4699 iudices
474 4635 605 4698 obtestor
628 4634 663 4697 ad
687 4636 882 4698 aduersarios.

193 4739 211 4800 l.
230 4737 311 4803 tt3t
335 4738 421 4802 0011
448 4740 527 4814 (siue
548 4742 635 4814 uota)
664 4737 781 4800 Delorat
803 4749 832 4801 et
854 4738 959 4801 delirat
982 4743 1022 4802 ita
1045 4741 1250 4821 distinguitur:
1283 4741 1397 4804 delerat

117 4849 219 4904 terreat
240 4843 348 4906 delirat
370 4859 478 4904 nauum
502 4859 567 4902 esse
590 4841 744 4918 significat.

185 4960 279 5004 unu.
292 4967 346 5004 ur.
361 4960 443 5003 Suram
