3346 5558
288 359 331 424 42
826 357 895 412 ΔΗΒ
914 359 1046 412 ASPERI

285 549 429 612 indicium
453 549 608 610 seruitium
631 547 810 610 elementum
833 548 1013 628 principium
1044 547 1230 628 euangelium
1254 549 1369 612 initium
1392 549 1601 610 adiutorium.
1663 567 1664 570 ¹

284 653 390 714 Omnia
413 651 487 713 haec
502 651 622 712 nomina
638 653 737 714 neutri
754 652 872 730 generis
886 657 956 712 sont
971 659 1001 712 et
1015 650 1127 729 taliter,
1151 659 1285 732 utsupra
1300 651 1601 732 conprehendimus,

283 762 313 816 et
334 755 390 816 ista
414 763 443 816 et
465 753 510 814 bis
532 751 639 815 similia
662 751 899 815 decimabuntur.
1371 833 1372 836 Ἴ

366 856 440 917 item
464 872 571 917 nomeu
595 863 734 917 neutrum
758 854 837 933 quod
860 855 1042 918 nominatiun
1064 873 1135 916 nasu
1156 857 1218 917 ins
1239 853 1366 917 litteram
1389 854 1508 926 desinit,
1533 873 1599 935 pe·

282 966 347 1021 ctos
370 975 479 1020 nomen
502 955 714 1038 appellatiuum
736 958 857 1036 generis
880 958 978 1019 neotri
1001 959 1118 1019 numeri
1133 957 1291 1037 singularis
1306 958 1418 1036 ligurae
1439 956 1630 1037 simpliciss

283 1077 369 1122 casus
391 1059 567 1121 nominatioi
589 1059 749 1122 accusatiui
771 1067 801 1121 et
823 1060 952 1120 uocatioi
975 1059 1053 1140 quod
1082 1058 1280 1122 declinabitur
1301 1061 1358 1120 sic:
1397 1060 1600 1121 nominatiuo

282 1161 339 1224 boc
361 1167 481 1241 pectus,
509 1161 651 1240 genetiuo
673 1161 764 1224 buius
786 1163 931 1242 pectoris,
961 1162 1061 1223 datiuo
1083 1161 1153 1223 buin
1174 1159 1304 1242 pectori,
1334 1161 1505 1222 accusation
1527 1161 1600 1222 boc

281 1273 400 1345 pectus,
424 1263 561 1326 uncaiiun
584 1282 602 1324 o
624 1271 744 1344 pactos,
774 1261 902 1326 ablatiun
931 1262 968 1325 ab
990 1264 1048 1325 lanc
1070 1270 1191 1344 pectore
1214 1271 1244 1324 ct
1265 1261 1421 1342 pluraliter
1444 1263 1597 1324 nomina·

282 1367 344 1428 tlon
366 1365 440 1427 haec
462 1372 597 1446 pectora,
620 1365 762 1444 genetiuo
784 1364 891 1447 horo-m
914 1372 1083 1446 pectorum,
1107 1365 1207 1428 dation
1222 1365 1269 1426 bis
1284 1363 1469 1444 pectoribus,
1495 1382 1596 1426 ancu-

281 1469 377 1530 sation
399 1467 473 1529 haec
495 1475 631 1548 pectora,
656 1467 792 1530 nncation
815 1485 833 1528 n
855 1475 992 1548 pectora,
1020 1466 1150 1528 ablatlon
1173 1466 1211 1528 ab
1233 1466 1280 1528 bis
1302 1466 1485 1545 pectoribus.
1532 1467 1596 1528 Sic
1612 1485 1664 1524 rn¹

281 1568 489 1632 declinandum
513 1576 557 1630 est
579 1578 697 1650 tempus
719 1587 825 1632 nemos
846 1588 921 1651 npus
942 1587 1012 1632 cros
1035 1588 1068 1632 ns
1091 1569 1128 1630 de
1150 1586 1217 1630 osse
1240 1587 1273 1630 ns
1301 1568 1338 1630 de
1361 1587 1413 1630 ore
1436 1587 1491 1630 oas
1513 1585 1594 1629 cor·

234 1732 237 1742 ,
281 1691 347 1753 pos.
376 1671 450 1734 item
472 1679 613 1735 neutrum
636 1671 715 1751 quod
737 1673 769 1732 in
792 1669 955 1744 nlitteram
972 1671 1094 1742 denuit,
1119 1689 1228 1733 nomen
1243 1687 1351 1733 nornen
1366 1667 1594 1751 appellatioum

280 1775 398 1854 generis
420 1775 519 1836 neutri
541 1775 660 1836 numeri
687 1772 846 1853 singularis
873 1773 985 1853 figurae
1014 1772 1157 1855 simplicis
1178 1789 1264 1835 casos
1292 1773 1465 1834 nominatioi
1491 1789 1593 1832 acco-

280 1878 367 1939 satioi
390 1885 421 1938 et
441 1879 570 1940 uncatiui
594 1876 672 1954 quod
695 1875 893 1937 declinabitur
915 1877 973 1938 sic:
997 1876 1180 1937 nominatioo
1203 1874 1260 1936 bno
1282 1892 1410 1944 nomen,
1438 1876 1591 1954 genetiuo

280 1978 367 2041 boios
394 1980 539 2048 nominis,
568 1979 669 2040 datiun
696 1977 767 2039 buin
795 1978 923 2049 nomini,
956 1978 1126 2040 accusation
1156 1975 1213 2038 hnc
1240 1994 1364 2046 nomen,
1393 1977 1532 2038 oncation
1567 1996 1636 2036 015

279 2097 405 2150 nomen,
435 2077 565 2141 abiatioo
593 2078 629 2140 ab
658 2080 715 2141 lano
743 2080 864 2141 nomine
892 2087 922 2140 et
950 2077 1103 2160 pluraliter
1132 2079 1314 2141 nomination
1344 2077 1417 2141 baec
1444 2079 1586 2148 nomina,

279 2181 417 2260 genetiuo
439 2180 547 2243 horum
570 2183 739 2251 nominum,
765 2179 865 2244 naono
887 2180 934 2242 bis
957 2179 1141 2251 nominibus,
1164 2181 1335 2242 accusation
1357 2179 1431 2242 baec
1446 2181 1588 2246 nomina.

280 2285 418 2346 uocatiun
441 2300 459 2341 n
481 2283 616 2352 nomina,
640 2281 769 2344 ablation
792 2281 830 2344 ab
852 2282 899 2343 bis
921 2281 1100 2344 nominibus.
1138 2283 1187 2344 Sic
1209 2279 1419 2344 declinandum
1443 2289 1489 2344 esi
1510 2296 1588 2359 gra-

280 2403 348 2445 men
372 2382 534 2445 fundamen
556 2382 668 2445 llomen
691 2387 802 2464 ingoeo
830 2401 956 2447 acumen
985 2401 1128 2446 cacumen
1156 2383 1304 2446 luctamen
1332 2391 1446 2445 stamen
1474 2384 1587 2445 oimeo

227 2477 228 2480 ’
281 2485 413 2546 bitumen
437 2492 587 2546 certamen
615 2487 728 2547 crimen
757 2485 891 2548 inramnn
919 2484 1020 2548 lumen
1047 2485 1137 2547 limen
1167 2486 1300 2563 fragmen
1328 2504 1449 2548 carmen
1477 2483 1587 2548 lamen
1604 2511 1632 2548 en

280 2586 392 2648 lolmen
416 2604 539 2666 gramen
563 2605 695 2649 eramen.
726 2587 799 2648 item
823 2605 932 2649 nomeu
955 2594 1093 2650 neutrum
1117 2587 1196 2666 qond
1219 2589 1249 2650 io
1272 2587 1434 2651 rlitteram
1457 2586 1587 2657 desinit.

280 2707 414 2751 murmur
438 2706 547 2750 nomen
570 2688 781 2770 appellatiuom
804 2690 924 2768 generis
946 2691 1045 2751 neutri
1060 2691 1179 2752 numeri
1192 2688 1349 2767 singularis
1371 2691 1483 2768 figurae
1505 2689 1588 2750 sim-

279 2790 365 2872 plicis
387 2809 473 2854 casos
495 2785 670 2853 nominatiui
692 2791 853 2854 accusatioi
876 2798 906 2852 et
928 2793 1057 2856 uncatiui
1079 2791 1158 2871 qood
1178 2790 1379 2854 declinabitur
1400 2792 1458 2851 sic:
1480 2793 1588 2852 nomi·

278 2896 379 2956 natiun
402 2894 459 2956 hnc
480 2911 632 2965 murmur,
655 2894 795 2972 genetiuo
818 2892 905 2954 boios
927 2895 1103 2966 murmuris,
1128 2893 1227 2956 dalion
1249 2892 1318 2956 boin
1341 2893 1502 2960 murmuri,
1528 2911 1586 2953 an·

279 2997 413 3058 cusation
435 2994 493 3056 boc
516 3013 665 3067 murmur,
689 2996 827 3058 uocation
850 3012 868 3055 o
890 3013 1042 3067 murmur,
1066 2995 1195 3058 ablatiun
1223 2994 1261 3058 ab
1283 2993 1340 3056 boc
1361 3012 1518 3057 murmure
1549 3005 1587 3056 et
1602 3021 1630 3058 aa

279 3095 433 3177 pluraliter
455 3098 639 3160 nominatiun
661 3096 736 3158 baec
758 3115 927 3168 murmura,
954 3098 1093 3177 genetiuo
1116 3097 1223 3160 horum
1245 3115 1448 3166 murmorom,
1472 3095 1587 3158 datiun

278 3198 325 3261 bis
348 3198 566 3267 marmoribus,
590 3200 758 3261 accusation
780 3198 855 3261 haec
870 3215 1037 3269 murmura,
1062 3201 1199 3262 uocation
1222 3217 1423 3269 nmurmora,
1446 3197 1586 3261 ablatiuo

278 3299 315 3362 ab
339 3300 385 3362 iris
407 3298 622 3362 mormoribus.
667 3301 718 3362 Sic
740 3299 948 3363 declinandum
972 3309 1017 3362 est
1044 3301 1143 3378 iolgor
1169 3301 1294 3381 sulpbor
1320 3301 1418 3362 lemur
1445 3317 1587 3362 marmor

279 3420 332 3463 cor
354 3401 494 3482 puluinar
522 3419 654 3482 papauer
682 3408 785 3480 guttur
812 3401 906 3464 robor
934 3401 971 3464 de
993 3400 1117 3474 arbore,
1145 3401 1237 3464 robor
1266 3401 1303 3464 dc
1325 3399 1452 3471 uirtute,
1480 3399 1586 3464 robor

279 3501 397 3565 coloris.
443 3503 516 3565 ltem
540 3521 650 3565 nomen
673 3511 813 3565 neutrum
837 3504 916 3583 quod
939 3507 970 3566 in
987 3522 1003 3565 e
1018 3503 1146 3566 litteram
1163 3504 1287 3567 desinit:
1311 3504 1493 3565 nominatim
1518 3502 1585 3566 lroc
1600 3529 1627 3568 m

278 3603 415 3675 mantile,
440 3606 580 3682 genetiuo
602 3604 690 3666 boios
712 3603 854 3676 mantilis,
878 3605 978 3668 datico
993 3606 1063 3667 lroic
1077 3605 1207 3676 mantili,
1232 3608 1403 3668 accusation
1418 3605 1476 3676 bne
1490 3624 1583 3668 mao-

278 3705 344 3777 tlle,
367 3707 506 3768 uncation
529 3725 546 3767 o
569 3707 705 3779 mantile,
729 3705 858 3768 ablation
881 3706 998 3768 abhoc
1020 3707 1141 3770 mantile
1164 3717 1194 3770 et
1215 3706 1369 3789 pluraliter
1390 3708 1584 3770 nomination

346 4008 528 4061 linlicitomli
564 4009 744 4062 elimentomll
812 4009 1008 4061 loomenestB
1043 4011 1180 4062 litteraAB
1215 4013 1343 4064 desinetB
1373 4024 1583 4080 utpentnstem-

278 4093 326 4143 pos
346 4093 412 4144 opos
429 4093 488 4129 crus
506 4077 605 4128 lacinus
623 4093 702 4144 penos
720 4075 803 4128 scelos
822 4093 914 4129 monos
932 4077 1009 4129 lunos
1027 4095 1071 4130 rus
1089 4093 1183 4146 cnrpon
1202 4096 1230 4132 os
1243 4083 1275 4132 de
1288 4097 1339 4134 ore.
1368 4082 1428 4132 itero
1441 4097 1524 4148 genus
1539 4097 1581 4134 est

278 4141 393 4196 neutrum
413 4147 483 4210 qood
496 4147 520 4196 in
535 4161 549 4196 n
563 4153 611 4197 etc.
625 4145 653 4206 B,
667 4148 759 4197 oniaco
770 4150 883 4210 ‘pectus’
897 4149 1002 4198 nominis
1010 4149 1179 4199 declinatione
1249 4151 1280 4199 tn
1293 4149 1374 4200 littera
1388 4149 1411 4200 Α
1445 4150 1547 4200 desinet
1557 4152 1582 4200 B

277 4225 305 4264 ot
318 4229 408 4265 nomen
428 4214 477 4264 hoo
495 4229 588 4264 nomen
606 4215 683 4264 buius
702 4214 818 4264 nomenis
837 4214 974 4280 (sempera
989 4213 1071 4280 proi)
1090 4223 1139 4267 etr.
1157 4218 1266 4268 oniam:
1286 4232 1378 4267 nornen
1392 4217 1582 4282 appellationum

278 4309 309 4319 —-
328 4283 366 4332 sin
384 4282 544 4332 nominatioo
563 4280 584 4330 B
619 4285 725 4333 altem
743 4286 858 4332 ‘nomen'
877 4289 937 4333 onie
954 4298 987 4348 ap
1009 4283 1138 4333 ellatinum
1158 4285 1245 4335 nm.A
1316 4287 1348 4335 lo
1367 4285 1470 4334 nomine
1488 4285 1583 4350 plora—

276 4349 333 4399 iiter
352 4349 414 4400 baec
432 4365 550 4413 nomena,
569 4350 673 4400 omissis
691 4364 798 4400 nastrum
816 4351 963 4400 nominibus
982 4298 1006 4399 ii
1073 4351 1105 4401 18
1123 4351 1254 4402 Nominum
1271 4354 1389 4404 elecebrae
1406 4355 1428 4404 is
1446 4359 1484 4404 est
1496 4355 1524 4403 io
1538 4355 1579 4405 B:

277 4433 385 4483 gromen
403 4419 498 4484 lugneo
517 4415 652 4482 (inguenne)
678 4417 756 4470 limen
779 4431 879 4467 carmen
903 4417 997 4468 llomen
1020 4427 1117 4470 stamen
1142 4421 1226 4470 oimno
1252 4420 1336 4470 lrrmen
1359 4435 1466 4470 nnrrmeu
1490 4421 1579 4472 lamen

276 4484 389 4536 bitumen
407 4495 534 4536 certamen
553 4485 667 4536 loramen
686 4495 711 4536 et
727 4487 769 4537 his
788 4485 1013 4548 similiaisemilin)
1066 4489 1098 4538 19
1110 4486 1246 4538 lundameo
1262 4486 1326 4552 iiiiii
1377 4491 1409 4538 21
1428 4503 1533 4554 grenreu
1556 4493 1577 4539 Α

277 4553 310 4602 22
328 4564 357 4603 ut
373 4569 487 4604 mormnr
504 4551 573 4606 nori.
592 4555 641 4604 hon
659 4568 772 4605 murmur
789 4553 866 4604 hunius
884 4555 1033 4614 marmoris,
1052 4553 1112 4604 huin
1129 4557 1251 4606 marmori
1270 4563 1319 4607 ete.
1334 4557 1445 4622 (semper
1457 4571 1472 4606 n
1481 4572 1533 4622 pro
1548 4561 1581 4620 n)

277 4621 375 4672 narbam
391 4623 496 4688 reliquia
513 4629 540 4673 et
557 4635 659 4673 connum
676 4621 852 4674 nominiiinaB
920 4623 954 4673 28
971 4621 1058 4687 inlgnr
1076 4622 1119 4670 ΑΒ
1171 4623 1280 4690 sulphor
1297 4623 1377 4676 omo
1430 4624 1511 4675 iemnr
1531 4626 1580 4676 ΑΒ

278 4700 389 4736 marmor
406 4703 482 4738 eruor·
499 4705 543 4739 nor
561 4705 608 4756 par
626 4691 703 4739 robor
721 4691 799 4740 robur
817 4690 894 4740 rubor
911 4691 943 4740 de
961 4690 1052 4740 arbore
1068 4691 1102 4740 de
1120 4691 1214 4741 uirtute
1230 4691 1263 4740 de
1279 4691 1375 4743 colore.
1400 4693 1461 4742 item
1481 4705 1579 4745 nomen

277 4763 317 4802 est
334 4765 450 4804 ueriti-nm
469 4757 557 4807 etnli
609 4759 641 4808 29
660 4759 785 4821 gottnrb
855 4761 889 4809 30
907 4759 1073 4820 nominatius,
1092 4759 1210 4823 genetiuo
1229 4767 1276 4810 etc.
1295 4759 1380 4812 omli
1449 4761 1481 4812 ³1
1501 4775 1581 4814 mao-

278 4820 345 4884 telia,
363 4821 464 4872 montell
484 4823 504 4872 B
573 4826 606 4876 82
623 4825 727 4875 mantile
745 4825 876 4890 pluraliter
894 4824 913 4873 B
966 4825 1135 4889 nominatino,
1153 4828 1273 4891 genetiuo
1290 4835 1339 4879 etc.
1359 4841 1407 4879 nra·
1426 4826 1458 4910 ii
