3346 5558
295 381 337 446 66
810 381 878 434 Aes
896 381 1072 434 Anourus

295 597 328 652 ut
349 587 444 656 llere:
470 585 627 667 aliquando
650 585 725 648 duae
747 589 862 667 speeies
885 587 1039 656 accidunt,
1064 587 1121 647 boc
1144 595 1189 647 est
1212 605 1378 666 cognomen
1401 607 1605 668 praenomen,

295 697 328 770 pt
355 689 462 752 Sextus
489 688 623 750 Roscius.
673 687 837 768 Aliquando
865 697 927 750 tres
954 691 1083 769 species,
1118 699 1150 752 ut
1177 689 1299 751 Publius
1328 689 1471 770 Virgilius
1499 692 1604 760 Maro:

295 791 454 872 aliquando
482 798 620 868 quattuor
641 793 773 871 species,
805 799 836 852 ut
858 789 979 852 Publius
1002 791 1158 854 Cornelius
1181 791 1281 870 Scipio
1302 791 1472 854 Africanus.
1524 793 1606 854 llaec
1662 795 1663 844 l

296 895 374 954 enim
402 899 541 972 quattuor
569 893 686 954 nomina
715 911 792 954 uuus
819 892 908 954 bomo
938 892 1040 956 babuit
1067 894 1145 955 idest
1167 894 1278 974 Scipio.
1324 894 1409 955 Scias
1438 902 1545 956 tamen
1574 898 1604 955 io
1662 881 1663 952 l

295 995 351 1057 lrac
384 995 528 1057 uarietate
561 996 749 1078 propriorum
784 995 954 1065 nominum,
988 994 1082 1076 quod,
1119 996 1144 1054 si
1171 994 1236 1056 aliis
1265 993 1426 1076 speciebus
1456 999 1630 1064 camerino

294 1097 373 1158 idest
394 1097 588 1177 praenomine
611 1097 730 1158 nomine
753 1099 924 1176 agnomine,
949 1115 1109 1176 numquam
1126 1099 1303 1176 cognomine
1320 1096 1449 1166 carebit,
1473 1105 1510 1158 ut
1535 1109 1607 1159 sunt
1662 1079 1663 1102 ¹

295 1200 415 1283 propria
438 1199 557 1262 nomina
582 1199 726 1260 montium
750 1206 780 1259 et
802 1199 956 1261 lluminum
980 1207 1009 1259 et
1031 1200 1183 1261 ciuitatum
1201 1197 1407 1292 etmultorum
1430 1199 1605 1269 hominum,
1662 1201 1663 1206 ’

294 1318 371 1380 quae
400 1319 460 1362 non
486 1296 601 1362 habent
627 1301 683 1363 nisi
711 1304 917 1380 cognominata
946 1299 1105 1370 uocabula,
1136 1309 1169 1362 ut
1193 1300 1285 1362 llorna
1309 1300 1459 1363 Caucasus
1481 1301 1607 1363 Tiberis

295 1401 387 1464 Dauid
404 1401 544 1465 Salomon
561 1409 592 1463 et
605 1410 719 1473 cetera:
744 1413 773 1464 et
788 1389 867 1465 aliud
889 1404 965 1465 scias
985 1393 1017 1463 in
1040 1401 1096 1463 hac
1118 1405 1261 1464 uarietate
1283 1405 1475 1484 propriorum
1500 1406 1604 1465 norni-

295 1523 382 1581 num,
412 1503 506 1586 quod,
535 1505 561 1564 si
589 1522 666 1567 unus
695 1503 783 1566 bomo
806 1503 984 1583 plusquam
1008 1512 1148 1582 quattuor
1168 1504 1313 1566 uocabula
1336 1504 1491 1576 habuerit,
1526 1523 1606 1586 qrrae
1621 1523 1642 1556 ιο
1662 1533 1663 1546 ¹

293 1607 437 1677 diximus,
470 1624 653 1687 praenomen
687 1625 796 1668 nomen
831 1625 996 1686 cognomen
1029 1624 1192 1685 agnomen,
1227 1614 1259 1666 ut
1291 1605 1413 1668 Publius
1442 1607 1607 1668 Cornelius

294 1710 394 1790 Scipio
422 1709 578 1770 Airicanus
607 1708 804 1770 Numantinus
833 1707 1014 1770 Aemilianus
1043 1708 1126 1786 (baec
1155 1709 1234 1769 enim
1265 1727 1317 1770 sex
1345 1711 1466 1770 nomina
1496 1709 1605 1789 Scipio

293 1811 375 1874 solus
407 1809 536 1890 habuit),
570 1811 622 1874 sed
652 1821 749 1874 tamen
779 1829 838 1872 non
867 1809 1080 1890 multiplicatur
1109 1829 1251 1873 numerus
1278 1813 1446 1891 specierum
1477 1821 1606 1889 praeter

293 1922 446 1995 quattuor,
477 1913 528 1975 sed
558 1914 708 1992 agnomini
731 1911 941 1993 adplicabitur,
970 1913 1027 1973 boc
1050 1921 1096 1974 est
1117 1911 1154 1973 ab
1177 1922 1258 1983 actor,
1289 1921 1323 1974 ut
1343 1913 1551 1975 Numantinus
1575 1923 1605 1972 et

293 2015 473 2079 Aemilianus
496 1992 592 2076 (licius
615 2024 660 2077 est
682 2015 856 2096 Scipio,'eo
878 2013 957 2095 quod
981 2014 1168 2076 Numantiam
1192 2023 1220 2075 et
1241 2014 1396 2075 Aemiliam
1426 2014 1604 2092 provincias
1620 2027 1641 2064 ¹³

294 2120 374 2180 uicit.
419 2118 452 2179 ln
480 2116 527 2179 his
554 2134 626 2195 ergo
648 2124 787 2197 quattuor
809 2115 983 2196 speciebus,
1013 2133 1087 2194 quas
1109 2116 1250 2186 diximus,
1279 2134 1463 2196 praenomen
1488 2135 1604 2177 nomen

296 2237 462 2298 cognomen
484 2235 645 2298 agnomen,
670 2217 913 2297 interrogandum
936 2224 994 2288 est,
1017 2226 1116 2278 utrum
1133 2219 1206 2279 baec
1222 2219 1341 2279 nomina
1357 2219 1513 2298 primitiua
1531 2229 1606 2279 sunt

294 2329 345 2382 aut
360 2319 526 2381 diriuatiua.
557 2321 627 2381 Sine
643 2320 734 2382 dubio
750 2320 906 2382 diriuatiua
924 2328 993 2382 sunt
1009 2339 1024 2379 a
1041 2320 1140 2381 uerbis
1156 2339 1320 2400 praenosco
1336 2338 1428 2382 nosco
1447 2338 1605 2398 cognosco

294 2439 436 2500 agnosco,
466 2421 522 2482 lroc
552 2428 597 2482 est
624 2421 661 2482 ab
683 2422 831 2484 influitiuo
859 2423 960 2483 tuturo
983 2430 1159 2502 praenotum
1183 2425 1227 2482 ire
1251 2429 1352 2483 notum
1375 2423 1420 2484 ire
1442 2425 1603 2501 cognitum

294 2526 338 2585 ire
361 2525 493 2602 agnitum
515 2526 573 2585 ire:
598 2522 712 2585 abiecta
735 2525 780 2585 ire
803 2532 833 2584 et
854 2532 965 2585 mutata
989 2532 1051 2585 tum
1067 2523 1177 2604 syllaba
1194 2527 1223 2585 in
1241 2543 1308 2585 men
1331 2526 1443 2585 iaciunt
1465 2543 1605 2603 praeno·
1620 2537 1642 2574 a·

295 2643 361 2686 men
384 2641 491 2687 nomeu
513 2643 678 2705 cognomen
702 2643 859 2705 agnomen.
896 2624 937 2686 lle
954 2625 1000 2688 bis
1023 2645 1095 2706 ergo
1117 2635 1256 2707 quattuor
1278 2625 1435 2707 speciebus
1457 2630 1604 2707 proprio-

293 2745 360 2789 rum
384 2727 536 2790 nominum
560 2728 776 2790 Priscianus
807 2729 942 2805 exposuit
970 2727 1085 2788 dicens:
1113 2728 1332 2790 Inuenimus
1362 2745 1450 2806 ergo
1480 2728 1603 2789 multa

293 2830 330 2890 in
358 2828 417 2892 bis
443 2836 620 2909 quattuor
644 2826 846 2911 speciebus
868 2831 1110 2908 propriorum
1133 2831 1321 2891 nominum
1345 2831 1508 2891 inuicem
1531 2850 1605 2910 pro

293 2952 331 2993 se
354 2934 476 3013 posita
500 2943 536 2994 et
558 2952 649 3015 quaa
672 2935 709 2995 in
732 2930 817 2993 aliis
838 2932 1017 3012 personis
1039 2940 1123 2992 stunt
1144 2933 1406 3012 praenomina,
1438 2929 1533 2992 baec
1565 2935 1603 2992 in

293 3035 380 3097 allis
407 3035 491 3097 loco
519 3038 706 3098 nominum
735 3035 992 3115 accipiuntur,
1024 3042 1062 3094 ut
1084 3033 1252 3095 ‘Tullius
1281 3032 1507 3094 Seruilius':
1539 3033 1641 3094 hicet·

293 3135 480 3199 ‘Tullius’
504 3155 732 3218 praenomen
760 3145 832 3205 est:
863 3135 1009 3216 quando
1032 3143 1153 3196 autem
1177 3135 1321 3197 elicitur
1343 3135 1486 3196 Marcus
1509 3135 1603 3197 'l'ul-

292 3238 380 3315 lius,
404 3239 551 3302 llarcus
573 3257 800 3318 praenomen
824 3245 892 3307 est,
918 3236 1174 3299 Tulliusuero
1196 3256 1325 3298 nomen
1350 3243 1419 3307 est;
1436 3232 1485 3320 [ll.
1504 3234 1567 3299 81·
1585 3235 1597 3320 ll

293 3348 327 3401 ot
355 3343 392 3402 ln
420 3341 507 3404 aliis
540 3341 622 3402 loco
650 3343 909 3422 cognominum
940 3339 1100 3401 aliorum
1129 3341 1327 3417 agnomina
1355 3346 1452 3400 suot.
1504 3338 1602 3400 Prae·

293 3461 402 3504 nomen
426 3453 484 3514 est,
509 3442 588 3524 quod
611 3439 806 3523 praeponitur
820 3441 867 3504 uel
884 3442 1066 3504 dillerentiae
1089 3458 1191 3512 causa,
1217 3440 1264 3502 uel
1288 3441 1366 3518 quod
1390 3459 1426 3502 eo
1449 3448 1601 3522 tempore,

293 3564 351 3623 quo
374 3544 501 3607 Sabinos
524 3545 650 3607 Romani
678 3544 902 3625 adscripserunt
917 3544 1057 3612 ciuitati,
1087 3542 1123 3602 ad
1152 3543 1384 3604 confirmandam
1408 3543 1600 3605 coniunctio·
1615 3557 1639 3593 δι

293 3665 362 3708 uem
390 3649 509 3710 nomina
538 3646 657 3709 illorum
688 3646 749 3707 suis
772 3644 939 3708 nominibus
960 3645 1185 3726 praeponebant
1207 3654 1237 3706 et
1258 3646 1388 3706 inuicem
1412 3643 1514 3705 Sabini
1538 3645 1602 3706 llo·

293 3766 450 3810 manorum
480 3751 597 3811 nomina
625 3747 681 3810 sibi
705 3745 937 3828 praeponebant.
982 3747 1025 3807 lix
1047 3746 1098 3808 illo
1121 3755 1255 3828 tempore
1279 3745 1464 3808 consuetudo
1487 3751 1600 3817 tenuit,

294 3856 326 3910 ut
359 3866 447 3918 neum
475 3849 626 3939 liomanus
660 3851 700 3911 sit
731 3848 844 3930 absque
878 3850 1081 3930 praenomine.
1132 3850 1248 3912 Nomen
1283 3858 1328 3911 est
1354 3851 1476 3930 proprie
1505 3851 1600 3910 unius

293 3953 452 4031 cuiusque,
478 3961 509 4015 ut
527 3953 635 4016 Paulus
658 3959 688 4013 et
710 3959 823 4026 cetera,
848 3968 1012 4030 cognomen
1035 3959 1132 4013 autem
1156 3953 1342 4031 cognationis
1365 3968 1538 4020 commune,
1565 3960 1601 4012 ut

292 4055 392 4136 Scipio
415 4053 544 4118 familiae
566 4057 630 4118 elus
652 4071 817 4133 cognomen
841 4051 907 4113 luit.
945 4052 994 4112 Sic
1016 4061 1045 4114 et
1060 4053 1215 4115 Cornelius
1231 4063 1260 4115 et
1275 4052 1443 4115 Marcellus,
1481 4051 1599 4112 Omnes
1612 4069 1637 4108 ac

293 4160 372 4220 enim
396 4157 433 4220 ab
457 4157 521 4234 illo,
545 4159 595 4235 qui
619 4158 733 4237 primus
755 4153 911 4217 Cornelius
933 4154 1003 4224 luit,
1027 4153 1085 4216 hoc
1108 4174 1215 4218 nomen
1238 4155 1416 4216 babuerunt.

295 4345 522 4355 ‚.....-——--

362 4479 519 4531 lacceduut
587 4474 1011 4544 tiquodni]1lrr:quodetsil
1090 4473 1381 4546 inonrinemoutium]
1407 4479 1595 4530 nominantium

293 4549 374 4614 Sqnl
424 4562 516 4598 caucos
586 4550 617 4598 ll
636 4546 770 4598 emilianus
840 4549 872 4598 ts
889 4547 1040 4613 multiplicat
1057 4563 1187 4598 numerum
1258 4550 1290 4599 lb
1308 4549 1469 4598 numensiam
1485 4559 1514 4610 ,ec
1531 4551 1596 4598 enri-

294 4616 355 4666 liam
425 4617 456 4667 18
475 4631 491 4666 a
510 4616 593 4667 uerbis
612 4629 739 4681 prenosco
814 4617 846 4666 19
868 4629 1004 4682 prenorum
1089 4618 1123 4668 20
1140 4616 1238 4666 adiecta
1257 4632 1284 4666 re
1302 4618 1338 4666 ire
1355 4627 1381 4666 et
1398 4628 1522 4666 mutatum
1541 4618 1596 4682 syl·

293 4682 351 4734 labe
414 4687 446 4735 et
465 4699 557 4735 nomen
575 4699 623 4735 om.
693 4685 726 4733 22
744 4681 901 4750 Priscianus]
919 4684 936 4734 1
954 4701 981 4751 p.
1000 4689 1070 4741 58st
1088 4685 1124 4735 H.
1193 4687 1227 4734 et
1245 4685 1399 4750 pronomina
1467 4685 1500 4735 28
1520 4701 1596 4751 prae-

294 4752 396 4802 nomine
413 4753 481 4816 quod
533 4766 688 4819 praenomen
707 4748 758 4818 est]
777 4753 907 4806 Priscian
926 4753 952 4818 Ι,
969 4769 997 4818 p.
1016 4757 1058 4816 ⁵7,
1072 4755 1106 4802 13
1173 4754 1207 4803 29
1225 4751 1366 4802 differentis
1435 4754 1468 4802 30
1485 4757 1594 4804 souinos

292 4822 323 4870 31
342 4821 445 4869 suauini
514 4823 547 4871 33
567 4818 663 4870 Nomen
683 4822 731 4880 est]
749 4821 784 4884 cs.
805 4821 932 4874 Priscian
951 4821 976 4886 1,
987 4837 1014 4886 p.
1028 4823 1068 4884 58,
1083 4823 1113 4869 4:
1132 4821 1263 4870 Prisciani
1279 4820 1358 4870 cerba
1376 4821 1416 4870 laic
1434 4821 1485 4872 illic
1501 4823 1596 4872 leuiter

291 4893 470 4940 mulctarunt.
