3354 5580
306 345 371 410 222
701 343 938 396 conuenerit
956 341 1197 394 nta‘smncrtsn

306 535 455 603 dicontur,
479 551 555 611 quae
579 539 607 592 et
630 533 775 592 maximae
797 539 867 591 sunt
889 539 919 590 et
940 531 971 589 in
993 529 1085 590 initiis
1106 527 1250 591 librorum
1273 528 1456 594 scribuntur.
1501 531 1588 592 [lictae
1655 508 1661 633 Ι

307 645 406 697 autem
429 633 576 704 unciales,
601 653 637 694 eo
659 632 739 714 quod
761 632 832 692 olim
856 632 941 692 uneia
964 633 1027 692 aori
1043 651 1059 692 a
1075 631 1219 693 diuitibus
1240 631 1490 714 appenderentur.
1525 635 1589 694 Soot
1655 662 1662 739 p

307 749 337 798 et
358 735 435 797 aliae
457 735 623 814 longan'ae,
647 751 723 812 quac
745 740 775 794 et
797 731 902 810 longae
925 751 1030 793 manus
1052 735 1198 811 scriptura
1221 732 1370 804 dicuutur,
1393 733 1507 794 Graece
1526 753 1588 795 uero

307 835 470 918 cdppcru.
505 836 582 897 Sunt
603 843 633 895 et
654 845 771 904 tonsae,
795 853 868 913 quas
891 833 987 895 Soottl
1010 837 1040 895 io
1063 853 1119 896 usu
1143 833 1263 895 babent.
1301 835 1377 895 Sunt
1399 837 1488 896 eliam
1509 835 1588 912 uirgi·
1659 860 1663 869 ·

307 941 364 1001 liae
379 957 403 1007 ,a
427 940 521 1016 uirgis
542 938 648 998 dictae.
1599 957 1604 966 ·

222 1065 294 1112 κω
369 1040 538 1101 ‘Littera
562 1045 617 1099 est
640 1057 727 1118 pars
749 1037 908 1098 minima.
954 1035 1121 1098 Notandum
1144 1045 1257 1105 autem,
1282 1035 1331 1096 bic
1354 1037 1500 1100 allouato
1522 1038 1588 1098 litte·

308 1161 372 1204 ram
400 1161 455 1222 pro
483 1140 631 1202 elemento
659 1157 724 1200 esse
752 1138 861 1198 dictam
890 1155 973 1199 more
1001 1141 1202 1218 antiquorum.
1246 1139 1365 1216 Antiqui
1387 1141 1466 1200 enim
1487 1138 1589 1200 litteras

309 1252 495 1306 uocauerunt
517 1241 675 1308 elementa,
698 1259 733 1300 ec
756 1239 835 1320 quod
857 1239 893 1300 ad
917 1238 1142 1300 similitudinem
1165 1237 1268 1300 mnndi
1289 1237 1514 1314 elementorum,
1536 1241 1590 1320 qui·

309 1345 365 1406 bus
387 1363 512 1422 corpora
535 1345 715 1410 consistunt,
740 1339 897 1402 litteralem
920 1343 1033 1402 iaciunt
1054 1358 1169 1402 uocem.
1214 1340 1299 1402 titud
1323 1349 1368 1402 est
1390 1344 1470 1403 enirn
1492 1341 1589 1410 littera,

308 1467 383 1528 qnae
406 1445 535 1512 uidetur,
558 1453 587 1505 et
609 1442 687 1504 aliud
711 1441 790 1520 quod
813 1461 867 1522 per
890 1461 953 1503 eam
977 1441 1127 1520 colligitur
1142 1443 1220 1503 idest
1235 1441 1425 1503 elementum.
1459 1443 1617 1504 Videlicetn

308 1569 364 1610 uox
392 1566 468 1628 quae
495 1565 549 1626 per
577 1545 705 1606 litteram
736 1543 909 1622 designatur
936 1544 1010 1605 idest
1039 1542 1192 1604 indiuidua
1216 1553 1343 1624 potestas
1366 1553 1395 1606 et
1418 1547 1464 1605 uis
1485 1547 1590 1606 litterae

308 1653 372 1731 ipsa
395 1650 599 1730 pronuntiatio
622 1651 753 1707 uocatur.
799 1645 861 1706 lloc
884 1655 997 1716 autem,
1020 1645 1099 1726 quod
1124 1645 1253 1722 uidetur,
1276 1644 1374 1707 littera
1398 1654 1444 1706 est
1465 1653 1495 1705 et
1510 1647 1591 1723 tigrna

308 1761 395 1832 atque
428 1757 496 1811 nota
527 1749 575 1810 uel
603 1747 758 1808 character
786 1757 836 1806 aut
864 1745 970 1808 domus
999 1747 1148 1809 elementi.
1193 1747 1285 1826 Igitur
1307 1750 1331 1808 sl
1355 1746 1532 1808 elementum
1554 1756 1591 1806 est

309 1871 377 1932 pars
401 1853 522 1912 mittlma
551 1851 633 1910 uocis
660 1847 849 1917 articulatae,
880 1847 966 1916 illud,
997 1848 1075 1927 quod
1109 1857 1252 1918 remanet,
1283 1858 1351 1909 nota
1380 1856 1426 1909 est
1453 1847 1590 1909 elementi.

308 1955 471 2022 llinima,
501 1953 567 2031 quia
591 1951 674 2030 quasi
697 1957 813 2011 atomus
836 1959 889 2010 est.
933 1953 1055 2012 Amnius
1077 1959 1176 2011 autem
1198 1949 1306 2010 dicitur
1328 1949 1470 2030 quicquid
1492 1949 1621 2032 indiuisa

308 2055 394 2117 sibile
423 2062 476 2116 est.
525 2047 615 2133 Τομή
644 2054 722 2113 cuim
751 2069 858 2129 graece
886 2053 1000 2112 incisio.
1053 2051 1140 2112 Verbi
1168 2053 1260 2130 gratia
1289 2049 1367 2112 liber
1399 2051 1542 2113 diuiditur
1567 2052 1592 2110 in

308 2158 485 2225 sententias,
514 2156 678 2217 sententiae
707 2155 738 2214 in
767 2163 880 2232 partes,
908 2161 1010 2233 partes
1038 2155 1068 2214 in
1096 2151 1237 2233 syllabas,
1268 2151 1397 2232 syllabae
1425 2156 1456 2214 in
1479 2155 1592 2220 litteras,

308 2257 426 2320 litterae
454 2275 527 2318 uero
556 2253 753 2316 indiuisibiies
780 2265 911 2316 manent.
956 2254 1064 2316 Vocis
1090 2253 1324 2317 articulatae.
1370 2255 1435 2316 Non
1463 2255 1533 2316 dicit
1553 2256 1592 2313 in·

309 2359 494 2426 articulatae,
519 2357 570 2418 sed
594 2357 685 2426 illius,
719 2374 794 2437 quae
817 2355 924 2418 litteris
952 2357 1162 2436 comprehendi
1191 2364 1298 2437 potest.
1341 2355 1515 2427 Quaeritur,
1544 2371 1592 2414 cur

311 2461 439 2522 Hortalus
466 2457 680 2538 superlatiuum
710 2459 833 2536 gradum
862 2461 1002 2535 gestetiuo
1030 2458 1172 2536 singulari
1200 2457 1335 2518 adiunxit
1363 2459 1393 2518 in
1422 2457 1478 2519 boc
1499 2459 1622 2519 dicensu

309 2565 391 2640 ‘pars
415 2563 535 2621 nrinima
559 2561 665 2629 uocis’,
689 2579 754 2620 cunr
778 2560 913 2638 superius
936 2559 1016 2621 iilum
1039 2563 1179 2640 gestetiuo
1201 2559 1309 2641 plurali
1332 2561 1512 2636 iungendum
1535 2575 1592 2619 csse

312 2663 428 2722 dixerit.
475 2661 532 2720 Sed
556 2663 596 2721 ita
618 2660 842 2738 intelligendum
866 2670 924 2732 cst,
950 2671 981 2724 ut
1008 2662 1138 2724 dicatur:
1179 2661 1286 2723 Littera
1317 2671 1361 2723 est
1388 2681 1458 2740 pars
1480 2663 1592 2722 tuirtima

307 2763 421 2824 seilicet
449 2765 575 2842 {sarlium
606 2764 688 2823 uocis
715 2761 897 2824 articulatae.
943 2762 1168 2824 Litterarum
1196 2763 1293 2824 aliae
1321 2770 1408 2830 sunt
1437 2762 1592 2826 uocales.

308 2866 387 2926 llaec
414 2865 521 2925 diuisio
547 2865 643 2944 prima
667 2872 696 2925 et
718 2863 891 2943 principalis
920 2871 974 2926 est.
1017 2865 1117 2926 Primo
1150 2867 1230 2926 enim
1261 2865 1434 2926 diuiduntur
1468 2867 1498 2925 in
1527 2865 1592 2923 duas

309 2975 408 3048 {cartes
437 2968 514 3029 idest
540 2969 569 3026 in
600 2965 718 3026 uocales
746 2975 775 3025 et
803 2974 1024 3061 consonantesp
1055 2967 1194 3046 Sequitur
1223 2984 1296 3027 uero
1324 2966 1455 3027 secunda
1483 2967 1623 3032 dinisius

209 3085 384 3147 aca‚10qnae
408 3076 437 3130 et
458 3068 622 3130 subdiuisic
645 3077 768 3128 uocatur
789 3067 839 3128 ubi
862 3068 916 3128 ait:
951 3067 1244 3130 consonantium
1268 3067 1362 3129 aliae
1384 3076 1482 3129 sunt.
1526 3067 1592 3127 Sunt

258 3206 262 3214 ·
307 3189 379 3250 ergo
402 3170 564 3273 diuis'pones
586 3170 661 3230 ditae
685 3169 849 3230 litterarum
874 3179 903 3230 et
924 3177 986 3230 tres
1014 3176 1127 3248 parles,
1156 3169 1235 3230 idest
1261 3168 1379 3231 uocales
1407 3167 1593 3230 semiuocales

308 3280 338 3334 ct
359 3279 484 3367 mutans
512 3270 631 3332 Vocales
653 3280 751 3333 autem
775 3290 790 3331 a
814 3270 947 3331 nocendo
969 3271 1108 3332 dicuntur
1130 3271 1177 3332 uel
1193 3291 1208 3332 a
1224 3289 1314 3340 uoce,
1338 3290 1374 3331 eo
1389 3271 1468 3350 quod
1491 3289 1543 3351 per
1564 3287 1593 3329 se

307 3375 440 3455 prolatae
462 3373 579 3454 plenam
602 3375 712 3434 iaciant
735 3391 850 3434 uocem.
889 3373 1093 3434 Consonantes
1116 3392 1189 3436 uero
1212 3372 1361 3442 dicuutur,
1385 3393 1420 3433 eo
1436 3375 1514 3453 quod
1530 3389 1592 3432 curn

307 3475 458 3538 uocalibus
482 3477 594 3554 positae
616 3474 702 3537 sinuli
725 3484 840 3537 sonant.
885 3473 1084 3546 Semiuucales
1105 3493 1239 3554 quoque,
1264 3495 1322 3537 non
1344 3476 1422 3556 quod
1445 3474 1623 3536 dimidiumo

306 3597 410 3640 sonum
444 3576 586 3648 habeant,
620 3578 670 3639 scd
700 3580 766 3658 quia
795 3595 849 3657 per
877 3595 909 3638 se
938 3579 1002 3637 sine
1031 3575 1184 3640 noualibus
1213 3578 1377 3658 perlectum
1406 3595 1511 3637 sonum
1538 3593 1592 3636 non

307 3679 431 3750 liabent,
461 3681 538 3740 sicut
565 3679 694 3741 dicimus
720 3679 867 3740 semideos
890 3687 919 3740 ct
941 3679 1110 3748 semiuiros,
1140 3698 1200 3740 nun
1229 3678 1307 3758 quod
1330 3678 1444 3740 dimidii
1466 3678 1506 3740 dii
1528 3680 1591 3742 sint.

307 3781 359 3842 sed
376 3783 443 3861 quia
460 3782 585 3861 perlecti
601 3800 660 3843 non
676 3790 754 3842 sunt.
786 3779 1006 3842 ‘Serniuucalls’
1024 3788 1121 3842 autem
1144 3781 1340 3860 compositum
1358 3790 1453 3842 estex
1469 3781 1593 3845 nominc.

305 3881 384 3963 quod
414 3892 459 3945 est
486 3885 576 3944 sends
603 3884 747 3952 scudasia,
782 3891 812 3944 et
839 3881 964 3973 uocalisl
1003 3881 1100 3943 Semis
1127 3901 1200 3942 uero
1228 3891 1274 3944 est
1295 3882 1419 3944 alicuius
1441 3899 1592 3944 mensurae

306 3984 481 4046 dimidietas.
514 3985 610 4046 Mutae
633 3987 720 4046 etiam
744 3984 893 4055 dicuntur,
917 4002 976 4044 non
1000 3984 1080 4062 quod
1096 3986 1213 4064 penitus
1236 3993 1359 4045 careant
1379 4003 1463 4052 uocc,
1486 3985 1536 4046 sed
1558 3980 1623 4042 adas

306 4087 557 4167 comparationem
580 4087 726 4148 uocalium
750 4095 848 4149 mutae
871 4097 950 4158 sunt,
972 4087 1048 4146 sicut
1071 4095 1184 4148 uitttnm
1209 4086 1356 4147 bominem
1380 4085 1515 4155 dicimus,
1538 4102 1592 4145 non

305 4189 384 4270 quod
408 4187 557 4250 locutione
580 4207 701 4268 prorsus
723 4197 840 4258 careat,
866 4188 918 4250 sed
941 4189 977 4250 ad
1000 4191 1253 4269 comparationem
1277 4187 1451 4268 eloquentis.
1495 4187 1591 4249 Deler-

306 4311 382 4353 rnern
407 4310 523 4372 quoque
547 4289 673 4353 dicimus
696 4287 709 4374 d
729 4288 788 4352 145
808 4288 820 4374 ll
845 4291 1009 4361 mulierem,
1038 4309 1098 4352 non
1120 4291 1198 4370 quod
1222 4291 1285 4352 sine
1307 4291 1402 4351 lorma
1425 4297 1517 4360 esset,
1545 4286 1592 4349 sed
1664 4315 1665 4380 p

305 4391 381 4454 maie
413 4393 537 4454 lcrmata
570 4401 615 4454 est
642 4395 673 4455 in
702 4396 926 4473 comparatione
958 4392 1094 4454 mulieris
1126 4393 1203 4456 bene
1236 4394 1390 4455 formatae.
1435 4391 1590 4452 Sciendum

304 4563 348 4572 -—-

371 4685 387 4732 3
405 4698 479 4747 grece
547 4685 564 4733 4
581 4679 685 4750 tonsae]
705 4693 795 4734 tuusne
883 4686 913 4736 ta
930 4695 1042 4734 caracter
1129 4687 1160 4736 to
1177 4683 1296 4733 atbomus
1365 4682 1485 4732 athomos
1565 4680 1592 4730 ld
1664 4735 1665 4748 χ

303 4749 390 4798 tiromc
458 4753 554 4832 diruitur
621 4755 652 4802 21
672 4749 803 4832 superius]
822 4769 850 4817 p.
869 4755 929 4812 355,
949 4755 983 4804 13
1002 4752 1029 4802 K
1097 4755 1131 4804 ΞΒ
1147 4753 1197 4802 aliu
1216 4763 1254 4802 est
1330 4753 1363 4804 29
1381 4753 1500 4802 dicontur
1516 4765 1591 4816 supro
1664 4769 1665 4844 p

303 4819 394 4868 lineam
461 4821 495 4870 ti
513 4821 548 4870 dn
564 4835 645 4886 snpra
662 4823 753 4872 teneura
