3352 5556
609 385 798 439 SERGIANA.
1233 407 1352 455 CXCVII

72 571 209 632 Etunum
234 572 362 634 uerbum
384 573 490 644 reicio,
513 582 545 634 ut

263 675 376 736 Reice
398 694 443 738 ne
464 675 626 738 maculis
648 679 810 740 infuscet
833 677 980 742 uellera
1002 678 1130 760 pullis.

72 777 171 838 Omnes
194 778 417 838 interiectioaes
440 780 465 839 si
488 778 709 860 monosyllabae
732 780 861 851 luerint,
885 781 1099 862 producuntur,
1125 791 1158 845 ut
1179 781 1253 852 heu:
1277 793 1355 847 cete·

72 898 112 939 tae
133 897 207 939 uero
229 883 368 958 exemplo
383 880 523 942 similium
539 885 668 960 partium
684 885 825 944 orationis
842 884 1042 945 aestimandae
1056 895 1133 946 suut.
1169 885 1241 947 ltem
1266 887 1357 949 inter·

55 982 203 1040 ttationes
218 999 332 1048 omines,
356 989 388 1042 ut
403 982 587 1044 Audacius
610 984 657 1052 ait,
674 1004 750 1066 quae
766 985 803 1046 de
819 985 933 1047 Graeco
948 1004 1086 1047 sermone
1102 990 1230 1049 mutuati
1245 1006 1355 1060 sumus,

72 1083 126 1143 ideo
147 1085 178 1144 iu
202 1085 373 1144 nouissimis
396 1083 514 1163 syllabis
536 1087 686 1164 fastigium
702 1088 832 1168 capiunt,
858 1097 890 1149 ut
906 1107 1000 1169 papae
1015 1097 1096 1150 attat.
1142 1089 1253 1152 Eodem
1269 1091 1357 1152 modo

72 1193 235 1248 etceterae
264 1183 400 1246 similiter
428 1190 476 1247 uet
497 1195 618 1248 actuum
647 1188 694 1248 uel
723 1189 948 1252 circumflexum
978 1192 1009 1250 iu
1037 1189 1141 1252 ultimo
1164 1202 1286 1255 sumunt
1307 1211 1355 1254 ac·

71 1296 186 1349 tentum.

128 1565 239 1610 lunum
259 1577 307 1612 om.
325 1559 401 1610 Beda
456 1561 594 1611 atalantam
612 1561 704 1611 uellera
724 1559 823 1629 puluis]
846 1563 1089 1630 Verp.Geot·p.II!
1104 1567 1154 1616 339
1222 1564 1355 1632 somnes]

13 1645 14 1652 ³
71 1630 104 1691 ts.
121 1630 208 1680 Seraar'i
224 1631 259 1680 de
273 1630 393 1692 finalibus
411 1647 436 1692 p.
454 1633 514 1692 455,
534 1633 617 1686 3-5:
635 1629 711 1681 Beda
728 1649 754 1695 p.
774 1634 847 1682 2363
865 1631 896 1683 P.
960 1643 987 1680 ut
1006 1631 1068 1682 heus
1087 1635 1262 1698 producuntur
1280 1633 1357 1686 Beda

13 1737 14 1740 ,
111 1713 220 1748 ceterum
240 1698 363 1747 similium
431 1699 828 1763 destiutaude}existimandae
847 1699 922 1749 Beda
995 1703 1056 1752 dut
1074 1701 1193 1752 audatius
1213 1716 1307 1764 utque
1325 1703 1357 1752 de

13 1823 14 1832 ἵ
71 1781 134 1829 greco
151 1780 273 1816 sermone
292 1765 381 1814 mutati
446 1763 586 1832 Audacius]
607 1767 724 1818 Audacia
741 1769 797 1817 aad.
816 1765 896 1818 Bern
916 1771 971 1818 333
988 1783 1055 1818 saec.
1078 1768 1236 1820 VIII—IX
1250 1772 1272 1834 s.
1292 1772 1356 1820 45⁸:

13 3955 14 3968 l

13 4007 15 4020 l

13 4121 15 4160 t

13 4179 15 4224 l

71 1836 248 1885 interiectioaes
268 1847 357 1884 omttes
375 1835 435 1896 quia
453 1835 485 1884 de
503 1849 578 1900 greco
591 1849 709 1884 sermone
727 1837 833 1884 maturati
852 1851 950 1894 sumus,
970 1835 1027 1886 ideo
1040 1838 1064 1885 itt
1085 1839 1232 1888 nouissimis
1250 1838 1355 1902 syllabis

71 1903 189 1966 fastigium
218 1905 325 1968 capiunt
350 1914 378 1950 ut
405 1919 470 1969 pape
492 1913 555 1952 attat
579 1903 627 1952 hoo
645 1903 701 1952 hem
720 1914 744 1953 et
761 1915 842 1953 cetere
864 1904 979 1952 similiter
999 1904 1038 1952 uel
1056 1915 1171 1954 secutum
1192 1907 1229 1955 atel
1248 1908 1355 1955 circum·

71 1969 153 2020 lesam
170 1972 197 2019 iu
217 1971 308 2020 ultimo
326 1981 441 2030 sumunt,
460 1971 494 2033 cf.
514 1971 580 2020 aad.
600 1971 691 2024 Herm.
711 1971 726 2020 Ι
743 1987 769 2034 p.
786 1975 843 2022 333
911 1971 1065 2038 liladgittat
1082 1973 1187 2038 capiunt
1253 1989 1322 2040 pape

70 2035 112 2088 eal
127 2040 185 2089 moll
203 2051 228 2088 et
246 2033 289 2088 cei
307 2038 379 2088 simil
395 2039 437 2088 uel
454 2039 645 2088 circumflexum
740 2041 756 2089 i
776 2039 815 2089 uel
839 2049 940 2090 actatum
965 2041 1004 2090 uel
1026 2041 1218 2092 circumflexum
1237 2042 1311 2092 Beda
1329 2049 1355 2092 et

596 2279 821 2288 --——-—---.---

145 2471 261 2529 &dem
283 2470 378 2542 iaitur
405 2484 465 2528 aon
493 2469 554 2527 atsi
568 2469 678 2544 paucis
704 2470 826 2529 mutatis
854 2469 941 2544 apud
962 2467 1080 2529 Bcdom
1097 2485 1131 2544 p.
1157 2475 1234 2526 3363
1256 2468 1290 2527 Ρ.
1313 2469 1352 2527 lc-

68 2567 223 2651 aumar.*)
270 2571 372 2646 Neque
393 2578 492 2629 tomen
516 2568 621 2629 Bedae
642 2567 740 2646 ipsius
761 2577 938 2645 excerptam
966 2573 997 2630 ia
1027 2571 1161 2630 omnibus
1188 2571 1246 2629 illis
1272 2571 1344 2629 cadi

69 2675 139 2732 cidus
165 2673 321 2748 Sardiano
347 2673 424 2732 libro
453 2673 602 2732 adiectum
631 2689 694 2732 csse
715 2672 903 2748 putabimus,
938 2673 1080 2746 quoniam
1109 2670 1227 2732 Bedant
1254 2671 1358 2731 Seruii

68 2774 154 2852 copiis
174 2773 332 2836 Iiberrim
353 2789 437 2834 ustam
459 2779 677 2852 emerendae,
705 2775 787 2850 quod
807 2775 923 2834 Kailios
944 2789 1011 2834 cum
1034 2770 1173 2841 uidisset,
1202 2776 1233 2832 in
1260 2773 1353 2833 adno-

69 2883 169 2939 tatione
190 2877 305 2939 cra‘tictt
325 2879 467 2952 opusculo
490 2874 691 2948 deductibus
711 2877 844 2950 subiecta
871 2873 915 2934 ad
935 2873 1037 2936 Seruii
1061 2876 1155 2935 derha
1184 2876 1233 2935 uel
1256 2891 1353 2934 emen·
1427 2885 1430 2888 ·

68 2983 163 3040 danda
184 2982 237 3040 uel
257 2979 442 3055 explicanda
464 2985 545 3038 recle
567 2977 683 3038 Bedam
705 2995 822 3053 quoque
843 2978 987 3038 adhibuit.
1031 2979 1140 3052 Itaque
1161 2974 1297 3038 Aaaaaa'a
1317 2978 1355 3036 de

69 3086 299 3144 aterteationam
326 3081 499 3142 accentibus
526 3081 700 3140 disserentis
727 3082 826 3154 loom,
861 3096 947 3154 quem
982 3097 1021 3140 ex
1050 3078 1137 3138 Beda
1170 3080 1354 3155 deprompsit

70 3188 173 3246 dellius
197 3185 302 3244 Herm
320 3185 381 3259 lp.
400 3189 465 3256 333,
490 3200 550 3242 aaa
572 3183 616 3240 ad
634 3181 747 3241 Bedam
770 3184 877 3258 ipseoo,
900 3183 953 3242 sed
976 3182 1019 3240 ed
1039 3183 1269 3240 commentarios
1283 3179 1352 3239 Ser-

67 3293 163 3361 qt'anos
197 3288 333 3364 pertinet
361 3285 480 3344 Bedam
513 3289 614 3343 aetate
641 3285 799 3359 aliquanto
827 3284 1048 3344 antecedentes.
1099 3282 1165 3342 Hoc
1194 3298 1266 3342 uero
1292 3299 1353 3342 noa

68 3393 130 3450 tetta
150 3390 295 3451 manenti
314 3394 357 3448 est
378 3388 421 3446 ad
442 3386 577 3447 Audacis
598 3392 724 3446 aetatem
748 3387 924 3446 accuratius
945 3387 1158 3458 detinendam.

83 3559 286 3570 ---.--——-

122 3679 146 3740 *J
166 3677 272 3731 Corruit
290 3679 368 3742 igitur
381 3675 487 3725 Lttcioui
498 3673 609 3724 Muelleri
629 3673 709 3724 nostri
722 3674 836 3736 iniquum
850 3674 881 3722 de
893 3671 975 3723 Seruii
990 3674 1032 3722 ‘tle
1045 3673 1174 3723 ilualilrus'
1189 3671 1272 3722 libello
1286 3672 1352 3720 iudi-

69 3749 212 3810 aiam‚auod
232 3747 411 3795 schedularum
436 3743 524 3793 llsoitta
546 3759 593 3790 sua
614 3758 649 3794 tm.
663 3741 713 3790 XX
730 3742 815 3796 antittl.
836 3741 955 3794 Fleckeis,
976 3743 1040 3793 1866
1060 3742 1209 3806 pddlseq.
1228 3741 1353 3799 excitasti,

70 3817 190 3878 muldam,
209 3815 255 3877 qtti
273 3830 289 3864 a
308 3813 426 3863 Muellero
445 3811 662 3878 potamiaena
680 3808 762 3860 Seruii
781 3811 852 3860 locus
870 3826 896 3874 p.
914 3811 998 3873 453st
1019 3809 1047 3868 ll,
1067 3825 1117 3859 uou
1137 3821 1162 3858 et
1179 3811 1210 3858 att
1228 3809 1278 3858 isto
1297 3821 1353 3858 eta

70 3883 123 3932 littla
140 3883 231 3935 eodem
253 3893 367 3948 tempore
384 3897 416 3930 cx
435 3880 565 3930 Prisciauo
583 3879 593 3928 l
612 3893 638 3944 p.
657 3879 706 3929 327
725 3879 754 3928 H.
772 3877 923 3943 desumptus
942 3891 992 3936 est,
1016 3878 1075 3939 quia
1095 3879 1121 3926 iu
1139 3887 1209 3926 tauta
1227 3874 1311 3924 Seruii
1329 3888 1353 3925 et

71 3950 138 4002 Baiae
150 3951 321 4003 similitudine
329 3949 453 4000 Prisciani
471 3963 528 3998 eam
547 3949 603 3997 istie
616 3947 715 3997 duobus
728 3948 907 4012 cognationem
920 3946 1013 3995 nullam
1027 3959 1149 4009 agttosco.
1176 3945 1263 4006 lanatae
1277 3943 1351 3993 uelim

71 4032 191 4085 expromat
213 4018 305 4070 sedulo
328 4019 368 4068 uir
389 4017 553 4068 doctissimus
577 4031 642 4078 quas
666 4016 772 4080 insuper
795 4015 870 4064 huius
893 4013 969 4064 libelli
989 4013 1099 4063 etltetesi
1117 4013 1221 4062 notandi
1241 4013 1352 4062 rationes

71 4089 107 4136 sibi
122 4089 256 4139 inuenisse
273 4087 346 4136 uisus
364 4097 403 4134 est
419 4086 436 4134 l.
456 4086 474 4137 l.
491 4100 516 4150 p.
535 4085 594 4136 atta.
631 4081 683 4132 Nos
706 4084 740 4134 de
764 4083 812 4132 hoo
834 4081 916 4132 Seruii
940 4082 1065 4148 opusculo
1090 4095 1139 4132 ttou
1165 4080 1237 4130 aliter
1255 4080 1352 4128 iudico-

71 4171 127 4212 mas.
144 4171 223 4220 quam
242 4156 275 4206 de
293 4154 397 4216 reliquis
415 4155 458 4216 qui
478 4152 563 4204 Seruii
581 4151 620 4201 uel
639 4151 722 4217 Sergii
741 4152 844 4201 nomine
862 4149 1073 4200 circumferuntur
1084 4149 1282 4210 commentariis,
1301 4162 1351 4196 nou

72 4225 137 4286 ipsias
154 4227 186 4276 ad
200 4235 292 4274 nostra
310 4233 426 4289 tempore
443 4223 578 4272 deuenisse
596 4219 679 4268 Seruii
697 4229 847 4285 praecepta,
870 4220 915 4269 sed
933 4217 1057 4268 Seruiana
1075 4227 1099 4268 et
1110 4233 1126 4268 a
1138 4215 1272 4282 discipulis
1291 4215 1350 4264 olim

13 4347 14 4368 Χ
73 4297 126 4340 tatae
143 4293 262 4360 exposita
282 4303 305 4340 et
324 4307 338 4340 a
358 4291 527 4356 posteriorum
546 4298 656 4338 statatum
670 4288 843 4353 grammaticis
856 4288 940 4337 deuuo
958 4297 1111 4353 pertractata
1129 4286 1230 4350 digesta
1247 4283 1349 4333 dilatata

72 4371 175 4415 mamm.
