3560 5574
354 306 418 372 304
660 307 852 361 AVCTORES
870 309 1039 362 suuntur
1057 311 1105 362 DE
1124 309 1296 362 LITTERIS
1315 310 1346 361 Α.

439 495 463 558 ll
486 503 566 559 muta
589 505 635 558 est
657 503 687 558 et
708 513 877 559 consonans
900 505 929 560 et
951 515 1134 576 superuacua
1158 517 1226 560 cum
1241 495 1314 559 aliis.
1350 497 1449 570 Quare
1465 517 1648 578 superuacua

353 599 450 684 †cum
474 599 538 662 aliis
559 597 749 660 hominibusi
778 599 852 671 Quia
876 618 951 680 opus
973 602 1037 662 eius
1059 602 1209 672 nesciunt,
1232 618 1308 681 quae
1330 598 1407 662 hanc
1429 600 1525 680 legem
1548 600 1650 662 babet:

354 706 491 786 quotiens
514 700 656 764 scribitur
679 699 719 770 li,
743 703 879 778 sequitur
901 721 932 771 a,
962 713 993 763 ut
1016 701 1181 772 llalsndae,
1212 701 1263 764 sed
1292 703 1322 763 in
1350 705 1455 783 paucis
1481 703 1651 765 nominibus

354 807 541 868 obseruatur.
587 801 670 874 Quae
699 811 799 885 typum
830 801 958 864 hominis
988 803 1118 867 ostendit
1147 823 1214 866 cum
1245 803 1362 866 duobus
1395 805 1548 876 sensibus,
1585 806 1652 886 qnia

353 907 463 970 malum
486 924 606 968 sensum
630 913 660 967 et
681 904 794 966 bonum
817 923 938 966 sensum
961 907 1081 983 hgurat,
1109 925 1185 987 quae
1214 906 1356 968 scribitur
1385 909 1468 987 uirga
1496 919 1579 970 recta
1602 907 1672 969 dtr-⁵

354 1028 443 1092 super
466 1016 495 1070 ει
517 1007 574 1070 alia
598 1007 636 1068 de
659 1007 756 1069 medio
780 1009 845 1068 eius
867 1005 1036 1069 deducitur.

438 1112 461 1173 L
489 1128 656 1172 consonans
685 1117 731 1170 εει
758 1117 788 1172 ει
814 1107 1017 1196 εειιιίιιοεεΙίε,
1046 1127 1122 1191 quae
1145 1110 1222 1172 hanc
1250 1110 1345 1190 legem
1376 1131 1459 1174 suam
1488 1111 1595 1182 habet,
1624 1119 1654 1171 ιιι

284 1243 289 1258 ·
354 1217 452 1278 omnis
474 1211 600 1293 syllaba,
631 1230 706 1294 quae
729 1211 759 1272 in
783 1209 791 1270 l
814 1211 924 1281 linitur,
955 1210 1124 1282 breuietur,
1153 1221 1186 1275 ut
1207 1213 1316 1284 semel,
1340 1215 1397 1274 nisi
1419 1233 1510 1276 unum
1534 1231 1652 1286 nomen,

354 1329 386 1382 ut
408 1315 542 1380 Danihel.
587 1314 668 1386 Quae
691 1313 821 1392 desuper
843 1312 986 1375 scribitur
1008 1313 1218 1395 semiobliqua,
1249 1334 1326 1396 qnae
1349 1323 1452 1397 typum
1476 1316 1652 1377 ludaeorum

354 1421 495 1490 ostendit,
520 1421 587 1498 quia
610 1414 804 1496 semiobliqua
828 1415 890 1476 luit.
1666 1431 1685 1464 a·

439 1523 466 1584 ll
490 1536 658 1583 consonans
681 1524 727 1578 est
749 1525 779 1578 et
800 1515 1005 1586 semiuocalis;
1035 1517 1130 1580 tribus
1152 1518 1283 1598 uirgulis
1306 1528 1501 1599 conparatur,
1533 1520 1603 1597 quia
1627 1527 1653 1578 et

352 1629 448 1707 ipsum
472 1623 612 1685 trinitatis
634 1665 748 1683 .....
770 1618 912 1689 ostendit,
936 1619 1004 1696 quia
1028 1627 1129 1701 typum
1151 1622 1293 1684 trinitatis
1315 1623 1445 1701 complet
1462 1620 1473 1704 ΙΙ
1490 1624 1512 1683 i.
1530 1619 1613 1682 107⁹
1629 1632 1651 1700 ι.

353 1729 422 1790 ιιιιιιι
452 1744 510 1787 non
538 1721 736 1802 subglutinat,
765 1721 817 1782 sed
845 1719 1077 1801 superglutinet,
1107 1723 1174 1803 quio
1204 1723 1259 1784 tria
1287 1725 1407 1785 nomina
1431 1723 1521 1784 hahet
1543 1731 1574 1784 et
1598 1740 1653 1781 una

353 1829 493 1892 trinitatis
516 1833 648 1906 potestas
671 1825 769 1886 omnia
792 1821 937 1901 subrepit.

437 1930 459 1992 N
483 1945 653 1990 consonans
674 1934 718 1986 est
741 1933 771 1986 et
792 1925 994 1997 semiuocalis,
1018 1927 1104 1986 cuius
1119 1925 1211 2004 ligura
1227 1925 1285 1988 duo
1300 1933 1476 1988 testamenta
1491 1927 1649 2006 signifieat
1662 1935 1682 1974 ¹³¹

352 2041 439 2096 uetus
462 2039 492 2092 et
515 2047 640 2098 nouum,
663 2029 731 2108 qula
754 2025 858 2088 similis
881 2034 926 2088 εει
948 2025 1061 2088 duabus
1084 2025 1216 2106 legibus,
1246 2047 1281 2088 eo
1309 2028 1387 2108 quod
1410 2030 1566 2089 caritatem
1591 2029 1653 2088 eius

352 2155 387 2196 ex
411 2132 527 2197 duabus
549 2132 696 2212 depingit,
726 2146 803 2206 quae
831 2126 1063 2209 superglutinet,
1094 2130 1162 2208 quia
1185 2129 1244 2190 duo
1266 2137 1442 2192 testamenta
1465 2129 1652 2209 inaequalem

354 2236 508 2298 historiam
535 2232 648 2295 habent
670 2239 700 2292 et
721 2229 906 2310 inaequalem
936 2247 1066 2292 sensum.
1111 2231 1210 2303 Quare
1238 2239 1318 2292 recta
1341 2235 1480 2311 superior
1502 2241 1532 2292 et
1554 2237 1651 2312 poste·
1714 2233 1715 2310 l

355 2343 416 2400 rior
439 2356 506 2400 cunr
529 2335 625 2414 capite
648 2331 787 2411 obliquo?
830 2331 904 2403 Quia
928 2332 1075 2394 excelsior
1098 2339 1144 2393 est
1166 2351 1284 2401 sensus,
1308 2351 1396 2413 quam
1419 2332 1553 2404 historia,
1579 2349 1652 2413 quae

355 2439 485 2520 complet
507 2435 682 2498 aduerhium
707 2451 772 2494 εεεε
796 2432 923 2512 negandi
947 2433 1003 2496 sub
1026 2443 1151 2496 accentu
1175 2437 1285 2515 posita,
1310 2446 1354 2496 ut:
1662 2443 1682 2480 ιι
1714 2441 1715 2524 ι

707 2535 851 2596 Τειιιοιι
875 2553 929 2596 me
951 2537 1110 2597 crimine
1133 2535 1282 2615 dignum

708 2635 876 2698 Duxisti?

351 2745 434 2817 Quae
457 2742 586 2823 complet
609 2757 775 2820 pronomen
798 2757 865 2799 oum
888 2739 973 2817 uirga
996 2735 1099 2819 posita.

437 2846 461 2908 0
484 2843 596 2907 uocalis
619 2852 676 2914 est,
701 2859 777 2924 quae
800 2859 910 2903 corona
934 2841 1051 2911 dieitur,
1074 2843 1142 2921 quia
1165 2861 1225 2904 non
1248 2852 1292 2905 est
1314 2842 1425 2923 diuisa,
1455 2842 1506 2904 sed
1537 2843 1649 2904 scilieet

351 2969 428 3031 quae
452 2944 581 3026 complet
603 2946 773 3006 uocatiuum
796 2961 895 3006 casum
919 2943 1117 3020 pronominis,
1147 2953 1179 3006 ut
1201 2963 1234 3016 o,
1262 2953 1312 3006 aut
1332 2946 1501 3006 interiectio
1524 2943 1681 3004 dicitur:²5

555 3047 580 3108 0
604 3049 742 3108 utinam
765 3046 802 3106 ln
824 3045 1006 3107 thalamos
1028 3047 1144 3108 inuisi
1166 3045 1342 3108 Caesaris
1363 3049 1473 3109 issem
1490 3082 1531 3092 -

353 3171 429 3234 quae
452 3153 574 3232 ponitur
596 3151 627 3210 in
650 3147 705 3209 alia
728 3146 801 3208 hora
825 3146 1000 3208 aduerbium
1017 3147 1137 3228 optandi
1153 3150 1175 3222 †
1190 3147 1297 3210 dicitur
1313 3147 1390 3210 idest
1405 3151 1517 3212 utinam
1532 3168 1561 3220 o,
1574 3157 1607 3210 ut
1622 3167 1647 3206 o.

439 3253 460 3314 Ρ
482 3268 651 3312 consonans
672 3258 718 3310 est
739 3257 770 3309 et
792 3257 886 3316 muta.
917 3266 992 3328 quae
1013 3251 1209 3330 praeponitur
1230 3250 1364 3332 liquidis,
1394 3270 1410 3312 r
1433 3260 1466 3310 ut
1487 3253 1615 3330 primus,
1638 3249 1646 3308 l

353 3364 399 3417 ut:
422 3352 650 3433 ‘plantauerunt
673 3351 802 3420 uineas',
836 3369 911 3432 quae
935 3351 1117 3428 significatur
1139 3351 1255 3415 duabus
1275 3352 1402 3432 uirgulis
1425 3361 1454 3414 et
1477 3352 1536 3414 duo
1560 3360 1646 3414 testa·

353 3462 452 3517 ntenta
474 3455 633 3533 significat,
658 3459 745 3513 uetus
768 3463 798 3514 et
818 3470 945 3524 nouum,
969 3452 1024 3514 alia
1047 3461 1127 3516 recta
1151 3461 1181 3516 ει
1202 3453 1256 3516 alia
1281 3453 1411 3533 obliqua.
1657 3459 1678 3496 ³⁰

436 3556 461 3628 Ο
484 3573 652 3618 εοιιεειιειιε
674 3563 719 3616 est
741 3562 771 3614 ει
792 3563 888 3624 muta,
912 3571 988 3632 quae
1016 3555 1112 3635 legem
1142 3573 1225 3616 suam
1248 3555 1353 3626 habet,
1375 3555 1454 3636 quod
1478 3565 1546 3617 nota
1563 3573 1643 3636 prae·

352 3661 472 3741 ponitur
494 3677 513 3719 u
535 3657 647 3728 uocali,
671 3655 721 3717 sed
745 3655 911 3734 geminatae
935 3676 953 3719 u
976 3660 1183 3738 praeponitur,
1208 3666 1240 3719 ut
1263 3675 1353 3735 quum
1376 3659 1423 3719 uel
1447 3676 1534 3738 quur,
1559 3675 1644 3737 quam

352 3767 532 3841 spreuerunt
546 3759 657 3820 inimici
674 3759 732 3827 tui,
756 3757 897 3828 Domine,
914 3766 1044 3834 ueteres,
1065 3758 1172 3821 deinde
1188 3760 1326 3820 dixerunt
1340 3778 1556 3840 superuacuam
1573 3777 1644 3823 esse,

352 3865 421 3940 quia
443 3863 640 3924 necessariam
663 3866 810 3940 quaerunt
832 3877 953 3938 operam
977 3861 1053 3931 eius,
1076 3863 1144 3942 quia
1167 3863 1284 3941 quoties
1306 3861 1448 3923 scribitur
1472 3861 1484 3944 ll
1502 3862 1520 3922 i.
1540 3858 1616 3922 108¹
1632 3863 1642 3936 *g

351 3965 467 4043 ‘quum’
491 3961 539 4026 uel
562 3963 685 4043 ‘quur’,
708 3979 762 4040 per
785 3981 818 4041 q,
847 3981 908 4023 non
930 3981 984 4041 per
1006 3982 1022 4022 c
1045 3963 1194 4025 scribitur.
1239 3963 1337 4034 Quare
1364 3981 1428 4025 non.
1447 3971 1603 4044 separatur
1623 3963 1674 4040 q³⁵

351 4076 381 4127 et
402 4067 440 4128 ul
462 4065 536 4137 Quia
561 4082 620 4126 uon
643 4071 741 4142 potest
763 4063 822 4124 dici
846 4082 865 4143 q
887 4065 951 4124 sine
973 4083 1001 4126 u.
1047 4065 1111 4127 lluo
1134 4073 1307 4127 testamenta
1331 4066 1487 4144 significat.

353 4253 580 4263 ——.———

417 4372 568 4439 bsequium
585 4381 669 4422 autem
687 4370 798 4422 Kolenda
848 4373 1004 4422 lobseruat
1054 4373 1148 4436 bqnia
1166 4373 1284 4422 scribitur
1335 4371 1454 4424 8sillaba
1501 4372 1643 4422 breulanuu

349 4463 413 4511 9ut
430 4469 455 4510 ta
473 4457 574 4510 danihel
645 4459 674 4507 ll
694 4467 850 4523 conparatus
920 4457 952 4506 tt
970 4455 1101 4522 trinitatis]
1119 4457 1358 4524 suppleastypum.
1412 4456 1641 4523 13supsrglutinet

351 4529 382 4577 16
400 4537 425 4576 ει
442 4541 510 4577 norro
598 4527 628 4577 17
647 4525 790 4592 dipiugitur
858 4524 1017 4588 inaequalem
1035 4524 1178 4589 hystoriam
1282 4527 1313 4576 19
1326 4540 1392 4588 quas
1409 4524 1544 4574 historiam
1613 4525 1640 4573 tt

349 4593 469 4658 Tantum}
487 4594 556 4658 Verp
579 4595 644 4645 Aen.
660 4594 685 4644 ll
696 4595 747 4645 ⁶⁶8
815 4595 848 4643 26
866 4609 881 4644 o
900 4594 997 4643 utinam
1016 4594 1041 4643 in
1060 4593 1186 4644 thalamus
1205 4593 1332 4644 usichoris
1350 4595 1418 4660 regis
1436 4589 1528 4660 issem]
1547 4593 1641 4644 Lucan.
1712 4623 1713 4636 ι

350 4663 443 4714 Phara.
465 4661 602 4726 mltos
685 4662 985 4712 iidicituridutiaam
1005 4671 1065 4711 uto
1151 4661 1353 4728 28pre'ponitur
1420 4663 1642 4726 putprimusut
1712 4685 1713 4716 ι

350 4731 529 4796 plantaberunt
547 4730 635 4778 rrirreas
654 4730 714 4792 quin
731 4733 762 4782 31
784 4739 870 4780 ιιοιιιιιι
887 4729 1038 4796 preponitur
1057 4731 1100 4779 uni
1119 4730 1201 4780 uocali
1219 4730 1266 4780 sed
1283 4730 1412 4794 geminata
1492 4731 1525 4780 33
1543 4729 1642 4778 domine
1712 4737 1713 4742 ’

351 4809 436 4850 uetera
490 4799 610 4848 dixerunt
627 4813 708 4847 uacua
726 4815 784 4849 esse
802 4799 862 4862 quia
882 4813 935 4848 nec.
954 4813 978 4848 s.
995 4807 1121 4859 quaerunt
1139 4811 1217 4864 opera
1285 4799 1318 4849 36
1336 4796 1484 4862 significant
