3354 5580
493 346 531 398 tu
550 345 634 397 DON.
654 345 778 398 ARTEM
799 345 976 398 littoream.
1320 346 1383 414 223

87 540 187 596 atatem
218 533 296 612 quod
324 533 444 595 uocales
470 541 573 612 aperta
602 551 653 594 ore
683 534 922 612 pronuntiamus,
955 535 1147 596 coniunctis
1172 533 1280 607 labris,
1308 537 1387 598 siotu

87 643 295 696 consonantes,
341 635 409 696 Per
437 653 475 696 se
502 632 697 714 syllabam,
727 635 841 696 scilicet
872 635 938 696 sina
968 634 1114 696 adiutoria
1146 639 1380 698 consonantium.
1397 654 1442 701 aaa,
1457 657 1481 694 ιι

87 736 176 796 Verbi
200 738 292 816 gratia
316 754 383 798 ama
405 753 422 795 a
445 733 553 815 syllaba
578 743 636 807 est,
661 737 738 797 sicut
760 735 797 796 de
819 734 953 814 reliquis.
984 735 1021 798 Ει
1043 745 1111 798 sunt
1126 756 1252 799 numero
1269 738 1291 797 V
1306 737 1382 818 apud

87 837 223 908 Latinos,
248 837 324 918 apud
349 855 421 899 nero
444 839 574 898 Graecos
597 836 655 897 Vll.
700 835 927 907 Transeunt,
950 836 1026 898 idest
1049 846 1245 900 consonantes
1268 856 1306 899 ex¹
1328 857 1380 900 uo·
1396 857 1441 904 aaa,
1458 859 1481 896 m

64 938 202 1000 scalibus
224 942 305 1000 birni.
352 940 610 1008 Gemiaantur,
634 937 711 1000 idest
732 939 821 999 simul
842 947 1008 1018 ponuntur,
1039 957 1107 1002 curn
1129 942 1211 1001 auti
1233 940 1443 1020 praeceditur,
1457 960 1482 998 ιι

87 1059 120 1108 ιι,
144 1048 177 1100 ιιι
199 1039 293 1111 liueo,
323 1049 373 1103 aut
395 1059 414 1100 u
437 1040 590 1118 praecedit
612 1041 638 1115 i,
663 1049 695 1100 ιιι
716 1041 811 1120 uirgo.
857 1041 981 1109 Vates,
1015 1040 1123 1102 dicitur
1145 1042 1290 1122 propbeta
1313 1061 1329 1102 a
1354 1043 1384 1102 ui

87 1143 203 1202 mentis.
250 1141 311 1202 liae
334 1141 442 1203 duaci
465 1153 493 1202 et
517 1160 534 1201 ιι
557 1160 617 1202 non
641 1140 736 1203 solnm
760 1150 914 1204 transcunt
936 1143 1195 1214 inconsonantes,
1218 1141 1270 1204 sad
1295 1143 1383 1204 etiam

89 1243 204 1304 mediae
227 1243 366 1306 dicuutur
388 1242 465 1304 idest
487 1243 616 1304 madium
632 1260 738 1305 sonum
755 1242 908 1306 babentes.
946 1243 984 1304 ln
1007 1243 1227 1324 quibusdam
1251 1242 1382 1306 dictio·
1397 1265 1441 1314 aaa,
1456 1267 1480 1304 ιι

89 1344 213 1416 nibus,
242 1346 322 1406 idest
350 1343 493 1422 partibus.
539 1345 776 1425 Expressom,
809 1347 885 1408 idest
906 1362 1014 1425 purum
1038 1345 1086 1406 uel
1109 1343 1253 1421 liquidum
1276 1363 1479 1416 cananaeam

56 1463 146 1506 anon
175 1446 302 1516 habant,
341 1449 411 1526 quia
439 1449 553 1507 mixtim
582 1455 698 1508 sonant.
749 1447 820 1508 Nam
849 1451 880 1508 in
908 1464 983 1507 sano
1012 1464 1077 1506 sese
1105 1447 1299 1508 contundunt.
1344 1449 1386 1508 Vt

90 1551 155 1608 uir.
202 1548 264 1610 Hoc
293 1549 359 1609 loco
388 1566 493 1609 sonum
518 1567 534 1628 y
556 1548 688 1610 Graecae
712 1549 830 1610 uidetur
854 1548 964 1610 babere
987 1558 1017 1609 et
1045 1547 1112 1608 idco
1141 1565 1248 1628 purum
1278 1567 1383 1610 sonum

90 1669 146 1710 non
171 1649 269 1716 babet.
294 1649 341 1709 ucl
365 1651 453 1710 etiam
477 1651 622 1711 ‘intimus'
645 1669 736 1712 sonus
759 1650 875 1719 dicitur,
899 1651 966 1730 quia
990 1652 1167 1712 commixtus
1190 1649 1308 1710 uidetur
1325 1651 1384 1710 eri

91 1759 174 1821 et.u,
199 1752 283 1832 quasi
305 1752 341 1811 sit
366 1771 384 1812 u
407 1769 442 1812 ea
467 1769 523 1812 ona
547 1758 631 1832 parte
655 1761 685 1812 et
701 1753 711 1811 i
727 1770 762 1813 cr
786 1752 893 1821 altera,
919 1759 951 1812 ut
972 1770 1007 1812 ιιι
1032 1751 1089 1812 illis
1111 1770 1187 1812 arnus
1209 1768 1300 1812 sonus
1324 1751 1380 1812 lor·

92 1861 196 1928 tuetur,
226 1853 277 1933 qui
300 1854 422 1914 intimus
443 1853 520 1914 idest
542 1853 657 1913 medius
679 1852 854 1933 appellatur,
882 1855 949 1932 quia
972 1870 1028 1913 nec
1056 1855 1093 1914 ita
1122 1871 1196 1932 pure
1224 1861 1322 1922 sonat,
1352 1859 1393 1913 ut-

59 1954 185 2016 nsoluru
208 1967 230 2014 u¹
250 1961 300 2014 aut
327 1953 423 2016 solum
452 1956 476 2023 i,
506 1954 584 2015 undo
614 1961 643 2014 ct
669 1973 761 2016 sonus
788 1974 808 2015 u
837 1953 991 2016 contundit
1016 1971 1121 2014 sonum
1144 1955 1163 2015 i.
1207 1953 1382 2034 Optimus.

91 2054 121 2116 ln
146 2057 203 2117 boc
225 2057 314 2117 etiam
338 2074 430 2116 sanus
452 2057 462 2114 i
484 2055 639 2116 contundit
662 2073 690 2115 ιι.
735 2057 857 2136 Antiqui
886 2057 962 2117 anim
986 2063 1125 2134 optumus
1146 2073 1300 2134 pessumus
1323 2074 1384 2116 ma·

92 2177 196 2220 sumus
218 2155 390 2218 scribebant
412 2167 442 2218 ct
463 2174 569 2218 sonum
584 2159 634 2238 qui
652 2165 716 2219 crat
731 2160 810 2218 inter
826 2176 845 2218 u
861 2168 890 2218 et
905 2159 913 2217 i
930 2155 1132 2237 proterebant.
1178 2156 1263 2219 Nunc
1286 2166 1384 2220 autem

26 2318 30 2324 .
93 2259 163 2320 baca
184 2278 239 2339 per
262 2260 271 2319 i
293 2256 465 2320 scribuntur
487 2267 576 2339 atque
600 2261 803 2338 proteruntur.
841 2259 919 2338 Ergo
942 2259 998 2320 boc
1023 2258 1191 2337 exemplum
1207 2259 1310 2320 lianati
1326 2259 1384 2320 iam

92 2379 144 2438 pro
168 2359 260 2422 nihilo
284 2360 419 2422 habetor.
464 2361 575 2422 Extra
599 2379 703 2440 quam
726 2361 893 2430 lormam,
923 2360 999 2422 idest
1020 2359 1192 2439 qualitatem
1216 2368 1246 2421 et
1267 2360 1383 2422 babitu·
1397 2388 1442 2436 ιιι,
1457 2387 1481 2428 ιι,

60 2462 205 2531 ιοιιιιιιιιι,
228 2464 259 2522 ia
282 2480 339 2541 qua
363 2461 492 2525 medium
516 2481 622 2524 sanum
646 2463 742 2526 babet.
789 2459 801 2544 ll
821 2459 880 2524 146
897 2461 909 2546 ll
935 2459 1010 2532 Quid
1027 2470 1072 2523 est
1094 2463 1131 2523 ul
1155 2461 1219 2523 Non
1236 2469 1282 2524 ast
1298 2481 1384 2524 uaca-

94 2563 140 2631 lis,
163 2565 233 2643 quia
257 2565 321 2624 cius
343 2564 503 2643 potentiam
528 2581 586 2626 noo
615 2565 719 2634 babet,
756 2563 835 2625 idcst
861 2582 918 2626 uec
946 2563 1006 2626 duo
1035 2571 1169 2644 tempora
1200 2563 1302 2635 babet,
1337 2572 1388 2625 aut

95 2683 197 2734 anum:
228 2663 305 2743 quod
335 2666 472 2742 congruit
500 2664 661 2727 pacalibus.
706 2666 877 2728 Consanans
905 2673 1002 2728 autem
1032 2686 1091 2728 oon
1121 2676 1165 2728 est
1186 2666 1386 2746 praecedente

95 2766 181 2828 altera
210 2776 403 2828 consonante.
449 2767 547 2838 Quare
575 2785 647 2846 ergo
674 2767 832 2830 scribitur?
850 2740 913 2860 (vt
934 2767 1098 2847 pleniorem
1127 2767 1233 2829 reddat
1255 2767 1386 2849 syllabae

95 2887 206 2929 sanum.
252 2868 403 2947 [ligamnra
427 2867 524 2931 littera
549 2877 593 2930 cst
611 2869 688 2949 apud
705 2871 834 2932 Graecos
857 2868 971 2930 duabus
992 2871 1116 2948 gemmis
1138 2879 1286 2939 constans,
1311 2869 1386 2930 idest

63 2993 84 3032 ιι
96 2987 127 3029 cr
150 2970 265 3032 duabus
287 2968 405 3040 litteris,
431 2989 488 3032 una
511 2971 651 3032 uidelicet
672 2989 763 3052 super
785 2971 907 3034 alteram
928 2974 1040 3052 posita,
1065 2989 1140 3052 quaa
1163 2978 1221 3032 tam
1245 2972 1384 3051 pinguem

96 3090 197 3133 sanum
221 3071 319 3133 reddit
341 3071 417 3152 apud
441 3074 582 3145 Graecos,
607 3092 696 3154 quam
719 3081 748 3133 et
771 3093 789 3135 u
813 3091 980 3136 consonans
1003 3071 1079 3154 apud
1104 3072 1232 3133 Latinos.
1276 3072 1385 3150 Figura

95 3174 188 3250 itaqua
221 3173 299 3236 illius
332 3173 480 3251 digamma
515 3183 648 3237 uocatur.
693 3174 827 3237 Potestas
856 3195 928 3237 uero
956 3175 1090 3236 eiusdem
1119 3193 1175 3236 uau
1207 3175 1385 3244 nominatur,

96 3293 178 3352 quam
202 3276 380 3356 accipientes
404 3277 498 3339 Latini
520 3286 686 3357 posuerunt
707 3296 797 3358 super
820 3297 840 3338 u
863 3288 1092 3346 consonantem,
1122 3283 1152 3338 ci
1180 3276 1251 3337 lacit
1273 3294 1290 3336 u
1314 3293 1385 3337 con·

95 3395 199 3438 sonans
221 3376 299 3457 apud
323 3397 390 3449 nos,
415 3377 493 3456 quod
509 3378 654 3458 digamma
670 3379 747 3458 apud
762 3379 907 3449 Graecae,
932 3387 962 3440 et
976 3380 1033 3440 boa
1048 3387 1093 3440 cst
1108 3377 1186 3458 quod
1202 3379 1256 3439 ait:
1281 3377 1382 3447 huic,
1397 3409 1442 3455 ιιι,
1458 3411 1481 3448 1⁸

65 3479 203 3540 nscilicet
226 3499 243 3540 u
266 3483 457 3550 consonanti,
492 3479 590 3542 solet
616 3481 797 3561 digamma
826 3480 980 3552 ascribi,
1014 3481 1092 3543 idest
1125 3481 1281 3558 assignari,
1316 3482 1385 3559 quia

99 3583 157 3644 eius
178 3590 355 3662 potestatem
378 3581 467 3644 babet
488 3585 519 3644 in
542 3581 599 3644 bac
621 3583 696 3644 loco.
742 3583 784 3643 Vt
805 3601 937 3644 seruus
960 3582 1097 3662 uulgus.
1143 3583 1255 3644 Seruus
1277 3581 1443 3658 diciturne,
1458 3614 1481 3652 ιι

98 3683 295 3745 aseruaudo:
318 3685 381 3764 ipse
405 3687 521 3764 estqui
545 3686 575 3746 in
598 3684 677 3747 bello
699 3693 802 3766 captus
823 3694 962 3748 serualur
983 3685 1019 3746 ad
1043 3687 1143 3746 uitam.
1183 3683 1291 3762 Vulgus
1314 3683 1386 3744 dici·

100 3792 143 3843 ιιιι
164 3788 332 3865 promiscua
362 3787 534 3856 multitudo,
566 3789 649 3865 quasi
679 3788 831 3850 atalantate
861 3807 968 3868 uagus,
997 3806 1032 3847 ea
1056 3786 1134 3866 quod
1163 3804 1240 3848 unus
1262 3785 1387 3865 quisquc

100 3903 151 3962 quo
173 3889 322 3950 desiderat
349 3890 456 3968 pergit.
500 3890 585 3951 Nam
609 3893 618 3950 i
647 3890 832 3960 litteram,
862 3892 946 3968 quasi
974 3888 1104 3950 diceret:
1136 3886 1220 3948 multi
1247 3888 1386 3966 neganti

100 4074 320 4084 ——-——-

161 4214 175 4261 3
201 4212 276 4262 Verbi
296 4213 379 4277 gratia
396 4227 454 4262 ama
473 4208 535 4278 cta]
561 4213 594 4262 In
617 4215 730 4278 mmgiue
752 4216 879 4265 additam:
907 4227 955 4279 ego
975 4229 988 4262 c
1007 4212 1123 4262 similiter
1144 4211 1243 4276 syllaba
1264 4221 1303 4262 est
1370 4213 1387 4261 4

102 4292 183 4339 grecas
252 4283 342 4330 baum
362 4291 445 4330 autem
465 4281 489 4329 ·l·
558 4278 671 4346 tiliaco]
691 4281 765 4344 limo,
785 4284 834 4332 nisi
849 4284 970 4346 praefero
988 4281 1066 4344 luno,
1089 4282 1159 4346 quod
1174 4281 1245 4344 opud
1262 4280 1387 4330 Donatum

101 4353 141 4394 eat.
211 4351 238 4398 li
258 4365 272 4412 p
292 4363 368 4414 grece
437 4352 468 4398 13
486 4349 520 4399 ait
538 4365 571 4396 ιιιι
659 4351 689 4399 ta
710 4351 802 4400 nichila
888 4344 1174 4413 aasyttataesonum]
1195 4347 1386 4398 qutaiataa'n

101 4419 204 4479 margin
222 4417 352 4467 addantur
368 4417 432 4467 doec
449 4419 659 4481 conplrctinatorie
675 4418 777 4483 forcipe
794 4420 885 4468 aniam
907 4419 1035 4468 cantitata:
1062 4418 1127 4464 enim
1152 4415 1208 4464 loco
1232 4415 1274 4465 ubi
1296 4431 1382 4466 u....

102 4493 195 4532 nantcm
215 4484 279 4534 habe
285 4521 394 4536 .......
400 4496 409 4534 ι
427 4485 496 4534 latini
515 4485 684 4536 scri...‚itur
701 4487 831 4552 digamma
917 4500 963 4551 per
982 4495 1009 4535 ut
1026 4484 1224 4549 signill...etur
1242 4485 1312 4546 quad
1330 4485 1386 4533 eius

101 4547 242 4614 dignm...
265 4563 415 4618 potestatem
435 4551 467 4602 ba
473 4590 547 4603 .....
554 4567 569 4601 n
588 4553 629 4602 ubi
648 4563 716 4603 essct
738 4569 880 4614 ....uans,
900 4561 925 4604 et
943 4557 969 4602 tn
990 4555 1103 4616 margine
1126 4550 1259 4614 inferiori:
1291 4551 1387 4618 Repre-

102 4613 210 4669 benditur
227 4621 268 4670 lric
287 4621 402 4670 Donatus
420 4635 435 4669 a
453 4621 605 4682 quibusdam
624 4637 702 4683 qnare
719 4623 867 4688 digammon
880 4622 974 4671 dixerit
985 4621 1062 4683 qnasi
1078 4620 1217 4680 declinans,
1231 4634 1287 4669 cum
1302 4621 1387 4670 omniu

102 4687 198 4738 uomina
214 4688 353 4740 litterarum
372 4688 559 4738 indeclinabilia
577 4689 699 4738 sinitaut
717 4691 786 4756 apud
805 4706 895 4756 grecas
914 4704 989 4753 quam
1009 4689 1078 4755 apud
1096 4688 1197 4738 latinos.
1277 4689 1311 4738 24
1328 4703 1387 4753 gre-

102 4766 140 4802 cos
205 4759 238 4807 aa
255 4771 347 4824 grecos
415 4759 447 4808 ιι
466 4758 605 4822 dgganama
672 4760 706 4808 29
724 4759 862 4824 dygnmma
929 4761 963 4810 30
980 4757 1118 4823 dygamma
1130 4757 1232 4819 ascribi,
1245 4771 1385 4822 supeream:

103 4833 121 4869 s·
138 4825 202 4890 apud
220 4839 312 4892 grecos
380 4827 414 4877 at
432 4839 490 4874 uam
508 4828 534 4875 ·i·
549 4824 634 4876 littera
