3378 5604
259 201 318 286 198
695 201 861 254 vunnruu
880 201 1112 254 unumunurm

256 392 449 472 numerisque
470 391 637 451 communis
658 388 813 450 habeatur.
858 389 921 450 Hoc
944 407 1016 451 saue
1038 389 1209 465 sciendum,
1238 392 1315 472 quui
1339 395 1366 454 si
1389 395 1590 458 inlinitiuus

256 493 362 554 modus
390 509 580 571 quocumque
610 509 665 570 pro
694 493 814 552 nomine
842 492 1015 570 accipiatur,
1046 493 1136 553 trium
1165 499 1278 554 tautum
1307 511 1447 556 casuum
1487 499 1590 557 uicem

256 594 388 676 expleat,
411 593 626 655 nominatiunm
649 590 762 654 scilicet
785 599 815 653 et
836 594 1038 654 accusatiuum
1061 592 1296 675 abiatiuumque.
1326 596 1412 676 qnod
1454 617 1591 678 semper

255 716 311 776 pro
334 694 476 758 neutralis
498 695 618 773 generis
640 694 854 773 significatione
877 710 1002 756 numero
1018 695 1169 757 dumtaxat
1189 695 1331 776 singulari
1353 697 1492 761 solebit
1518 720 1590 762 eue-

257 803 333 860 nire.
378 797 415 858 Vt
436 795 493 856 hoc
515 803 612 857 antem
637 795 804 858 euidentius
826 803 939 876 pateat,
968 795 1074 858 demus
1103 797 1253 878 exempla:
1284 799 1520 863 Cornelius
1545 805 1610 863 uus

256 903 285 961 in
309 900 412 960 Latina
435 896 562 978 loquella
589 900 660 958 satis
689 896 831 975 eloquens
858 899 901 958 sio
930 897 1008 960 latus
1036 906 1094 959 est:
1129 899 1215 980 qnid
1249 908 1321 962 tam
1354 903 1590 965 iocundum

257 999 365 1062 nobis
393 1019 475 1061 esso
502 1008 639 1079 potest,
668 1016 774 1080 qnam
802 1001 838 1060 iu
867 999 935 1060 hoc
962 1007 1095 1061 nostro
1123 998 1287 1079 diligere
1313 1021 1590 1082 permanere.

256 1103 312 1164 troc
336 1120 390 1182 pro
412 1099 541 1162 ablatiuo
563 1102 671 1180 posuit.
717 1103 755 1162 At
774 1118 829 1180 pro
851 1103 1035 1162 nominatiuo
1058 1103 1102 1162 sie
1124 1103 1179 1162 ait:
1213 1101 1314 1164 Solis
1336 1122 1529 1168 currere
1553 1110 1589 1167 in

256 1205 314 1265 elie
351 1205 496 1266 aestiuo
532 1203 853 1264 iocundissimum.
906 1201 980 1264 ltem
1014 1222 1068 1282 pro
1101 1205 1270 1266 accusatiuo
1303 1213 1336 1266 nt
1371 1205 1588 1270 Hilarius:

257 1306 397 1376 Frater,
421 1306 561 1366 Lucani
584 1303 715 1384 legisti
738 1302 926 1366 assiduum
950 1303 1099 1367 bellare
1123 1313 1200 1366 toto
1223 1303 1419 1368 curriculo
1453 1311 1618 1370 niterer

335 1406 346 1491 ΙΙ
363 1409 383 1469 i.
397 1404 460 1469 23b
475 1403 488 1488 ΙΙ
511 1406 712 1485 Virgilius:
738 1407 834 1468 Omne
855 1404 1049 1475 aduerbium,
1072 1406 1152 1489 quod
1174 1427 1191 1468 a
1214 1408 1334 1471 nomine
1357 1413 1530 1481 nascitur.
1558 1415 1589 1472 in

256 1527 410 1572 caesorum
443 1509 647 1588 conpositione
679 1517 797 1570 ueteres
831 1508 1003 1570 nominibus
1037 1508 1250 1588 adiungebaot,
1283 1510 1359 1572 sicut
1389 1511 1588 1593 Glengus
1653 1493 1654 1561 l

255 1611 387 1674 dicebat:
412 1610 471 1673 nir
493 1611 529 1670 in
552 1610 633 1670 acic
656 1610 823 1672 iortiter.

339 1713 422 1776 Ibid.
445 1711 644 1789 Virgilius:
668 1711 744 1772 Sunt
764 1709 913 1773 aduerbia·
932 1711 1094 1790 qualitatis:
1119 1711 1222 1774 eadem
1245 1721 1314 1774 sunt
1336 1716 1414 1776 siout
1441 1719 1589 1794 nomine¹

256 1824 285 1876 ut
308 1814 415 1885 uerba,
440 1822 473 1876 ut
495 1811 610 1873 ‘laiso’:
635 1811 709 1874 (licis
733 1813 811 1873 eninr
835 1811 920 1874 ‘laiso
942 1816 1025 1874 nos’:
1055 1813 1103 1875 iric
1127 1813 1253 1876 uerbum
1277 1824 1323 1877 est
1345 1817 1473 1895 primae
1503 1830 1615 1880 rou-u

254 1918 412 1996 iugatiouis
435 1914 525 1976 ‘inlso
548 1912 663 1990 ialsas',
687 1924 716 1976 et
738 1912 868 1974 ablatiuo
890 1933 975 1976 casu:
1013 1915 1104 1976 ‘laiso
1133 1917 1255 1978 nomine
1283 1919 1380 1978 uocati
1402 1922 1524 1992 sunt’‚
1552 1927 1581 1978 et
1653 1970 1654 2000 ¹

255 2017 467 2080 aducrbinlitcr
490 2015 629 2078 dicimus:
653 2015 739 2076 ‘ialso
762 2014 917 2096 loqueris’.
1653 2009 1654 2074 l

335 2117 346 2202 ΙΙ
362 2120 383 2186 i.
399 2116 459 2180 24¹²
475 2116 487 2201 ΙΙ
503 2117 703 2196 Virgilius:
726 2119 822 2181 ‘Heri’
845 2121 962 2180 ‘instar'
984 2118 1053 2180 ‘ias'
1078 2118 1212 2180 nonnulii
1234 2127 1339 2200 putant
1354 2122 1486 2184 nomina
1507 2141 1579 2184 esse
1653 2087 1654 2125 ¹

257 2206 464 2292 inllectabilia,
488 2219 539 2282 sed
564 2238 619 2280 nos
640 2219 783 2282 adnerbia
806 2239 872 2282 csse
895 2238 954 2282 uon
977 2220 1166 2299 ambigimus.

341 2324 420 2385 ltin.
452 2320 651 2399 Virgilius:
675 2320 751 2383 Sunt
765 2321 923 2392 adnerbia,
947 2339 1023 2399 quae
1037 2330 1180 2402 putantur
1203 2342 1267 2383 csse
1291 2324 1410 2384 nomina
1432 2333 1573 2385 neutra·
1587 2339 1608 2374 :r

257 2426 311 2496 lia,
335 2423 386 2486 sed
411 2441 470 2483 non
494 2432 578 2498 sunt,
601 2429 634 2483 nt
649 2421 759 2502 ‘louge'
777 2426 894 2504 ‘prope’
911 2424 1059 2485 ‘necesse’
1076 2424 1185 2486 ‘facile’
1202 2422 1363 2493 ‘urtuctte’;
1386 2425 1440 2487 sed
1461 2434 1574 2486 tamen
1653 2420 1654 2499 ]

256 2528 324 2608 qnia
347 2523 467 2587 ‘facilis’
490 2532 519 2584 et
541 2524 706 2585 ‘difficilis'
729 2524 900 2604 saepissime
915 2528 1122 2605 reperiuntur.
1153 2544 1212 2586 non
1235 2525 1404 2588 mirandum
1428 2537 1519 2598 erat,
1545 2529 1571 2586 si

258 2631 346 2692 etiam
370 2625 546 2689 neutraliter
568 2625 677 2689 ‘facile’
701 2635 731 2688 et
752 2625 906 2688 ‘dilflcile'
930 2628 1145 2698 inuenireotur,
1170 2629 1226 2688 uisi
1248 2629 1390 2690 leneas
1413 2628 1475 2690 hoc
1503 2629 1571 2689 lieri
1653 2665 1654 2703 ]

257 2749 345 2812 posse
369 2736 500 2809 negaret.
544 2727 625 2790 llaec
647 2727 788 2790 adnerhia
812 2728 898 2790 sortia
921 2738 1004 2798 sunt,
1028 2747 1102 2810 qnae
1125 2726 1252 2791 neutrali
1277 2727 1369 2790 uerbo
1392 2748 1567 2810 cooporan-

259 2841 316 2904 tur,
340 2839 372 2893 nt
393 2831 430 2892 ab
452 2831 599 2892 infinitiuo
623 2829 712 2892 morlo
735 2830 930 2910 excipiantur,
953 2840 985 2892 ut
1007 2833 1031 2892 si
1055 2829 1151 2892 dicas:
1175 2829 1275 2910 ‘longe
1291 2839 1336 2891 ost
1357 2833 1387 2891 in
1410 2829 1458 2892 lris
1487 2831 1603 2892 ulte-2³
1653 2875 1654 2883 .

257 2937 321 2996 rins
343 2935 523 2996 commorari
545 2932 639 3003 locis’,
670 2931 747 2993 node
775 2934 934 2993 Aeneas:
963 2951 1079 3012 prope
1107 2940 1202 3002 erat,
1225 2933 1337 3012 inquit,
1366 2931 1565 2994 Phoebum

258 3055 395 3098 occasu
429 3033 703 3116 celeri†imos
736 3035 906 3095 inuisere
939 3035 1099 3113 priscos.
1144 3034 1365 3095 Terentius:
1399 3035 1567 3096 Necesse

259 3146 328 3209 est,
357 3139 467 3218 inquit,
502 3136 630 3199 Gallos
657 3136 747 3196 lieri
768 3133 942 3204 lallacos,
973 3137 1149 3196 etiterum:
1183 3133 1310 3195 Facile
1344 3144 1400 3197 est
1436 3138 1564 3198 uirum

259 3241 378 3309 uinci.
403 3240 484 3300 uiro
507 3239 665 3298 uirtutis
687 3235 813 3297 subito
835 3239 1148 3315 superueniente.
1325 3244 1329 3252 '

336 3337 351 3423 ΙΙ
371 3339 390 3401 i.
407 3335 467 3402 23¹·
488 3334 502 3422 l]
525 3338 722 3418 Virgilius:
760 3336 907 3400 Aduerbio
932 3357 966 3400 ex
990 3337 1217 3420 pronominibus
1246 3341 1327 3400 nasci
1356 3342 1559 3402 certissimum
1575 3350 1596 3385 ‚e

343 3511 489 3518 -----..—

328 3627 502 3695 lnumerlsq
552 3625 621 3690 qnod
638 3637 678 3677 est
695 3624 838 3676 inssnitinus
907 3623 1112 3692 2qnocumque]
1132 3641 1309 3690 quaenuueq;
1363 3642 1484 3677 cossuum
1544 3627 1561 3676 3
1653 3609 1654 3677 l

260 3698 392 3747 nominum
411 3695 509 3776 scilicet
592 3693 744 3760 boxemplo
805 3689 938 3758 cornilius]
955 3693 1089 3744 Cornelius
1106 3696 1202 3746 citatur
1219 3713 1235 3745 o
1257 3696 1366 3761 Virgilio
1384 3695 1450 3746 Mati
1466 3713 1493 3760 p.
1515 3697 1557 3744 35.

261 3819 306 3868 39.
325 3815 359 3864 40
426 3778 546 3878 iiigtus
616 3816 696 3865 'inos
716 3827 774 3862 esse
842 3812 955 3877 dilegerc
1024 3814 1210 3878 Sponsuitnd
1229 3812 1473 3879 pronomiosiorit
1542 3813 1559 3862 n
1653 3834 1654 3867 t

259 3885 343 3934 estino
395 3896 442 3948 pro
459 3881 536 3934 eroso
551 3892 580 3932 ut
596 3879 705 3947 luiterus]
725 3881 865 3932 ‘Hilarius’
883 3884 984 3930 restitui
1000 3883 1136 3932 secundum
1157 3883 1288 3946 Virgilium
1308 3884 1374 3934 Muli
1389 3901 1415 3948 p.
1435 3886 1499 3943 104,
1517 3881 1559 3930 ubi

260 3953 379 4003 Hilarius
397 3953 498 4016 quidum
515 3953 667 4004 nominatur.
738 3951 768 3999 11
788 3945 926 4014 Virgilius]
942 3952 1040 4014 2:145
1059 3949 1127 4014 Mai,
1146 3952 1190 4016 qut
1206 3951 1269 4001 laec
1286 3951 1376 4004 labet:
1404 3952 1430 4000 lu
1449 3963 1555 4014 qrrosso·

259 4035 314 4071 rum
334 4017 521 4084 compositione
539 4020 686 4068 aduerlrinm
705 4017 852 4067 nominibus
871 4017 1045 4082 adiungebant
1066 4029 1179 4082 ueteres,
1203 4028 1241 4067 ut:
1271 4019 1311 4068 uir
1334 4021 1360 4071 in
1383 4021 1438 4069 scie
1459 4019 1557 4070 lortiter

260 4103 307 4154 pro
324 4087 400 4138 domo
419 4087 504 4136 tiberis
523 4098 547 4138 et
564 4089 648 4152 eapite
665 4095 777 4152 pugnem
797 4100 846 4136 uon
867 4095 952 4134 nutem
970 4085 1068 4135 lortiter
1085 4097 1198 4152 pugnat,
1218 4085 1264 4136 sed
1284 4088 1323 4136 nir
1339 4087 1447 4138 fortiter.
1527 4085 1555 4134 tt

260 4152 397 4222 Virgilius]
416 4172 442 4220 p.
463 4157 513 4206 m
531 4156 600 4206 Mai:
625 4153 691 4205 Sunt
708 4154 830 4203 seluerbio
847 4165 872 4204 et
889 4155 994 4203 nomino
1012 4163 1037 4203 et
1055 4154 1132 4204 uuerbe
1150 4163 1178 4203 ut
1194 4153 1260 4204 ialso
1366 4159 1398 4206 15
1416 4155 1498 4220 prime
1514 4167 1554 4202 co-

261 4225 400 4290 ingntionis
471 4225 502 4274 16
521 4234 627 4272 :roratur
644 4223 730 4274 Maius
782 4231 807 4271 et
824 4221 987 4272 nduerbinm:
1007 4220 1297 4284 ielsoloqnorisMoiur
1376 4215 1554 4288 18Virgilius]

261 4293 320 4344 Non
337 4298 411 4342 extol
428 4293 500 4356 opud
517 4291 621 4346 Maium.
689 4291 722 4341 20
740 4287 878 4355 Virgilius]
896 4307 923 4355 p.
943 4292 994 4341 145
1011 4290 1068 4340 Mai
1147 4291 1178 4340 21
1197 4289 1291 4340 dilioile
1359 4291 1404 4340 secl
1423 4301 1508 4341 tarneu
1525 4313 1553 4324 -

260 4363 294 4412 25
312 4360 472 4426 excipientur
489 4361 580 4411 desunt
597 4361 668 4425 apud
685 4357 781 4409 Maium
848 4361 882 4408 22
899 4357 1001 4408 dificilis
1070 4361 1104 4410 23
1122 4357 1345 4409 iacereetdiircile
1414 4361 1447 4410 24
1465 4371 1554 4424 coope-

262 4489 349 4529 rantur
366 4489 394 4528 nt
411 4443 718 4544 agatstcnilitnuutttno
799 4475 925 4541 solonge
943 4487 982 4528 est
1000 4493 1047 4528 nos
1065 4477 1152 4528 Mccins
1224 4479 1257 4530 26
1275 4492 1434 4546 commorare
1486 4477 1553 4528 locis.

262 4547 294 4597 Et
312 4562 393 4612 prope
411 4558 478 4609 erut,
501 4549 597 4611 iuquit,
620 4547 750 4596 Phoebum
770 4560 863 4595 occasu
881 4545 955 4595 celeri
974 4561 1078 4596 monere
1095 4563 1132 4598 se.
1170 4545 1200 4596 Et
1217 4561 1337 4606 necesse,
1357 4547 1454 4608 inquit,
1473 4545 1554 4596 Gallos

263 4615 349 4666 Maius
400 4615 490 4677 inquid
509 4613 613 4682 loe']]um
698 4616 732 4665 27
750 4613 815 4663 imos
834 4613 931 4663 iuuisse
950 4616 1078 4680 repriscos
1148 4614 1283 4665 terrentius
1370 4617 1403 4666 30
1422 4606 1554 4679 Virgilius]
1653 4653 1654 4657 ,

264 4682 322 4732 Νοη
340 4691 414 4733 extat
431 4685 502 4748 opud
520 4685 625 4748 Maium,
643 4683 692 4734 ced
707 4683 741 4744 of.
758 4699 786 4749 p.
805 4684 847 4746 72,
865 4684 881 4733 8
900 4681 937 4732 M.
