3346 5558
300 331 454 380 CCXXXIV
591 320 641 370 Di:
660 319 812 372 IVLIANO
830 318 1026 372 TOLETANO
1044 319 1288 373 GRAMMATICO

299 506 380 568 luter
403 509 498 586 ‘ergo'
522 516 552 569 et
573 507 669 586 ‘ergo’
692 507 763 588 quid
785 507 893 570 distml
935 510 968 573 Si
997 507 1098 570 ultima
1126 508 1237 590 syllaba
1265 509 1405 571 hebuerit
1426 519 1594 580 accentum,

300 595 359 654 erit
380 589 556 654 aduerbium
578 590 775 672 prohibentis.
819 593 859 656 lla
882 595 946 656 eius
968 593 1145 675 exemplum.

468 695 565 774 Ergo
587 692 771 758 iudicium
795 695 891 757 nihil
916 705 985 772 est,
1009 699 1082 758 nisi
1105 694 1255 777 publica
1279 717 1430 761 merces.

301 797 333 857 Si
355 815 428 858 uero
450 795 630 878 paenultimo
651 797 717 859 loeo
739 796 879 860 habuerit
900 807 1066 868 accentum,
1090 799 1146 859 erit
1166 801 1346 861 coniunctio.
1390 799 1431 861 lia
1455 801 1520 860 eius
1542 819 1594 860 ex·

299 881 440 964 mlum·
469 967 563 1046 Ergo
586 967 673 1048 quid
695 967 782 1030 irinc
804 971 966 1048 agimus?
988 987 1087 1066 nuqo
1110 978 1144 1030 te
1165 987 1271 1050 rogo,
1295 906 1621 1050 eelsapotestas·.⁵

785 1206 835 1268 lili
862 1205 1107 1270 sowectsuo

385 1375 433 1458 ]l.
449 1375 510 1439 61·
526 1375 538 1459 ]
554 1377 627 1438 ltem
649 1376 841 1439 soloecismus
862 1377 960 1440 dictus
982 1388 1028 1440 est
1049 1395 1065 1438 a
1088 1376 1238 1447 Cilicibus,
1261 1381 1313 1456 qui
1336 1397 1372 1440 ex
1394 1377 1470 1439 urbe
1492 1377 1594 1448 Soloe,

300 1479 376 1541 quae
399 1481 478 1524 nune
499 1461 721 1544 Pompeiopolis
742 1461 923 1542 appellatur,
953 1463 1095 1544 proiecti,
1124 1481 1192 1525 cum
1215 1471 1287 1543 aput
1308 1462 1381 1524 elios
1402 1482 1595 1526 commoren-

299 1556 345 1610 tes
367 1557 397 1610 et
419 1566 502 1610 suam
525 1556 555 1609 et
580 1546 698 1610 illorum
727 1547 858 1626 linguam
890 1549 997 1610 uitiose
1025 1551 1336 1629 inconsequenterque
1364 1548 1596 1618 confunderent,
1613 1571 1638 1608 ιο

298 1633 474 1696 soloecismo
497 1651 606 1695 nomeu
629 1633 785 1705 dederuut,
809 1633 888 1695 uude
911 1643 941 1695 et
962 1633 1100 1696 similiter
1114 1632 1271 1714 loquentes
1286 1633 1478 1696 soloecismos
1493 1635 1597 1696 iacere

298 1719 446 1782 dicuntur.

365 1889 395 1992 ‚¹
411 1891 431 1953 l.
451 1885 514 1952 62δ
531 1889 546 1972 ]
564 1890 722 1972 'Papinosis
750 1899 793 1952 est
821 1849 971 1952 humilitas
999 1849 1043 1950 rei
1073 1908 1211 1969 magnae,
1242 1908 1300 1951 non
1329 1890 1357 1951 id
1386 1897 1492 1969 agente
1522 1909 1597 1953 sen·

298 1983 406 2048 teum,
430 1987 477 2038 ut:
744 2062 973 2141 penitusque
1000 2079 1186 2124 cauernes
1612 2079 1638 2119 rs

467 2146 652 2226 lugentes.

296 2231 348 2294 Et:

467 2315 660 2378 Dulichias
681 2335 837 2380 uexasse
858 2325 968 2379 rates.

186 2373 191 2386 .
296 2401 347 2462 Et:

466 2485 621 2549 Pelidae
643 2488 872 2548 stomachum
895 2487 1030 2550 cedere
1054 2489 1184 2550 nescii.

298 2573 329 2634 Si
352 2575 530 2640 ‘cauernas’,
554 2572 702 2652 quomodo
724 2573 876 2652 ingentes?
913 2573 986 2634 ltern
1010 2571 1210 2651 Virgilius:

466 2659 656 2737 Apparent
677 2659 756 2718 rari
780 2666 913 2719 nautes
935 2661 970 2720 in
994 2659 1140 2737 gurgite
1162 2667 1280 2720 nasto.

298 2741 443 2821 ‘Gurgite’
467 2744 567 2821 posuit
588 2762 642 2824 pro
665 2745 749 2805 mari.
795 2743 868 2805 ltem
891 2743 1076 2805 Lucanus:

466 2826 727 2910 Oceanumque
750 2848 887 2891 uocans
909 2830 1050 2891 incerti
1073 2836 1204 2906 stagna
1226 2827 1413 2908 profundi.

296 2929 349 2992 Est
369 2937 468 2992 autem
491 2931 634 3010 tapinosis
656 2933 792 3002 miseria,
821 2949 896 3011 quae
925 2937 1034 2992 statum
1064 2933 1107 2991 rei
1135 2947 1259 3008 magnae
1281 2929 1368 2992 dictis
1389 2931 1532 3000 infirmat,
1556 2941 1594 2992 ut
1609 2949 1637 2988 ss

296 3023 342 3076 est
363 3017 401 3077 in
424 3013 581 3095 psalmo:
605 3015 696 3094 ‘Ego
725 3025 845 3078 autem
875 3035 953 3077 sum
983 3019 1125 3077 nerrnis
1148 3023 1183 3076 et
1206 3034 1278 3076 non
1302 3015 1424 3076 homo’
1449 3023 1480 3076 et
1500 3017 1593 3096 ‘ego

296 3119 371 3161 surn
395 3107 524 3180 pastor
547 3099 693 3171 bonus'‚
718 3102 824 3182 quibus
846 3100 950 3163 uerbis
972 3101 1083 3162 uilibus
1098 3103 1272 3162 inmensitas
1293 3099 1394 3176 diuina
1409 3100 1593 3162 ostenditur.

296 3185 347 3247 Et:
372 3184 478 3264 ‘quid
502 3187 636 3247 existis
658 3190 694 3248 in
718 3187 912 3249 desertum
934 3186 1066 3248 uidere
1095 3184 1345 3247 harundinem
1367 3193 1483 3248 uento
1505 3189 1593 3266 agi·

296 3271 443 3332 tetnmi’

296 3555 518 3593 ultitimum.

382 3633 399 3688 1
422 3631 554 3689 Iulianus
573 3650 603 3704 p.
628 3636 682 3690 58.-
712 3633 784 3690 lnter
805 3631 895 3708 ‘ergo’
919 3642 947 3689 et
969 3631 1059 3708 ‘erqo’
1084 3633 1148 3706 quid
1170 3631 1270 3704 distatl
1313 3630 1341 3687 Si
1363 3635 1391 3689 in
1415 3632 1508 3690 ultima
1533 3633 1594 3708 syl-

295 3715 355 3774 laba
378 3748 417 3757 -
441 3716 525 3792 ‘Ergo
548 3717 619 3793 quod
644 3718 707 3775 hino
728 3721 850 3792 agimur,
873 3735 945 3775 nunc
968 3727 994 3774 te
1015 3734 1103 3792 rogo,
1127 3717 1198 3775 celsa
1221 3718 1364 3791 potestus'.

380 3802 399 3860 8
422 3802 554 3859 Iulianus
573 3821 604 3875 p.
623 3807 659 3859 28
681 3805 780 3860 eodem
801 3803 931 3864 exhibet:
953 3802 992 3875 cs.
1009 3803 1098 3860 Keilii
1116 3809 1258 3875 excerpto
1280 3817 1320 3859 ear
1341 3819 1437 3859 comm.
1459 3804 1488 3857 in
1511 3801 1592 3862 oon.

295 3889 356 3946 eod.
387 3887 463 3945 Voss.
487 3891 524 3944 37
547 3889 601 3945 uol.
632 3887 703 3960 Vp.
727 3891 792 3945 327.
816 3891 881 3945 328.
924 3911 926 3918 >

381 3971 419 4030 13
442 3971 576 4029 Iulianus
595 3991 623 4046 p.
649 3976 700 4029 31.-
732 3971 876 4048 l'apinosis
897 4001 940 4016 -
961 3983 988 4029 et
1015 3990 1069 4031 uon
1097 3973 1196 4039 homo;
1230 3971 1330 4047 quibus
1360 3971 1486 4030 uersibus
1515 3969 1594 4040 luer-

296 4059 383 4114 miltus
409 4059 529 4115 coniecit
557 4059 648 4114 editor
677 4057 768 4130 Rom.)
798 4057 899 4115 uillbus
927 4061 1092 4116 immensitas
1125 4058 1216 4115 diuina
1248 4057 1410 4116 ostenditur.
1461 4057 1594 4131 Reliqua

293 4146 404 4201 desunt.

295 4260 523 4270 --——-—.—-

295 4341 407 4378 oonrors
428 4341 583 4378 seennusrs
601 4329 652 4378 20⁷
670 4341 819 4379 varrenas.

360 4411 534 4478 dpennltimo
603 4411 788 4464 8solecismus
806 4429 906 4478 semper
966 4412 1022 4464 solo
1041 4429 1106 4476 quae
1126 4428 1192 4462 nuno
1210 4410 1396 4478 pompeiopolis
1466 4413 1593 4462 doomo-

293 4489 378 4530 rentes
431 4482 461 4530 11
481 4479 661 4529 soloecismum
680 4479 761 4529 lacere
781 4479 895 4531 Iulianus
970 4484 1001 4532 13
1018 4495 1110 4545 mque
1180 4481 1212 4530 15
1231 4476 1394 4545 penitusque]
1419 4480 1496 4543 Verp.
1516 4481 1580 4531 Aen

294 4547 386 4601 111⁹.
407 4551 441 4598 20
492 4549 613 4598 osbernus
695 4547 843 4614 moncuq
866 4549 1019 4615 Verp.Eel.
1041 4548 1133 4599 Vtro
1201 4550 1234 4598 20
1252 4543 1364 4614 Pelidae]
1384 4547 1452 4601 Hor.
1470 4551 1596 4599 cmm!

294 4616 345 4680 6,6
378 4615 474 4682 pleride
489 4617 493 4677 1
510 4615 603 4666 Pelidis
621 4615 737 4668 Iulianus
783 4628 920 4668 stomacum
969 4618 1048 4667 nescit
1116 4617 1288 4666 eleuthernae
1340 4613 1595 4668 trememluttanus

327 4679 459 4750 Virgilius]
479 4684 545 4736 Aen.
565 4683 650 4736 1118
717 4687 750 4737 es
769 4686 870 4752 quispim
888 4687 1037 4752 posuitom.
1057 4682 1172 4734 Iulianus
1236 4679 1365 4748 Limenes]
1382 4682 1417 4732 ΙΙ
1435 4685 1497 4732 5⁷1·
1554 4686 1594 4736 25
1667 4683 1668 4690 ’

293 4767 343 4812 que
393 4766 486 4816 magne
553 4753 628 4802 euin
648 4749 760 4822 psalmo]
781 4754 903 4804 XXII?
954 4767 1002 4818 ego
1021 4750 1091 4817 sum]
1112 4753 1221 4803 lodunn.
1243 4751 1318 4802 xie
1391 4751 1424 4804 18
1443 4750 1551 4803 existis

294 4818 355 4882 quid
373 4817 475 4884 existis]
494 4819 555 4871 Luc.
579 4819 635 4870 VII
654 4823 689 4871 u
