3308 5542
467 301 515 352 DE
535 299 658 352 Lienis
677 297 953 352 rvsstceriittssvu

285 490 442 548 Pentiresis
464 491 516 548 hoc
539 491 627 549 reddit
650 491 766 549 medium
790 491 864 566 quod
886 491 999 566 sincapa
1022 490 1096 548 tollit

383 576 466 633 Addit
488 594 641 652 paragoge,
665 577 783 652 subripit
805 594 936 652 apocope.

16 677 18 694 .
68 658 263 733 inpiiboloicon
303 670 352 717 est
391 660 477 735 figura
512 661 609 720 dubiae
644 665 777 720 orationis
808 663 880 719 siout
911 679 970 720 cum
1004 661 1105 736 aliquid
1138 661 1251 717 dicimus
1279 661 1352 736 quod

68 745 157 800 diuersis
181 747 272 803 modis
303 745 432 818 intelligi
459 757 552 823 potest
574 757 603 804 et
624 749 732 822 quando
755 747 821 804 iliud
844 763 876 802 ex
899 748 1031 804 industria
1053 746 1154 804 dicitur
1176 746 1276 803 bonum
1300 755 1352 816 est,

69 833 83 884 si
103 839 179 888 autem
205 847 237 888 ex
269 831 383 888 iudicio
413 833 526 890 dicimus
554 833 654 889 malum
676 841 728 889 est.
774 833 928 889 Parentesis
951 832 1036 907 ligura
1061 833 1235 906 interpositio
1258 841 1353 888 estut

69 917 87 969 ia
103 917 304 974 auctoribus
330 917 502 991 assignatur.
546 917 689 975 Periirasis
711 917 797 990 figura
821 926 863 973 est
891 917 1173 992 circumloquendum.
1218 917 1353 992 Yperbole

71 997 133 1072 ligura
153 1010 193 1058 est
214 1005 349 1060 excessio
374 1002 447 1059 fidei.
491 1002 623 1079 Epilogus
646 1002 732 1076 ligura
755 1011 798 1060 est
819 1002 913 1060 crelrra
937 1005 1068 1078 repeticio
1092 1002 1253 1059 sententiae.
1298 1003 1355 1058 ilia·

68 1089 136 1142 sirtiea
156 1087 241 1162 ligura
266 1097 314 1145 est
341 1088 435 1145 oratio
458 1088 621 1164 deceptoria.
665 1086 821 1146 Sinodoche
850 1087 936 1161 ligura
961 1086 1001 1164 (i.)
1024 1097 1066 1144 est
1088 1087 1196 1162 quando
1218 1104 1281 1161 pars
1303 1104 1354 1160 pro

16 1203 19 1250 ,
70 1180 110 1227 tato
134 1175 250 1246 ponitur.
308 1175 522 1248 Apostraplmt‚
556 1173 603 1248 qui
636 1172 669 1229 de
696 1173 807 1230 absente
835 1182 969 1248 tamquam
998 1189 1128 1246 praescus
1157 1174 1193 1229 sit
1220 1173 1352 1247 loquitur.

16 1255 17 1260 ’
69 1261 166 1329 ipinosis
188 1257 370 1334 (l’apinnsis)
394 1268 439 1315 est
467 1259 551 1333 ligura
581 1275 693 1332 magnae
717 1262 755 1316 rei
779 1259 887 1315 humilis
910 1258 1060 1332 descriptio
1082 1258 1126 1315 uei
1150 1258 1231 1314 etiam
1254 1274 1355 1332 paruae

16 1363 18 1376 ν
70 1359 94 1396 ru
111 1359 197 1417 magna
218 1343 398 1418 descriptio.

16 2087 18 2174 i

129 1467 294 1543 Sequitur.-
327 1461 562 1555 tie-piscia·
576 1439 882 1545 uei-coroniocnr.

128 1596 255 1672 Reliqua
271 1603 384 1656 autem
405 1596 478 1656 lidri
493 1613 570 1672 pars
581 1597 653 1671 fere
668 1605 730 1657 iota
745 1597 876 1659 homiliis
891 1599 1069 1657 Germanico
1084 1613 1219 1657 sermone
1233 1597 1356 1671 scripulis

69 1699 284 1773 tractatibusque
308 1698 447 1758 mandem
468 1701 589 1773 perrera's
610 1701 733 1760 medicis
748 1701 863 1775 repieta
878 1705 931 1758 est.
961 1699 1086 1759 lilerium
1102 1699 1357 1776 Aeppptiucorum

68 1803 197 1876 caruis,
224 1803 317 1877 quod
342 1806 430 1862 extat
446 1819 481 1877 p.
508 1809 576 1870 284,
602 1803 763 1862 Guilelmus
784 1801 966 1862 Srimitzius
988 1803 1056 1860 olim
1084 1801 1259 1860 mentionem
1278 1798 1357 1872 fecit

70 1919 121 1960 aa.
142 1903 237 1964 rien.
268 1910 356 1962 isos
375 1921 410 1978 p.
436 1909 503 1962 521.

132 2005 211 2076 (moe
233 2021 316 2066 uero
343 2006 389 2064 od
407 2007 638 2079 prommuticam
660 2011 812 2082 spectaui,
838 2005 913 2064 daec
935 1995 1020 2065 suni}

97 2145 117 2200 p.
132 2127 188 2184 285
204 2128 261 2186 col.
280 2130 319 2184 l:
435 2127 553 2200 lieguiae
576 2136 603 2183 et
626 2107 723 2184 uersus
746 2127 778 2184 de
803 2127 897 2184 lormis
919 2127 1139 2202 praeteriturum.

70 2245 139 2302 turia
165 2247 251 2304 uerba
285 2249 399 2321 primae
427 2245 630 2320 coniugationis
658 2255 686 2302 et
714 2246 819 2303 natiuae
842 2246 1041 2303 terminationis
1064 2263 1078 2301 a
1101 2244 1218 2302 secunda
1241 2260 1358 2318 persona

69 2334 196 2402 praesentis
227 2333 375 2407 temporis
407 2330 524 2388 lormunt
552 2330 730 2405 praeteritum
758 2331 910 2406 perfectum
939 2331 1044 2390 abiecta
1066 2348 1079 2386 s
1101 2330 1191 2388 littera
1220 2339 1248 2386 ct
1270 2328 1357 2384 addita

70 2417 192 2490 utilitia,
217 2427 250 2474 nt
275 2435 359 2473 amas
381 2419 469 2472 amaui
494 2418 612 2492 exceptis
628 2415 672 2472 xv
687 2434 748 2474 curn
771 2433 867 2473 eorum
890 2418 1040 2491 conpositis
1063 2416 1210 2490 plerisque.
1247 2412 1358 2470 ‘Pleris-

71 2517 107 2572 que
125 2503 292 2576 conpositis’
318 2502 385 2558 dico
407 2504 468 2558 ideo
491 2503 553 2576 quia
582 2505 724 2576 conposita
747 2519 761 2556 a
785 2501 857 2576 plico
886 2519 946 2558 cum
976 2501 1228 2576 praeposicionibus
1258 2500 1360 2555 iaciunt

70 2591 221 2656 praeteritum
246 2591 277 2644 in
306 2587 339 2643 ul
363 2588 466 2643 diuisas
488 2595 518 2644 ut
540 2587 672 2660 implicui.
717 2587 863 2661 Conposita
887 2605 947 2644 cum
970 2586 1125 2643 nominibus
1154 2585 1255 2643 iaciunt
1281 2601 1358 2658 proc·

70 2674 154 2727 uniam
169 2676 195 2729 in
212 2677 282 2744 ani,
310 2680 346 2728 ut
361 2671 549 2746 multipiicaui.
587 2672 680 2728 ilmniu
697 2671 781 2729 uerba
797 2673 900 2746 primae
915 2673 1116 2745 coniugationis
1133 2667 1172 2745 (in
1187 2687 1277 2742 murp.
1295 2668 1359 2740 ii),

69 2773 119 2827 aare
143 2759 318 2832 regulariter
350 2757 467 2813 lormaat
496 2758 673 2832 praeteritum
697 2760 723 2813 in
747 2757 790 2813 aui
814 2759 842 2814 ni
865 2767 968 2814 mutata
991 2758 1018 2813 in
1041 2767 1098 2812 tum
1122 2757 1224 2813 iaciunt
1252 2756 1359 2828 supino,

71 2851 90 2894 at
105 2846 183 2900 amani
206 2853 350 2900 amatum.
394 2842 522 2899 Similiter
545 2843 665 2916 quaein
689 2843 715 2899 ui
739 2842 840 2899 diuisas
864 2845 889 2898 in
913 2844 1000 2914 itum,
1023 2851 1053 2897 ut
1076 2844 1151 2898 ructui
1174 2842 1290 2896 uetitum
1314 2856 1359 2894 os·

70 2931 134 3000 aptis
155 2931 180 2985 in
204 2947 240 2988 co
265 2926 475 2998 desinentibus,
498 2943 568 3002 quae
591 2929 681 2983 omnia
705 2929 731 2982 ia
755 2936 827 2985 ctum
845 2927 956 2991 iaciunt.
979 2936 1009 2985 ut
1026 2927 1230 2997 scommatum,
1253 2933 1361 2998 praeter

70 3012 135 3082 pium,
155 3015 229 3090 quod
256 3015 333 3070 iacit
356 3012 479 3087 plicitum
502 3021 529 3068 et
552 3012 637 3084 mico,
660 3011 734 3086 quod
757 3030 812 3069 nou
835 3012 917 3070 habet
938 3013 1076 3088 supinum.
1120 3011 1183 3068 Dedi
1206 3027 1272 3066 uero
1295 3009 1360 3064 larii

70 3097 151 3170 iatum,
166 3101 221 3156 laui
238 3099 338 3156 lotum
356 3098 400 3154 uel
424 3097 538 3166 lautum,
561 3099 618 3154 iuni
641 3100 740 3168 lutum,
763 3101 826 3155 steti
850 3107 962 3170 statum,
986 3099 1058 3172 quod
1083 3096 1229 3154 secundum
1254 3111 1360 3169 quos·

70 3183 120 3238 ian
140 3185 331 3258 producitur,
356 3191 387 3238 ut
409 3183 436 3238 in
459 3182 594 3238 lucano
616 3179 667 3256 (cs.
682 3183 775 3240 Prisc.
792 3182 812 3239 I
828 3200 859 3256 p.
876 3187 952 3248 474,
969 3179 1093 3258 9-15);

415 3268 628 3324 Constatura
651 3267 743 3325 lides
766 3284 939 3344 superum.

19 3357 20 3392 i
70 3351 199 3412 &madum
223 3354 331 3412 alios
354 3355 512 3426 corripitur,
536 3352 622 3409 unde.

418 3455 563 3513 quorum
585 3446 682 3494 stata
705 3447 886 3516 tempora
885 3437 1004 3497 llatus.

19 3517 106 3578 iod
118 3525 337 3583 Priscianus
358 3523 468 3580 uidetur
488 3523 577 3595 uelle,
600 3523 671 3598 quod
688 3525 725 3578 sit
739 3531 866 3598 correpta
889 3523 921 3579 de
936 3524 988 3580 linc
1003 3523 1102 3596 supino
1119 3529 1217 3579 statum
1234 3519 1359 3595 loquens.

134 3611 226 3668 Omnia
253 3609 347 3666 uerba
369 3609 501 3666 secundae
525 3609 726 3680 coniugationis
749 3611 776 3664 in
800 3625 852 3665 ueo
877 3608 1026 3665 desinentia
1049 3625 1081 3664 eo
1098 3615 1200 3664 mutata
1216 3606 1254 3678 (in
1270 3621 1361 3677 morp.

19 3691 117 3772 iii
138 3697 194 3754 inc
214 3696 332 3754 iaciunt
353 3695 530 3769 praeteritum
553 3693 702 3768 penultima
726 3694 870 3768 producta,
893 3703 924 3750 ut
946 3711 1045 3751 moneo
1068 3695 1141 3750 moui
1164 3702 1191 3748 ot
1213 3691 1361 3749 secundum

72 3777 109 3834 inc
126 3785 267 3840 conniueo
295 3779 407 3837 conniui
431 3787 457 3835 et
480 3779 575 3835 lernen
599 3779 667 3834 ierui
690 3787 718 3835 et
741 3795 796 3836 non
818 3779 923 3848 lerbui3
946 3779 998 3836 hoc
1020 3780 1090 3834 enim
1113 3786 1156 3834 est
1177 3796 1192 3832 a
1216 3776 1319 3833 lerlieo.

135 3867 231 3923 ilmnia
262 3863 368 3932 uerba,
398 3879 468 3939 quae
496 3863 598 3920 iaciunt
626 3866 803 3964 praeteritum
826 3867 853 3921 in
876 3867 920 3936 ui,
950 3865 977 3920 ui
1000 3872 1102 3920 mutata
1125 3866 1152 3920 in
1176 3871 1232 3920 turn
1261 3863 1362 3918 iaciunt

73 3953 175 4022 apinam
209 3951 343 4025 exeeptis
374 3967 456 4024 pasco
484 3957 511 4004 et
539 3949 654 4020 ceteris,
689 3967 758 4024 quae
786 3951 814 4006 in
842 3951 981 4024 praesenti
1011 3949 1148 4006 uersiculo
1176 3948 1361 4006 continentur.

74 4031 122 4090 loia
146 4039 220 4111 quad
252 4037 305 4094 iila
336 4033 439 4092 scilicet
461 4051 544 4109 pasco
567 4043 596 4090 et
617 4043 708 4091 cetera
730 4033 918 4110 excipiuntur,
948 4052 1002 4091 non
1026 4037 1088 4108 quia
1111 4035 1213 4090 iaciunt
1235 4033 1361 4106 supinum

73 4135 90 4170 u
107 4131 157 4178 tum
181 4120 255 4198 (tion
282 4119 361 4192 cod.)
385 4120 431 4176 sed
454 4123 519 4194 quin
541 4121 568 4176 in
593 4117 804 4177 lormacionihus
833 4137 928 4177 eoram
952 4120 1053 4194 aliquid
1075 4119 1185 4175 additur
1205 4117 1250 4173 uel
1272 4125 1361 4172 muta-

75 4211 136 4269 'etan
156 4209 232 4282 quod
258 4209 291 4264 in
316 4205 432 4280 singulis
453 4212 529 4278 patet
551 4205 578 4260 in
601 4205 674 4260 omni
697 4206 897 4280 coniugatione.
942 4205 1010 4261 Nota
1033 4204 1106 4278 quod
1129 4219 1209 4258 omne
1232 4203 1360 4276 supinum

22 4365 23 4368 Ἴ
74 4285 194 4350 launoium
219 4295 251 4349 ul
277 4299 369 4347 mutat
390 4291 418 4346 in
441 4299 516 4360 tum,
544 4289 670 4364 producit
701 4291 875 4364 penultimam
907 4299 1017 4364 praeter
1040 4307 1102 4358 sex,
1131 4287 1235 4345 scilicet
1257 4287 1363 4361 quitum

76 4382 136 4432 aarum
161 4381 250 4436 eitum
284 4385 375 4432 satum
404 4374 483 4431 litum
510 4377 585 4433 itum.
636 4375 782 4450 Propterea
812 4393 932 4449 agnosco
961 4384 989 4432 et
1017 4390 1155 4448 cognosco
1184 4375 1306 4447 agnitum
1337 4381 1364 4428 et

76 4463 192 4532 scgnitum
216 4463 342 4519 iaciunt.

121 4577 279 4640 Secuntur
294 4593 400 4638 uersrrs
412 4577 449 4637 dc
463 4577 568 4637 eudem
580 4595 623 4651 rc,
639 4595 765 4652 pirorum
777 4594 869 4652 super
879 4577 1005 4650 sinpulis
1016 4575 1173 4636 uocabulis
1182 4579 1365 4650 plassemaia

76 4683 152 4748 palia
166 4689 242 4742 surii
258 4682 383 4754 eadem,
408 4697 470 4754 pua
485 4697 599 4752 umsus,
616 4696 719 4751 mauri,
737 4696 826 4754 quiue,
844 4681 917 4752 quio
934 4679 1071 4754 plurima
1086 4680 1261 4738 necessario
1276 4683 1365 4736 erunt

22 4801 24 4846 i
80 4783 108 4834 aa
121 4801 234 4844 ummo
251 4785 353 4858 ipsum
373 4782 622 4856 interimendum,
647 4781 679 4842 iu
696 4781 894 4842 describendo
909 4779 1030 4855 uepiepi
1045 4781 1153 4840 delere
1169 4798 1228 4840 riou
1239 4781 1365 4855 putairi:

22 4907 25 4990 i

135 4881 231 4924 (iun.
245 4889 305 4922 ur.
318 4881 401 4924 sareu.
1146 4897 1161 4932 0
