3352 5556
294 367 448 414 ccxxxv!
688 354 736 402 Di}
754 351 906 404 ΡΟΜΡΕΙΙ
925 352 971 402 ΕΤ
990 351 1186 404 cousuu‘rtt

294 559 370 620 qnae
396 542 420 604 si
449 543 634 604 remanserit.
664 540 740 621 apud
768 543 896 603 Graecos
925 541 993 602 iicet
1020 539 1107 601 nohis
1136 551 1165 602 et
1193 539 1393 620 apostrophon
1422 538 1520 600 iacere
1555 547 1587 599 et

293 645 392 708 dicere
420 644 540 724 plenum
564 641 704 711 uerbum:
735 643 812 724 apud
842 643 961 704 Latinos
988 661 1057 704 non.
1087 641 1213 705 ceruicai
1234 641 1378 712 Graecus,
1408 641 1524 722 qnando
1554 643 1585 702 in
1664 619 1665 632 ¹

294 744 552 827 metroioquitur,
582 747 624 808 sie
648 745 731 816 dicit,
760 744 1008 830 quemadmodum
1039 747 1225 806 remanserit.
1254 763 1313 806 non
1341 745 1434 814 enirn,
1463 743 1585 822 qnando
1664 749 1665 756 ’

294 846 388 910 solnta
410 849 503 910 oratio
527 857 585 918 est,
609 849 679 910 dicit
694 848 831 918 eernieai,
854 847 906 908 sed
922 847 992 909 dicit
1014 845 1098 927 piena
1115 846 1214 908 uerba.
1237 845 1313 925 apud
1330 846 1448 906 Latinos
1463 845 1585 922 quando

293 950 487 1031 apostrophos
508 953 549 1022 ht,
573 952 598 1012 si
621 969 703 1032 passa
727 950 832 1019 inerit,
856 969 941 1030 passa
965 958 1010 1011 est
1037 950 1170 1028 penitus,
1199 949 1263 1010 siue
1290 949 1321 1008 in
1348 956 1444 1010 metro
1465 948 1527 1008 siue
1551 949 1586 1007 in

292 1052 387 1114 soluta
410 1055 550 1114 oratione.
574 1055 645 1114 item
672 1053 702 1115 in
725 1052 983 1114 coniunctionibus
1010 1058 1130 1112 seruant
1152 1049 1245 1128 tegern
1269 1050 1421 1110 Graecam.
1445 1067 1512 1110 nam
1537 1047 1586 1129 [in

294 1153 569 1240 coniunctionibus]
593 1155 624 1215 in
646 1164 742 1216 metro
764 1154 921 1225 deficiunt,
946 1155 974 1216 in
998 1152 1091 1215 sointa
1120 1152 1251 1214 oratione
1274 1159 1403 1212 seruant.
1427 1157 1496 1228 puta
1517 1159 1587 1210 tan·
1664 1207 1665 1222 ,

294 1258 353 1319 ton'
376 1276 441 1328 me,
468 1258 495 1318 si
516 1257 611 1318 solnta
634 1265 713 1318 esset
734 1257 842 1326 oratio,
874 1255 994 1336 plenum
1017 1255 1130 1316 diceret
1152 1257 1289 1316 ‘tantone
1311 1272 1359 1314 me
1386 1253 1510 1314 erimine
1538 1251 1585 1312 di-

297 1361 411 1436 gnnm'.
436 1358 514 1421 men'
538 1360 675 1427 dicimus:
699 1357 794 1420 solnta
816 1359 910 1419 oratio
933 1360 958 1419 si
981 1365 1071 1426 esset.
1102 1375 1188 1418 mone
1210 1355 1330 1418 diceret.
1354 1371 1426 1432 ergo
1447 1362 1587 1415 seruatur

293 1459 342 1521 ilia
365 1459 413 1522 lex
434 1462 544 1524 Graeca
568 1463 597 1524 in
620 1458 891 1528 coniunctionibus:
920 1461 950 1522 in
974 1461 1080 1522 ceteris
1107 1459 1242 1538 partibus
1269 1458 1410 1520 orationis
1431 1475 1506 1536 opus
1528 1463 1585 1525 est

294 1569 325 1624 nt
347 1561 438 1624 semei
460 1561 632 1642 pertulerit;
655 1565 678 1626 si
700 1561 791 1624 semei
814 1561 983 1642 pertuterit,
1007 1564 1063 1624 iam
1085 1563 1179 1642 ipsam
1203 1567 1311 1622 seruat.

277 1683 278 1688 ¹
376 1667 439 1727 Pro
454 1663 502 1726 his
523 1669 613 1726 madio
634 1665 762 1727 meliora
784 1669 921 1742 quamuis
936 1683 974 1726 ne
988 1666 1064 1726 haec
1078 1663 1198 1740 quidem
1215 1662 1349 1725 monibus
1364 1659 1497 1724 numeris
1517 1677 1586 1723 cor·

292 1775 377 1829 recta
399 1769 475 1838 haee
495 1775 564 1829 sunt
584 1767 618 1829 a'n
640 1770 707 1829 cod.
734 1769 834 1840 123f.
859 1765 910 1828 5⁶:

378 1870 432 1931 Est
454 1869 539 1930 etiam
563 1865 768 1950 apostrophum
792 1869 867 1949 apnd
891 1866 969 1930 iatin'
993 1887 1051 1929 non
1074 1867 1211 1930 iacilnio
1234 1865 1401 1928 nominihus
1421 1865 1587 1934 inuenitur.

296 1973 354 2033 nisi
374 1990 464 2051 quem
487 1970 645 2034 admodum
668 1973 845 2034 remanserit
873 1973 904 2032 in
931 1969 1069 2032 omnibns
1096 1969 1152 2031 hoc
1175 1957 1251 2050 apnd
1274 1968 1389 2030 latinos.
1412 1976 1481 2029 sunt
1503 1969 1585 2028 enim

294 2074 466 2154 apostrophi
489 2093 505 2135 a
527 2074 606 2154 apud
628 2091 733 2153 grecos
755 2092 812 2153 qne
835 2078 1007 2135 remaneant
1028 2072 1104 2154 apud
1133 2071 1213 2132 latio'
1242 2069 1309 2132 iicet
1336 2070 1421 2132 nobis
1449 2078 1585 2147 apostro-

293 2175 384 2255 phum
408 2175 506 2237 iacere
529 2171 638 2237 et'non
662 2175 762 2236 dicere
784 2174 905 2254 plenum
928 2173 1054 2236 nerhnm
1077 2174 1154 2254 apnd
1178 2174 1284 2234 latinos
1311 2181 1344 2234 ut
1372 2181 1416 2233 est
1444 2171 1585 2233 ceruicai.

293 2295 400 2356 grecus
422 2276 539 2358 quando
562 2276 692 2356 loquitur
714 2278 744 2338 in
766 2284 875 2346 metro,
899 2279 942 2338 sic
957 2276 1027 2338 dicit
1042 2275 1291 2356 quemadmodum
1313 2275 1490 2336 remanserit
1512 2321 1519 2334 .
1544 2320 1552 2333 .
1579 2315 1586 2337 ι

293 2423 479 2442 ........
503 2377 574 2440 dicit
595 2378 723 2440 eeruieai
746 2378 798 2440 sed
822 2377 893 2440 dicit
913 2377 1000 2459 piena
1021 2377 1112 2439 uerba
1134 2378 1212 2456 apud
1232 2375 1236 2460 Ι
1257 2378 1275 2438 i.
1291 2375 1327 2439 6·
1347 2375 1351 2458 Ι
1371 2373 1451 2438 iatin'
1466 2376 1587 2456 quando

295 2479 492 2561 apostrophos
514 2482 552 2542 sit
574 2483 597 2541 si
622 2498 706 2560 passa
728 2480 817 2542 inerit
837 2499 922 2560 passa
946 2488 991 2541 est
1018 2481 1135 2559 penitus
1162 2481 1225 2540 siue
1254 2481 1283 2540 in
1313 2481 1434 2540 metrica
1463 2481 1525 2539 siue
1554 2480 1586 2538 in

292 2583 390 2645 solnta
414 2583 555 2643 oratione.
586 2585 655 2644 item
684 2583 942 2644 coniunctionibus
964 2583 1061 2659 grecis
1082 2589 1203 2644 seruant
1225 2580 1320 2658 tegern
1347 2596 1465 2657 grecam
1488 2588 1521 2640 nt
1549 2581 1583 2641 in

292 2683 547 2747 coniunctionibus
568 2686 598 2745 in
623 2691 717 2746 metro
740 2685 881 2746 deficiunt
903 2685 931 2743 in
947 2683 1041 2746 soluta
1057 2685 1190 2744 oratione
1212 2689 1332 2743 seruant
1354 2689 1386 2743 ui
1407 2689 1478 2761 puta
1500 2689 1585 2743 tanto

293 2806 340 2849 rne
361 2795 390 2848 et
411 2783 449 2849 dt'
469 2805 525 2866 pro
547 2786 613 2848 dice
636 2786 682 2847 iac
705 2805 759 2867 pro
782 2786 845 2847 iace
867 2787 892 2847 si
914 2785 1007 2848 soiuta
1031 2793 1109 2846 esset
1130 2786 1223 2846 oratio
1247 2783 1368 2864 pienum
1385 2783 1497 2845 diceret
1518 2791 1585 2844 tan·

292 2899 360 2953 tone
383 2909 430 2951 me
452 2889 584 2952 cremine
606 2888 711 2950 duxisti
734 2887 811 2951 idest
832 2887 968 2950 iudicasti
995 2886 1090 2950 soluta
1119 2888 1212 2948 oratio
1241 2896 1286 2948 est
1313 2903 1381 2947 cum
1410 2904 1447 2946 ue
1469 2885 1586 2947 diceret

292 3011 347 3072 ego
368 2991 482 3054 suintnr
505 3011 540 3054 ex
564 3008 651 3069 greca
675 2989 769 3068 legem
789 2993 819 3052 in
835 2990 1091 3052 coniunctionibus
1106 2991 1136 3050 in
1152 2988 1277 3067 integris
1291 2987 1426 3082 partihps
1441 2988 1586 3049 orationis

291 3114 366 3176 opus
388 3102 433 3156 est
456 3103 488 3157 ιιι
509 3095 534 3154 si
556 3093 648 3156 semei
670 3092 838 3174 protullerit
859 3095 917 3155 iam
941 3093 1033 3172 ipsam
1056 3100 1157 3155 seruat
1178 3125 1219 3136 —

374 3199 431 3260 hoe
452 3203 511 3260 est:

376 3299 427 3362 Est
449 3300 537 3361 etiam
560 3298 769 3377 apostrophus:
799 3297 877 3378 apud
900 3296 1020 3359 Latinos
1041 3313 1100 3358 non
1129 3296 1215 3357 iaeiie
1242 3299 1272 3357 in
1301 3293 1470 3358 nominibus
1497 3295 1584 3355 inue-

292 3403 382 3471 nitur,
412 3403 468 3464 nisi
498 3400 745 3481 quemadmodum
773 3400 960 3462 remanserit.
1005 3398 1037 3460 Ιιι
1065 3397 1235 3460 nominihus
1262 3399 1319 3459 hoc
1346 3396 1423 3476 apud
1453 3395 1583 3457 Latinos.

293 3505 369 3566 Sunt
396 3503 474 3566 enim
503 3503 674 3583 apostrophi
702 3502 779 3582 apud
808 3503 946 3571 Graecos,
975 3502 1025 3580 qui
1054 3508 1226 3562 remaneant
1253 3498 1330 3579 apud
1352 3499 1485 3560 Latinos:
1513 3496 1586 3558 lieet

292 3605 377 3668 nohis
399 3605 609 3687 apostrophum
633 3604 731 3667 iacere
753 3613 783 3664 et
804 3621 863 3664 non
886 3601 985 3664 dicere
1006 3600 1127 3681 pienum
1150 3601 1276 3664 nerhnm
1299 3600 1378 3682 apud
1400 3600 1526 3670 Latinos,
1551 3610 1585 3661 ut

292 3717 338 3770 est
359 3705 497 3770 cernical.
541 3707 672 3769 Graecus
695 3705 812 3786 quando
835 3705 966 3784 loquitur
987 3705 1017 3764 in
1041 3713 1146 3774 metro,
1170 3705 1213 3765 sie
1232 3704 1312 3773 dicit,
1335 3699 1583 3783 quemadmodum

291 3810 482 3872 remanserit:
507 3827 566 3870 non
589 3815 696 3880 autem,
720 3807 838 3889 quando
860 3805 955 3868 soluta
978 3807 1072 3867 oratio
1095 3815 1149 3878 est,
1173 3806 1244 3867 dicit
1258 3803 1419 3873 ‘cornieai',
1443 3802 1494 3864 sed
1511 3802 1583 3864 dicit

291 3909 378 3992 plena
402 3908 501 3972 uerba.
546 3911 630 3992 hpud
653 3910 772 3972 Latinos
788 3908 905 3987 quando
920 3907 1132 3988 apostrophum
1147 3907 1257 3988 spiiaba
1273 3925 1359 3986 passa
1373 3906 1472 3976 inerit,
1495 3923 1582 3984 passa

292 4020 336 4074 est
356 4014 483 4093 penitus,
507 4015 572 4077 siue
593 4015 623 4075 in
647 4014 769 4075 metrica
792 4013 856 4072 siue
878 4011 907 4072 in
929 4007 1023 4073 soluta
1040 4009 1182 4072 oratione.
1218 4010 1292 4072 Item
1315 4011 1346 4069 in
1368 4006 1583 4088 coniunctioni-

292 4113 346 4178 bus
375 4115 472 4176 Latini
500 4123 621 4176 seruant
648 4113 743 4194 legem
766 4115 923 4176 Graecam:
953 4131 1021 4174 nam
1050 4111 1095 4193 [in
1123 4108 1396 4191 coniunctionibus]
1425 4110 1455 4170 in
1484 4115 1583 4170 metro

292 4217 447 4286 deficiunt,
477 4219 509 4278 in
531 4216 626 4280 soluta
650 4219 784 4278 oratione
806 4224 941 4284 seruant,
972 4223 1005 4277 nt
1027 4221 1114 4294 puta:
1143 4217 1256 4276 ‘tanton
1279 4215 1337 4274 me’
1363 4210 1408 4292 [et
1430 4211 1500 4272 ‘dic’
1524 4229 1583 4290 pro

292 4320 372 4391 dice,
396 4319 464 4380 ‘iac’
490 4338 545 4398 pro
567 4319 661 4402 iace]:
691 4320 716 4380 si
739 4316 833 4379 soluta
857 4328 935 4379 esset
957 4318 1060 4387 oratio,
1083 4315 1204 4396 pienum
1228 4313 1354 4376 diceret:
1380 4319 1511 4375 ‘tantone
1533 4331 1584 4373 me

291 4422 415 4482 erimine
437 4419 557 4483 duxisti’
581 4419 675 4502 [idest
699 4417 869 4499 iudicasti]:
899 4418 993 4480 soluta
1022 4420 1117 4480 oratio
1145 4419 1169 4478 si
1198 4424 1289 4486 esset,
1320 4418 1429 4476 ‘mene’
1460 4413 1583 4475 diceret.

292 4523 370 4600 Ergo
392 4531 512 4586 seruant
534 4523 629 4584 Latini
644 4524 786 4586 Graecam
810 4521 904 4601 legem
926 4523 957 4582 in
973 4518 1242 4583 coniunctionibus:
1266 4519 1295 4578 in
1318 4519 1427 4579 ceteris
1448 4513 1581 4597 partibus

292 4625 433 4686 orationis
455 4642 530 4704 opus
553 4633 606 4693 est,
630 4631 661 4685 nt
682 4627 708 4685 si
730 4623 821 4686 semei
844 4621 1009 4702 pertulerit,
1033 4625 1090 4684 iam
1114 4623 1205 4700 ipsam
1229 4629 1337 4682 seruet.

333 4771 335 4776 -
375 4726 437 4788 Sed
458 4729 518 4788 iam
545 4729 625 4788 nnnc
647 4728 783 4804 Pompeii
807 4727 916 4788 tiorum
942 4721 1225 4800 interpolationibus
1251 4732 1281 4784 et
1300 4726 1407 4800 ptossr's
1434 4721 1580 4794 infectum

292 4829 385 4890 uides.
433 4829 649 4892 Percurremus
669 4837 779 4890 cetera.
