3308 5542
560 321 768 370 ...xp-

83 495 323 579 mnuscriplorum‚
348 499 509 582 quodquod
522 494 662 580 Bemae,
683 495 719 560 in
733 494 873 562 Heremo
890 517 995 580 secra,
1017 494 1126 562 Turici
1147 496 1316 566 edseruaie

163 605 264 670 alicum
472 607 505 671 fe
747 628 770 672 ιι
889 605 990 672 decri
1031 607 1038 622 '
1207 609 1220 673 l
1307 612 1313 625 '

82 625 167 798 iddindd,
184 718 216 780 ul
227 627 454 783 mcidddemsdn
468 609 899 804 resmlideiearidiuilnecodgumd‘ldss,
910 611 1153 804 esuisldiiiiilsiide
1168 607 1314 805 diuisgcaulii

82 825 194 908 uurplis.
226 826 290 892 lam
310 829 408 894 lertio
431 828 502 894 loco
523 850 592 895 non
613 832 681 894 lem
702 829 873 913 librorum,
896 851 992 914 quam
1015 834 1181 896 auctorum
1202 831 1314 898 habito

83 941 178 1018 espen
196 958 230 1002 ee
248 937 380 1024 collegi,
402 961 484 1024 quae
506 940 601 1006 certis
617 944 776 1005 carlorum
792 943 959 1006 auctorum
974 941 1160 1006 nominibus
1175 941 1317 1028 insignia

82 1047 232 1112 munheri
256 1053 311 1114 aul
340 1049 437 1134 plene
463 1072 532 1116 non
559 1051 690 1137 cogniia
717 1051 820 1116 adhuc
848 1055 905 1116 eui
931 1051 1016 1118 iusto
1043 1051 1178 1118 minoris
1206 1053 1317 1119 habile

83 1155 110 1218 uel
124 1179 212 1240 puum
231 1164 376 1226 accurate
398 1160 566 1246 desespa.
612 1159 682 1236 Quo
709 1161 832 1227 facium
859 1164 922 1246 esl,
950 1166 1001 1246 ut,
1029 1183 1222 1247 quamquam
1248 1185 1316 1230 non

45 1267 46 1320 l
82 1289 143 1348 poca
153 1268 247 1335 meunt
260 1269 398 1356 inedie,
411 1271 588 1354 heiccerbe
603 1273 687 1357 perii
702 1272 1070 1357 supplementorum
1085 1274 1203 1361 magis,
1218 1296 1316 1359 quem

82 1377 249 1446 ueedolorom
268 1402 392 1447 nornen
412 1383 611 1448 conuenirel.
650 1382 751 1459 Quem
768 1382 898 1468 quidem
920 1383 1090 1468 supplendi
1112 1383 1256 1450 laborem
1278 1407 1316 1451 eo

82 1488 147 1551 unus
162 1492 353 1578 respuebam,
379 1497 552 1578 postquem
577 1497 682 1560 utum
704 1494 791 1559 hunc
812 1493 931 1558 librum
952 1515 1011 1579 pro
1034 1495 1316 1581 grammaticorum

81 1594 213 1666 latinorum
233 1625 253 1667 a
271 1601 427 1670 Puiachio
450 1603 620 1690 Keilioque
649 1605 808 1671 editorum
838 1604 1061 1690 supplemento
1093 1610 1126 1671 el
1146 1627 1240 1690 posse
1262 1606 1317 1672 he·

45 1711 46 1792 i
82 1705 311 1778 bicubitum
334 1714 375 1779 iri
396 1714 555 1781 uidebam.

45 1899 46 1920 ,
129 1818 176 1886 Sed
198 1821 272 1889 baec
300 1825 413 1892 omnia
437 1847 639 1911 summopere
666 1827 778 1892 dubibo
807 1847 885 1890 num
908 1825 1045 1891 feliciter
1066 1827 1170 1910 occipi
1192 1828 1316 1912 riteque

81 1931 149 2014 pungi
169 1935 339 2020 potuerint,
368 1936 432 2000 nisi
460 1937 604 2003 uirorum
632 1938 842 2022 optimorum,
872 1936 928 2021 qui
952 1935 1176 2003 Heluetiorum
1204 1937 1317 2003 biblio-

45 2099 46 2128 ,
80 2037 142 2104 lucis
157 2050 310 2130 praesunt,
335 2046 522 2112 (lornarii
545 2035 743 2131 Turicensis',
765 2045 900 2112 Petris
926 2045 1032 2112 Galli
1059 2045 1221 2113 Morelii
1240 2047 1318 2114 ein-

45 2135 46 2188 l
80 2147 189 2238 adessa,
218 2153 351 2222 Caroli
377 2157 573 2224 Ludouici
605 2158 649 2223 de
677 2157 861 2243 Sleigero
889 2155 1063 2223 Bernensis
1096 2157 1317 2224 beniuolentia

80 2258 264 2350 ²debilemque
285 2268 358 2334 uias
379 2269 460 2334 mihi
483 2269 523 2334 ad
544 2269 617 2334 illos
639 2269 807 2334 thesauros
828 2267 1040 2352 patefecisset.
1077 2271 1185 2353 Atque
1207 2268 1319 2334 Gallus

79 2365 182 2440 doulos
199 2398 300 2462 meus,
324 2378 402 2444 ‘iem
424 2379 546 2463 senior,
572 2379 627 2444 sed
648 2379 746 2446 cruda
767 2380 838 2444 uiro
861 2378 1036 2463 uiridisque
1058 2383 1228 2463 seneebrs’,
1250 2401 1318 2445 non

45 2483 46 2566 i
79 2479 155 2568 alum,
173 2507 235 2553 cum
256 2488 384 2556 duobus
406 2490 524 2556 abhinc
546 2491 640 2556 annis
662 2512 723 2576 per
740 2489 883 2556 triduum
904 2490 1092 2556 monasterii
1105 2489 1318 2555 Einsidlensis

79 2587 247 2664 bibliolliecem
266 2604 502 2685 perscrutarer,
524 2622 648 2665 summo
664 2623 715 2666 me
730 2601 815 2666 foui'o
830 2621 938 2665 amore
954 2601 1116 2684 effuseque
1131 2603 1318 2685 prosecutus

79 2703 269 2775 edlibrorum'
288 2710 637 2777 subministrandorum
670 2711 877 2796 liberaliiale,
910 2710 981 2794 sed,
1017 2716 1189 2795 postquem
1221 2711 1318 2777 breue

45 2803 46 2882 l
79 2809 126 2876 llud
146 2821 281 2904 temporis
309 2821 451 2906 spatium
478 2823 565 2888 inira
591 2823 721 2888 claustri
749 2825 845 2906 abque
872 2820 952 2886 adeo
979 2821 1168 2887 ‘clausurae'
1191 2822 1319 2888 moenie

45 2893 47 2980 i
79 2932 247 3012 cumptum
269 2932 378 3018 operis
400 2933 539 3018 suscepti
561 2932 798 3020 longitudinem
820 2931 952 2997 minime
975 2953 1111 3016 aequare
1133 2932 1239 2997 uisum
1260 2936 1318 3017 esd,

45 3063 46 3140 ι
78 3027 170 3120 benigne
192 3043 263 3106 selis
290 3043 433 3127 amplam
459 3044 616 3109 librorum
643 3043 934 3127 manuscripborum
961 3043 1243 3127 inpressorumque
1268 3065 1318 3108 eo·

45 3175 47 3266 l
78 3141 177 3222 limin
199 3149 279 3218 hanc
307 3153 429 3220 ciuium
456 3153 669 3221 Bernensium
698 3154 805 3226 sedem
831 3153 921 3218 misit
947 3152 1056 3218 eadem
1087 3175 1213 3238 semper
1233 3175 1319 3240 usus,

45 3281 47 3328 l
79 3255 99 3314 u
112 3254 173 3322 inler
190 3265 322 3348 amicos,
345 3265 372 3330 si
394 3265 532 3330 amicum
554 3265 715 3350 appellere
737 3264 787 3329 fes
809 3267 859 3329 esi
873 3263 979 3328 uirum
992 3263 1136 3329 humane
1149 3286 1210 3330 nos
1224 3286 1320 3351 gene·

45 3397 46 3456 ι
79 3365 159 3433 udone
175 3375 427 3460 andecedenbem,
450 3375 679 3442 iucundissima
700 3375 800 3440 animi
822 3374 991 3440 sueuibaie.
1031 3373 1188 3459 Proinde,
1210 3376 1237 3440 si
1259 3374 1319 3440 lar-

45 3465 47 3552 l
79 3472 122 3553 ..⁸¹⁰¹
143 3479 189 3564 ier
216 3484 275 3551 hos
305 3481 411 3552 annos
443 3486 592 3572 peruenit
621 3485 852 3571 peruenielque
886 3485 983 3550 eliam
1015 3484 1056 3550 ad
1088 3486 1176 3551 uiros
1208 3485 1319 3551 doctos

79 3590 161 3654 unm
178 3591 282 3661 Sancti
304 3595 465 3663 Meinradi
492 3597 624 3681 nolitia,
653 3617 695 3662 en
721 3597 813 3661 illum
834 3595 941 3662 uirum
962 3596 1179 3662 uenerabilem
1200 3595 1319 3661 habebo

80 3699 203 3770 amram!

130 3809 177 3878 Sed
198 3816 293 3904 longe
322 3819 462 3885 maxime
488 3819 564 3884 libri
590 3840 665 3903 pars
695 3820 731 3884 in
758 3817 903 3884 codicum
925 3817 1137 3884 Bernensium
1165 3817 1320 3884 memoria

45 3921 406 4048 ,salmanasaro
443 3929 514 4008 Qua
527 3931 563 3996 in
576 3952 612 3996 re
626 3930 654 3995 si
669 3929 841 3998 Sinnerum
856 3928 996 4014 catalogi
1010 3932 1085 3994 ente
1107 3927 1167 3994 hos
1189 3913 1319 3994 cendum

45 4049 47 4124 Ι
81 4045 142 4096 moe
162 4041 371 4106 confectorem
398 4041 511 4108 ducem
538 4044 665 4108 secutus
692 4041 811 4124 forem,
846 4062 896 4106 res
929 4040 1009 4124 quin
1035 4039 1141 4104 minus
1168 4061 1320 4124 prospere

45 4131 48 4250 l
81 4157 213 4216 illaesum
230 4152 347 4237 fuerit,
367 4153 477 4219 nullus
498 4151 611 4218 dubibo
617 4155 820 4237 ,propterea
842 4151 928 4236 quod
945 4150 985 4216 ad
998 4171 1121 4215 nouum
1136 4148 1319 4236 catalogum

45 4253 255 4328 ledendum
277 4263 417 4350 singolis
439 4286 477 4329 ex
499 4263 612 4330 ordine
633 4263 724 4328 libris
747 4261 895 4347 deinceps
918 4261 1056 4327 euolubis
1071 4259 1174 4326 mulla
1186 4259 1321 4326 inuenta

83 4369 124 4427 ml
127 4391 224 4454 ‚quae
249 4373 345 4438 illurn
371 4395 502 4458 prorsus
523 4375 690 4461 fugerant,
719 4373 775 4458 qui
796 4395 838 4438 ne
860 4371 1060 4459 singularum
1082 4369 1211 4456 quidem
1233 4370 1321 4436 sehe-

82 4417 161 4564 disin,
183 4506 323 4568 quarum.
341 4505 460 4572 magns
481 4486 574 4571 copie
595 4489 659 4570 est,
687 4483 786 4550 ullam
808 4485 941 4550 omnino
963 4481 1162 4550 menlionem
1183 4481 1320 4548 feisse.

45 4673 46 4676 Ἴ
83 4575 132 4652 lle
152 4613 242 4680 neqnc
269 4596 457 4662 retexissem
484 4619 589 4683 neque
616 4596 699 4662 iusbe
721 4617 907 4681 percensere
929 4598 1026 4680 elque
1047 4596 1242 4680 pertractare
1263 4615 1320 4676 po·

45 4759 47 4792 ,
83 4695 494 4794 l11'2een,niaiSleigerus
521 4707 573 4774 uir
599 4707 718 4773 nobilis
746 4710 842 4791 alque
870 4706 970 4772 comis
992 4704 1148 4790 singulari
1170 4724 1247 4790 erga
1268 4726 1320 4768 me
1438 4765 1443 4775 .
