3354 5580
536 366 683 420 contem
701 367 906 422 BERNENSIS
923 373 966 421 83.
1339 369 1398 432 181

98 557 194 619 trabit
216 565 245 619 et
267 557 475 626 indicatiuum,
499 565 546 618 ut:
570 557 609 618 ‘si
632 555 760 618 mundus
781 575 835 617 uos
857 555 939 626 odit',
955 563 998 617 et:
1022 559 1060 619 ‘si
1075 575 1122 618 me
1137 561 1290 637 prosecuti
1306 563 1397 628 sunt',

99 669 148 720 et:
172 659 213 720 ‘si
236 677 404 720 sermonem
428 676 526 720 ereum
549 662 776 728 seruaueruut’,
802 667 844 719 et:
874 657 917 720 ‘si
939 657 1064 738 diligitis
1086 677 1149 728 me,
1172 659 1309 721 mandata
1332 679 1397 721 mea

98 762 196 821 sunt'.
233 759 315 821 Vnde
339 759 416 840 qnod
439 761 469 822 in
493 777 550 821 una
574 759 683 821 dicitur
704 761 912 824 translatione:
942 762 978 821 ‘si
994 761 1166 840 iniquitates
1188 759 1399 824 obseruaueris
1487 743 1489 748 ⁸

98 861 249 931 Domine',
272 864 304 922 iu
325 862 380 923 alia
404 861 525 922 dicitur:
555 863 594 922 ‘si
616 863 784 942 iniquitates
806 860 1000 924 obseruabis’.
1047 861 1123 923 ilinc
1144 863 1175 922 in
1199 881 1255 924 nna
1278 880 1398 944 quoque

70 964 248 1024 esententia
272 981 493 1042 nonnumquam
516 972 674 1044 utrumque
697 966 855 1044 reperitur,
880 971 926 1025 ut:
951 964 987 1024 ‘si
1011 963 1084 1024 baec
1099 965 1179 1033 sitis,
1203 964 1281 1027 beati
1304 965 1396 1036 eritis,

96 1067 123 1125 si
149 1065 283 1126 feceritis
305 1067 361 1126 ea'.
406 1065 477 1128 ‘lale
500 1073 545 1127 est
567 1073 597 1127 et
618 1065 705 1129 illud:
729 1067 768 1128 ‘si
790 1067 929 1128 esurierit
950 1067 1088 1126 inimicus
1110 1072 1193 1134 tuus,
1214 1067 1282 1128 ciba
1305 1065 1395 1137 illum,

98 1169 124 1226 si
151 1166 227 1237 sitit,
251 1175 353 1247 potum
376 1167 411 1228 da
434 1167 495 1228 illi’
518 1175 574 1228 ete.
598 1201 640 1212 —
668 1167 702 1229 Id
730 1186 848 1250 quoque
877 1172 1048 1258 frequenter
1077 1169 1227 1246 reperitur
1248 1169 1279 1229 in
1301 1170 1398 1249 poetis

97 1267 299 1340 abundanter,
324 1278 370 1330 ut:

304 1371 341 1432 Si
363 1370 453 1432 deus
476 1379 531 1432 est
552 1373 694 1432 animus
717 1369 824 1432 nobis
847 1381 886 1433 ut
907 1373 1072 1433 carmine
1095 1371 1227 1433 dieunt

63 1489 86 1528 ιο
99 1481 130 1534 et
307 1473 342 1534 si
366 1472 454 1533 mibi
478 1491 569 1554 quae
593 1491 703 1552 posco
726 1476 953 1553 promittunt

98 1583 128 1635 et
304 1574 341 1635 Si
366 1575 520 1636 tratrem
542 1573 674 1637 Pollux
698 1575 849 1636 alterna
871 1583 989 1637 morte
1010 1574 1172 1637 redemit

98 1686 129 1737 et
304 1675 340 1735 Si
363 1678 486 1754 potnit
509 1695 632 1738 manes
655 1651 859 1738 arcessere'
876 1678 1048 1756 coniugis
1071 1676 1242 1756 Orpheus

98 1785 128 1838 et
303 1776 427 1839 Odere
449 1780 480 1839 si
505 1787 651 1866 potero,
675 1778 738 1840 sed
763 1797 832 1840 non
855 1781 1003 1840 inuitus
1025 1777 1163 1840 amabo.

99 1929 260 1992 Sciendum
284 1937 465 2001 esttamen,
490 1930 567 2011 quod
589 1930 790 1993 Prisciano
813 1938 939 1992 testante
963 1941 1033 1992 tune
1056 1933 1106 1992 ‘si’
1123 1932 1249 1992 maxime
1272 1933 1393 1992 coniun-

64 2045 86 2086 n
97 2033 177 2109 gitur
209 2033 415 2102 coniunctiuo,
449 2031 567 2113 quaudo
597 2033 750 2112 protertur
777 2032 958 2103 dubitatiue,
992 2041 1062 2094 tune
1092 2039 1191 2092 autem
1219 2032 1393 2102 indication,

96 2134 214 2214 qnando
237 2135 451 2195 confirmatiue.
496 2134 576 2195 ldem
599 2136 687 2196 etiam
710 2127 760 2195 ‘si'
784 2142 843 2204 est,
867 2133 984 2214 quaudo
1006 2137 1128 2213 ponitur
1150 2153 1205 2213 pro
1226 2135 1321 2201 ‘norst
1346 2143 1393 2194 ut:

96 2235 135 2295 ‘si
159 2235 327 2297 introibunt
348 2238 380 2296 in
403 2237 536 2316 requiem
560 2238 679 2306 meam’,
704 2245 746 2296 et:
770 2237 806 2296 ‘si
828 2235 920 2297 dauid
945 2238 1095 2306 mentiar',
1119 2245 1164 2297 et:
1188 2236 1224 2295 ‘si
1247 2237 1394 2296 introiero

98 2338 127 2395 in
151 2336 376 2398 tabernaculum
405 2338 510 2398 domus
533 2357 630 2404 meae.
660 2339 686 2398 ei
709 2321 872 2398 ascendero
895 2337 923 2396 in
953 2337 1063 2398 lectum
1085 2339 1170 2397 strati
1194 2339 1270 2405 mei,
1294 2339 1319 2397 si
1343 2337 1394 2397 de·

98 2436 171 2498 dero
198 2455 335 2499 somnum
364 2439 458 2500 oculis
481 2441 571 2500 meis’
595 2447 640 2500 et:
664 2439 702 2499 ‘si
725 2438 889 2500 dimittetur
917 2437 1004 2500 uobis
1031 2441 1174 2519 iniquitas
1200 2439 1275 2500 liaeo
1298 2437 1393 2499 donoc

64 2555 86 2595 eo
99 2542 293 2602 moriamini'.
339 2539 464 2602 Ponitur
485 2559 602 2621 quoque
625 2539 704 2600 idem
727 2541 777 2602 ‘si’
794 2559 850 2619 pro
865 2541 992 2616 utinam,
1017 2549 1049 2601 ut
1071 2548 1117 2601 est
1137 2539 1209 2602 illud
1225 2540 1392 2619 Virgilii:

299 2643 336 2703 Si
359 2661 455 2704 nurrc
476 2659 514 2702 se
537 2641 645 2703 nobis
668 2642 734 2703 ille
756 2659 890 2702 aureus
914 2640 1049 2702 arbore
1073 2659 1194 2703 ramus

298 2745 480 2805 Ostendat
502 2761 656 2806 nemore
680 2745 716 2804 in
740 2751 843 2804 tanto

99 2855 127 2906 et
148 2845 219 2907 illud
236 2846 429 2924 Gregorii:
453 2849 488 2906 ‘o
511 2847 538 2906 si
561 2863 693 2925 sapere
716 2844 752 2906 in
775 2844 903 2906 cordis
925 2845 1050 2924 palato
1072 2845 1223 2924 possit’.
1268 2845 1394 2906 Ponitur

98 2949 183 3008 etiam
207 2948 380 3028 frequenter
403 2955 433 3007 et
455 2965 509 3027 pro
532 2945 712 3026 ‘numquid’,
737 2955 769 3007 ut
790 2955 837 3007 est
857 2946 944 3007 illud:
969 2947 1012 3007 ‘si
1035 2945 1109 3007 haec
1131 2948 1171 3007 ita
1194 2965 1227 3006 se
1250 2943 1392 3006 habentl’

65 3165 87 3204 ²⁵
181 3149 193 3229 ll
211 3153 232 3213 l.
247 3147 299 3212 llb
316 3147 329 3233 ΙΙ
355 3151 408 3212 ‘lle
431 3149 607 3230 profundis’,
631 3149 707 3211 idest
729 3149 765 3210 de
789 3148 1050 3228 profunditatibus.
1090 3147 1192 3210 Solent
1215 3149 1294 3209 enim
1316 3167 1391 3210 non·

99 3252 182 3324 nolli,
206 3253 472 3333 quotienscumque
495 3252 597 3332 legunt
620 3259 649 3313 et
670 3250 721 3313 ubi
744 3251 867 3313 audiunt
887 3253 987 3313 neutri
1002 3252 1119 3331 generis
1134 3251 1263 3320 nomina,
1286 3269 1391 3331 super·

98 3354 166 3416 diras
200 3363 232 3415 et
261 3358 380 3434 penitus
401 3341 607 3416 'inconcinnas
641 3357 879 3433 incongruasque
916 3353 1140 3416 subauditiones
1173 3351 1289 3422 dicere,
1312 3370 1390 3436 “curu

98 3473 219 3533 prorsus
246 3457 276 3516 in
305 3457 468 3526 locutione,
498 3475 555 3537 qua
579 3473 633 3516 nos
656 3459 783 3525 utimur,
813 3454 869 3516 sub
892 3464 998 3517 neutro
1020 3473 1131 3534 genere
1154 3453 1229 3516 nibil
1250 3452 1391 3515 subaudi·

99 3559 183 3619 tionis
206 3558 254 3619 uel
277 3557 364 3618 nobis
385 3559 431 3618 uel
455 3556 642 3620 auditoribus
666 3559 777 3619 nostris
800 3557 860 3619 ullo
883 3556 970 3618 modo
993 3555 1156 3618 debeamus
1183 3556 1334 3633 ingerere,
1360 3564 1391 3616 nt

67 3666 153 3719 aest:
175 3658 260 3738 ‘quid
284 3667 329 3720 est
351 3661 408 3720 hoc
430 3658 508 3740 quod
531 3661 671 3738 cogitast'
694 3668 751 3721 etc.

179 3859 193 3945 ll
210 3862 230 3927 1.
248 3857 307 3923 12³
324 3857 338 3945 ll
366 3863 569 3944 ‘dispersioi
587 3863 706 3943 quidem
730 3871 760 3923 et
781 3863 969 3942 ‘respersio'
999 3859 1076 3922 bene
1104 3861 1256 3940 prolertur
1278 3879 1333 3942 per
1356 3880 1388 3930 e:

99 3963 290 4044 ‘consparsio'
315 3973 413 4026 tamen
436 3967 528 4026 satius
551 3983 604 4044 per
627 3985 641 4025 a
664 3965 824 4044 protertur,
848 3965 936 4025 sicuti
958 3961 1104 4025 sciliceta
1120 3964 1243 4044 ‘patior’
1259 3971 1390 4024 mutatur

100 4065 280 4147 ‘perpetior'‚
304 4075 405 4128 manet
427 4068 627 4147 ‘compatior’.
672 4066 722 4127 Sic
744 4068 843 4145 itaque
865 4067 1076 4146 ‘consparsio’,
1098 4067 1176 4126 sicut
1198 4068 1389 4144 ‘compassio’

101 4174 126 4225 et
145 4168 318 4247 ‘dispersio’
340 4170 403 4231 siue
427 4171 612 4250 ‘respersio’‚
636 4169 724 4230 sicuti
746 4167 944 4248 ‘perpessio'.
989 4165 1055 4229 Non
1078 4168 1225 4248 excipitur
1247 4186 1263 4228 a
1287 4166 1389 4246 ‘lego’

70 4279 215 4332 useruans
238 4291 254 4332 e
277 4270 371 4332 solum
394 4269 528 4349 ‘relego',
552 4271 620 4351 quia
642 4269 750 4332 dicitur
771 4268 905 4351 pariliter
928 4288 944 4330 a
966 4269 1068 4348 ‘lego’
1091 4267 1219 4347 ‘delego'
1243 4268 1388 4348 ‘perlego'

101 4373 306 4452 ‘propterlego'
330 4359 466 4451 ‘selego'
489 4371 646 4452 ‘sublege'
669 4370 875 4451 ‘subterlego’,
905 4389 940 4433 ae
961 4390 1016 4452 per
1038 4371 1096 4432 boc
1117 4373 1175 4432 rite
1197 4369 1337 4431 similiter
1361 4375 1389 4430 et

102 4507 319 4518 ψ-

160 4573 332 4641 tetingin
352 4589 496 4624 sermonem
573 4585 742 4626 seruauerunt
759 4586 783 4626 et
801 4591 816 4624 u
835 4572 889 4626 iet
906 4575 928 4624 ei
1015 4571 1136 4624 liberitis
1222 4571 1284 4623 esi
1303 4567 1385 4638 Deus]

101 4640 344 4694 conmanere
414 4645 446 4693 10
464 4640 491 4692 Si
510 4639 584 4707 mihi]
608 4643 685 4708 Verp.
703 4646 766 4696 Aen.
786 4642 831 4692 IX
848 4645 898 4692 191
985 4643 1015 4690 11
1035 4639 1064 4690 Si
1082 4637 1198 4705 iretrem]
1221 4642 1300 4704 Verp.
1319 4641 1386 4690 Aen.

105 4705 204 4762 Vim
275 4709 352 4762 1281
372 4707 466 4775 potnit]
490 4711 654 4774 Verp.Aen.
678 4711 720 4760 VI
737 4713 787 4761 tre
856 4711 887 4760 13
906 4709 928 4758 si
947 4707 1190 4758 noui·e·inuitns
1269 4707 1385 4758 lteris-

101 4775 176 4844 eiano]
195 4781 232 4842 os.
250 4779 286 4828 II
302 4795 329 4843 p.
348 4781 523 4844 241,17eeq.
542 4781 606 4841 249,
628 4783 713 4845 ieeq.
789 4779 821 4828 21
841 4775 869 4826 Si
888 4773 966 4842 nuuc]
990 4775 1068 4842 Verp.
1088 4777 1153 4828 Aen.
1178 4775 1220 4826 VI
1236 4778 1286 4826 187
1354 4776 1387 4825 28

103 4845 155 4896 nihil
171 4847 237 4916 pilpil
307 4849 339 4900 82
357 4847 485 4916 muitetur
