3316 5566
506 381 556 433 an
573 379 713 433 nonant
731 377 937 434 PtttotttssvS.
1308 375 1369 442 155

72 571 312 649 conparationem
334 571 500 650 recipiunt?
530 567 624 640 *Quae
646 568 786 630 dicuntur
809 568 912 628 uenire
935 585 951 628 a
974 566 1153 629 nominibus.
1199 566 1280 638 Quae
1294 585 1366 629 con·

73 680 214 751 placeretur
244 673 274 732 in
304 670 489 733 nominihus?
532 670 664 732 Diximus
687 669 739 732 llll
761 671 891 750 species,
920 668 1027 750 quibus
1055 671 1084 730 dt
1112 671 1302 750 conparatio,
1329 668 1367 730 ab

71 775 206 834 animoa
231 792 357 852 corpure
380 774 564 834 extrinsecus
587 791 602 833 a
626 790 773 841 mensura,
797 781 826 832 et
848 773 878 833 in
903 771 1053 834 aduerbiis
1074 771 1212 834 similiter
1234 789 1267 832 ea
1290 773 1367 832 reci·

72 877 157 954 piunt
178 875 436 956 conparationem,
466 873 521 935 alia
544 874 638 944 nulla,
663 883 695 935 ut
717 883 786 954 puta
809 873 847 935 eb
869 875 982 934 estimo:
1011 873 1096 934 docte
1119 872 1236 934 doctius
1256 873 1366 935 doctis-

48 978 159 1048 ssime,
188 997 204 1036 n
232 995 375 1055 corpore:
406 977 491 1056 nigre
513 979 630 1055 nigrius
652 977 835 1055 nigrissime,
865 995 880 1038 a
903 975 1035 1037 fortuna:
1058 972 1106 1056 ll·
1125 972 1207 1038 146¹³
1224 973 1235 1058 ΙΙ
1258 977 1367 1037 misere

72 1079 206 1139 miserius
236 1080 445 1146 miserissime,
474 1097 489 1138 a
519 1095 674 1139 mensura:
704 1076 836 1140 breuiter
865 1075 987 1138 breuius
1015 1076 1201 1139 breuissime.
1228 1077 1289 1138 ·Ea
1315 1077 1366 1138 ad·

71 1179 171 1241 nerum
199 1200 271 1242 sune
299 1183 447 1261 recipiunt
475 1181 733 1260 corrperationem,
762 1197 839 1259 qliae
863 1177 1010 1238 ducuntur
1031 1197 1047 1238 a
1071 1178 1260 1249 nominibus,
1289 1198 1367 1256 quoe

72 1284 281 1362 conparatione
310 1301 367 1344 non
396 1290 508 1344 carent.
554 1282 584 1342 st
607 1283 686 1343 enim
709 1290 779 1343 sunt
801 1282 919 1342 nomina
944 1287 993 1342 aut
1016 1283 1187 1361 partieipia,
1217 1281 1366 1360 aquibus

72 1383 255 1445 descendunt
277 1383 432 1454 nduerbia‚
462 1401 537 1463 quae
561 1401 620 1444 nun
642 1383 793 1463 recipiunt
813 1383 1071 1462 conparationem,
1095 1402 1192 1463 neque
1215 1383 1365 1453 acluerbia,

42 1499 61 1536 ¹0
73 1493 102 1547 nt
116 1495 187 1565 puta
203 1485 381 1548 ‘Tullianus'
396 1485 571 1548 aduerbinm
595 1484 665 1546 iacit
679 1485 850 1554 ‘'tulliane’,
872 1491 902 1545 et
917 1483 995 1564 quod
1013 1502 1072 1545 non
1088 1503 1246 1565 possumus
1267 1485 1366 1548 dicere

73 1587 235 1650 ‘Tullianus
250 1586 415 1649 Tullianior
430 1587 693 1656 Tullianissimus',
717 1586 794 1668 quod
812 1587 969 1665 conparari
985 1605 1042 1648 nou
1066 1596 1172 1666 potest,
1198 1590 1278 1664 quod
1292 1597 1366 1650 tam·
1440 1647 1443 1654 ,

73 1709 155 1768 quem
183 1693 341 1771 proprium
370 1698 428 1758 est,
458 1691 501 1751 sio
530 1688 702 1750 aduerbium
732 1707 790 1750 nou
820 1693 1007 1768 conparatur.
1052 1687 1116 1749 Non
1140 1691 1218 1750 enim
1241 1688 1366 1750 dicimus

73 1792 215 1854 ‘Tulliano
231 1791 397 1854 Tullianius
418 1789 659 1853 Tullianissime’.
697 1791 773 1868 Ergo
796 1809 830 1852 ea
854 1787 993 1850 aduerbin
1017 1791 1166 1871 recipiunt
1180 1793 1364 1872 companatio·

74 1911 152 1967 nem,
176 1914 254 1975 quae
276 1895 422 1971 originem
445 1892 557 1954 ducunt
579 1910 595 1952 a
618 1891 790 1954 nominibus
813 1893 1053 1972 conparationem
1077 1893 1299 1973 recipientibus.
1318 1901 1366 1938 '-·-

45 2007 63 2044 ¹⁵
77 1997 184 2058 Accidit
205 1998 315 2076 ligura:
339 1993 464 2074 simplex
487 2001 519 2057 ul
540 1994 641 2064 docte,
665 1996 817 2075 conposita
842 2000 874 2055 ut
895 1992 1023 2054 indocte.
1408 2061 1410 2065 ,

153 2097 195 2158 lie
216 2098 439 2176 significatione.
484 2094 631 2158 Aduerbio
656 2093 775 2156 incolia:
799 2093 853 2156 alie
877 2095 914 2156 de
935 2093 1010 2165 loco,
1034 2095 1090 2157 alia
1113 2096 1149 2157 ad
1172 2096 1284 2166 locum,
1309 2097 1364 2158 aliu

75 2217 123 2278 per
146 2199 258 2268 locum.
282 2197 337 2259 alia
359 2201 390 2259 in
413 2197 494 2267 loco:
524 2202 556 2260 in
577 2201 657 2260 loco:
686 2197 733 2257 iric
756 2215 820 2256 sum
845 2195 921 2267 illic,
945 2196 981 2259 ad
1004 2195 1115 2258 locum:
1141 2197 1198 2259 lruc
1220 2197 1303 2268 illuc,
1328 2198 1364 2260 de

75 2299 120 2360 illo
141 2302 220 2363 loco:
247 2299 316 2362 hinc
340 2319 428 2370 exeo,
452 2299 503 2362 ted
521 2307 603 2360 extra
620 2298 734 2360 locum:
759 2298 857 2368 illinc,
881 2317 936 2378 per
951 2297 1063 2360 locum:
1088 2299 1143 2361 hac
1159 2299 1235 2362 illac.
1266 2301 1364 2372 ocare

75 2403 147 2480 dico,
162 2403 240 2484 quod
258 2404 431 2483 frequenter
452 2403 527 2463 liunt
548 2400 732 2471 soloecismi,
757 2409 789 2461 ut
811 2401 835 2461 si
858 2398 953 2462 dicas:
978 2400 1068 2462 ‘uado
1084 2399 1133 2462 ilro
1150 2409 1181 2463 et
1196 2421 1250 2481 ago
1266 2404 1365 2464 nescio

44 2518 65 2555 2⁰
76 2504 164 2583 quid’.
191 2503 302 2566 ‘tacto’
326 2503 362 2565 ad
378 2503 473 2566 locum
490 2511 544 2574 est,
561 2502 636 2563 ‘ibo’
652 2505 681 2564 in
697 2501 773 2564 loco.
804 2503 841 2565 lit
855 2502 1002 2582 quomodo
1019 2510 1115 2583 potest
1130 2505 1212 2583 iungi
1228 2503 1364 2575 uerbum,

76 2607 148 2683 qnod
171 2607 205 2667 ed
228 2607 325 2667 locum
349 2606 507 2682 significat,
531 2604 692 2674 aduerbio,
716 2605 794 2682 quod
811 2607 842 2666 in
858 2603 923 2666 loco
938 2605 1000 2667 esti
1036 2605 1142 2666 ‘intus’
1165 2612 1194 2665 et
1215 2606 1311 2668 ‘ioris’
1335 2607 1365 2668 in

76 2705 134 2767 loco
151 2713 208 2776 est;
233 2707 325 2768 ‘intro
341 2707 432 2769 loras'
447 2707 482 2768 ad
498 2705 605 2769 locum.
629 2705 707 2780 ‘Quo
722 2708 841 2787 pergis?
864 2709 965 2776 intro’;
989 2706 1051 2768 ‘ubi
1069 2709 1120 2767 esi
1143 2709 1245 2768 intus'.
1276 2709 1364 2770 Simi-

77 2807 138 2870 liter
159 2814 227 2890 ‘quo
251 2808 354 2871 uadis?
375 2810 535 2878 loras'eo';
559 2807 623 2870 ‘ubi
638 2810 688 2870 esi
712 2809 807 2870 ioris'.
839 2808 897 2870 Sed
914 2809 1020 2870 ‘intus’
1036 2817 1066 2870 et
1081 2809 1180 2870 ‘ioris’
1195 2827 1254 2871 non
1270 2809 1365 2871 solum

76 2913 103 2969 in
125 2910 200 2980 loco,
225 2913 278 2974 sed
301 2912 388 2972 etiam
411 2911 449 2972 de
471 2908 552 2982 loco,
577 2918 610 2972 ut
631 2917 700 2990 puta
725 2910 788 2972 ‘ubi
811 2912 1037 2980 luistil·intus’;
1062 2909 1122 2970 ‘ubi
1147 2909 1245 2972 luisti?
1268 2913 1363 2974 loris’.

46 3013 177 3075 ultorum
200 3014 238 3074 de
260 3014 327 3074 loco
342 3013 434 3074 ‘unde
449 3015 553 3074 uenis?
576 3015 677 3081 intus';
700 3013 793 3074 ‘unde
808 3013 913 3074 uenis?
936 3011 1009 3074 loris
1025 3013 1140 3073 ueniu’:
1164 3031 1223 3074 nun
1239 3013 1366 3075 dicimus

78 3116 122 3176 ‘de
137 3117 218 3178 loris'
241 3123 292 3178 eut
312 3113 362 3176 ‘de
378 3116 481 3177 iutus’.
518 3113 596 3176 Nulli
613 3115 692 3176 enim
707 3113 849 3176 eduerhio
865 3114 982 3177 additur
997 3115 1191 3194 praepositio:
1216 3115 1321 3176 ‘intus’
1338 3126 1367 3178 et

78 3217 166 3278 ‘ioris'
189 3211 326 3279 similiter
349 3226 378 3278 et
400 3219 430 3278 in
453 3215 518 3278 loco
542 3225 571 3278 et
592 3216 629 3277 de
652 3217 718 3278 loco
740 3217 944 3298 proteruntur.

572 3402 619 3465 uc
642 3402 862 3466 eluricum.
912 3357 914 3360 ⁵

155 3525 346 3604 Participium
375 3523 485 3584 dictum
514 3531 560 3584 est
588 3523 673 3602 quasi
701 3524 915 3603 particapium,
947 3522 1025 3601 ‹puod
1054 3532 1154 3603 partes
1181 3527 1273 3606 capit;
1308 3526 1365 3586 ltoc
1429 3583 1431 3588 ,
1511 3513 1515 3522 ’

48 3627 150 3686 llettlnt
178 3633 278 3707 partes
305 3646 321 3686 a
349 3626 483 3695 nomine,
513 3624 570 3685 lroc
593 3623 682 3686 habet
704 3645 719 3685 a
744 3623 851 3694 uerbo,
880 3632 913 3686 ut
934 3632 1004 3704 puta
1029 3623 1365 3706 ‘ansans’participium

80 3725 133 3786 duo
153 3728 238 3789 iubet
260 3747 277 3788 a
301 3727 435 3797 nomine,
464 3725 524 3787 duo
548 3735 577 3787 ot
598 3745 614 3786 a
639 3724 733 3787 uerbo
755 3724 855 3787 habet.
898 3729 1008 3788 Amans
1030 3727 1148 3804 generis
1170 3729 1283 3799 omnis,
1312 3729 1364 3790 sed

80 3825 131 3887 hoc
156 3829 342 3908 participium
371 3847 387 3889 a
415 3829 536 3888 nomine
563 3826 621 3888 duo
649 3830 772 3908 accipit,
803 3845 912 3906 genera
945 3835 974 3888 et
1001 3844 1096 3889 cesus.
1144 3828 1218 3890 Nem
1247 3831 1365 3909 quando

81 3926 140 3988 dico
158 3939 208 3992 aut
231 3931 293 3991 ‘laic
316 3934 430 3992 amans’
454 3938 505 3992 eut
526 3929 595 3990 ‘hoc
617 3932 742 3999 amans,
772 3947 866 4008 genus
889 3936 946 4000 cst;
970 3946 1069 3998 cesus,
1094 3929 1173 4008 quod
1203 3932 1273 3994 iacit
1295 3933 1365 3993 ‘hoc

82 4047 171 4093 amens
192 4031 281 4093 huius
303 4033 452 4092 amontis’.
495 4034 518 4093 Α
547 4028 640 4092 uerbo
669 4039 787 4112 tempus
816 4041 845 4091 et
874 4031 1101 4110 significationes
1128 4032 1244 4113 accipit.
1289 4034 1363 4096 Nam

51 4131 195 4195 ³⁵‘emans’
219 4142 355 4214 tempore
377 4135 527 4214 praesenti
549 4132 626 4193 aliud
651 4140 709 4204 est,
733 4133 811 4195 aliud
835 4142 880 4194 est
902 4135 1089 4194 ‘amaturum
1120 4133 1253 4196 Aucrbo
1275 4137 1366 4216 signi·

82 4231 233 4306 tinctiones,
258 4243 291 4296 ut
311 4243 382 4315 puta
409 4237 545 4296 ‘amatus’
568 4237 697 4315 pessino,
723 4233 769 4296 uel
791 4252 870 4311 quae
892 4231 1242 4316 delll.14'l⁸llceteris
1266 4236 1366 4298 uerbis

82 4333 272 4410 inueniuntur,
317 4336 395 4414 Ergo
418 4355 434 4398 a
458 4337 577 4398 nomine
605 4336 664 4410 duo
693 4335 795 4407 habet,
818 4355 928 4417 genera
952 4344 982 4398 ei
1004 4355 1104 4407 casus;
1132 4357 1148 4399 e
1174 4337 1267 4399 uerbo
1290 4346 1363 4400 tem-

143 4591 343 4642 innominitms
361 4592 541 4655 conparatione
558 4606 609 4641 non
628 4589 726 4657 curent]
744 4592 834 4643 Possis
851 4593 926 4642 etium
944 4591 1088 4642 carentibus
1105 4592 1219 4643 scribere
1289 4595 1320 4644 10
1339 4604 1366 4644 nt

85 4657 234 4715 ptrtetnliins
316 4662 346 4710 ll
365 4659 452 4710 tullius
471 4658 599 4708 tullinnior
617 4657 674 4709 mua
693 4660 762 4722 quaed
832 4659 901 4723 qcrod
920 4661 1012 4710 addidi
1093 4660 1362 4728 ttconparoctonem]

84 4729 262 4788 conperetinnm
338 4730 368 4779 17
386 4728 436 4777 elin
455 4728 479 4776 in
499 4727 579 4777 locum
599 4727 640 4776 liic
658 4743 715 4779 snm
792 4730 822 4778 19
840 4728 972 4777 solecismi
1058 4729 1091 4778 22
1110 4730 1176 4778 intro
1195 4727 1277 4795 iores]
1298 4731 1364 4781 intro

86 4803 119 4906 {a
172 4795 262 4914 24nbli
282 4807 343 4914 prim
368 4799 443 4916 36³3
461 4797 649 4916 gelldtllrldlm
735 4798 768 4848 et
786 4796 982 4862 significationis
1063 4799 1096 4848 35
1114 4797 1226 4861 presenti
1281 4797 1365 4850 ⁴uliud

135 4875 215 4914 amena
231 4879 282 4916 eru
418 4879 519 4927 quaec
583 4879 592 4914 c
