3352 5556
486 381 563 432 CVM
580 379 786 432 EXCBRPTIS
805 381 965 435 muniris
1230 401 1374 450 OQXXVH

79 572 159 632 ‘hine'
192 571 300 642 ‘iude’‚
336 571 477 650 quamuis
511 567 674 646 legerimus
707 567 886 630 ‘desursum’
920 568 1085 632 ‘desubtus’
1119 581 1148 632 et
1178 574 1311 636 ‘exinde’
1340 549 1374 638 'et

79 657 228 737 ‘abusque’
251 664 282 716 et
305 655 459 723 ‘dehino'3
483 653 536 714 sed
559 654 633 714 haee
655 659 804 730 tamquam
828 673 915 716 unam
939 663 1051 736 partem
1074 658 1216 719 orationis
1237 658 1292 720 sub
1313 679 1373 722 nno

78 751 192 802 meentn
214 741 459 820 pronuntiamus.

153 911 282 973 Nomina
303 912 461 972 ciuitatum
482 927 537 988 per
552 908 671 986 qualem
686 927 787 970 casum
804 909 982 988 prolerenda
998 913 1085 972 eunti
1121 909 1244 982 Quando
1259 916 1372 993 primae

57 1005 103 1056 set
118 999 223 1058 tertiae
244 996 454 1058 declinationis
477 997 596 1062 luerint,
620 1000 652 1054 ut
674 1004 744 1073 puta
766 993 840 1054 haee
854 993 992 1065 Emerita,
1016 994 1103 1058 huius
1117 996 1274 1070 Emeritae‚
1298 1000 1371 1062 haee

78 1081 222 1160 Karthago
244 1081 334 1142 huius
350 1079 552 1158 Karthaginis,
576 1097 630 1158 per
653 1078 786 1139 datiuum
808 1096 909 1140 casum
934 1081 1109 1158 proferenda
1133 1090 1210 1152 sunt,
1234 1094 1265 1144 ut
1289 1093 1368 1164 puta,

76 1169 97 1226 si
117 1168 348 1246 interrogauerit
371 1175 401 1228 te
423 1167 503 1244 quis:
533 1163 596 1225 ‘ubi
620 1164 693 1239 esi’,
724 1163 873 1242 responde
894 1183 950 1245 per
972 1164 1102 1226 datiuum
1126 1184 1241 1229 cesum:
1271 1168 1370 1232 ‘lime-

76 1253 143 1313 n'tae
171 1255 249 1313 sum'
272 1249 463 1328 ‘Karthagini
491 1255 580 1310 sum’.
624 1248 749 1320 Quando
777 1258 874 1310 autem
903 1249 1051 1311 secundae
1080 1250 1284 1314 declinationis
1305 1253 1370 1316 lue·

76 1339 143 1405 rint,
178 1355 233 1417 per
262 1338 428 1414 genitiuum
457 1352 558 1395 casum
588 1333 765 1413 proferenda
794 1343 877 1395 sunt:
920 1335 966 1396 laio
995 1333 1117 1396 Tolerus
1144 1336 1233 1397 huius
1261 1337 1368 1410 Toleti

48 1422 236 1502 orespondes
265 1439 319 1500 per
347 1423 513 1498 genitiuuru
542 1437 661 1480 casum:
697 1419 806 1481 ‘'l'oleti
832 1420 920 1479 sum’.
970 1419 1094 1480 Nomina
1122 1421 1274 1484 ciuitatum
1301 1441 1369 1486 cum

75 1504 340 1586 praepositionibus
363 1503 543 1584 proferenda
565 1515 635 1566 sunt
657 1522 696 1564 an
718 1505 796 1564 non?
831 1503 907 1572 Non,
930 1505 996 1583 quia
1013 1507 1193 1584 praepositio
1208 1523 1268 1568 non
1283 1517 1365 1574 ante·

75 1593 206 1670 ponitur,
234 1610 310 1672 quae
338 1591 505 1670 prouinciis
532 1589 604 1651 loeis
631 1588 842 1668 regionibusue
868 1587 944 1649 adici
965 1588 1070 1650 solent.
1115 1588 1367 1660 Quemadmodum

74 1677 187 1737 nomina
218 1679 374 1738 ciuitatum
406 1677 470 1736 sine
497 1674 769 1756 praepositionibus
798 1673 1007 1752 proferuntur,
1036 1676 1256 1752 prouinciarum
1279 1685 1367 1758 atque

75 1760 204 1822 locorum
225 1761 374 1840 quomodo
397 1759 576 1840 proferenda
600 1761 688 1821 suntl
731 1760 804 1821 Cum
826 1757 1114 1839 praepositionibus,
1144 1767 1176 1819 ut
1199 1759 1248 1820 ‘de
1270 1763 1368 1824 dirlea

46 1849 181 1917 nuenio',
210 1846 257 1908 ‘ad
280 1844 413 1907 Siciliam
436 1851 554 1925 pergo’,
583 1847 626 1905 ‘in
650 1842 731 1907 ltalia
754 1845 844 1914 sum'‚
868 1851 991 1922 excepto
1014 1841 1144 1904 ‘domum
1167 1845 1295 1913 consulis
1317 1849 1366 1908 eo’

74 1940 101 1990 et
122 1933 187 1992 ‘rus
208 1935 265 2002 eu’,
296 1930 377 2010 quud
399 1933 466 1992 sine
489 1930 709 2010 praepositione
732 1928 891 1990 dicendum
914 1937 966 1988 est.
1010 1926 1133 1998 Quando
1156 1927 1191 1990 ad
1215 1931 1364 1993 ciuitatem

75 2015 203 2078 ambulat
228 2019 294 2097 quis
321 2025 353 2077 et
380 2018 584 2094 interrogatur
613 2013 734 2094 aliquis:
765 2012 827 2075 ‘ubi
850 2013 1024 2081 ambulasi’,
1052 2031 1106 2093 per
1128 2012 1243 2092 qualem
1266 2033 1367 2078 casum

74 2101 254 2182 respondere
280 2099 389 2162 deberi
432 2100 490 2162 Per
518 2102 735 2170 aecusatiuum,
765 2109 904 2178 utputa:
936 2095 1082 2160 ‘Toletum
1105 2101 1209 2179 pergo’
1235 2101 1366 2164 ‘Caesar-

75 2197 223 2266 augustam
257 2184 399 2248 ambulo’.
449 2185 487 2246 Et
520 2184 639 2266 quando
674 2185 710 2246 de
744 2185 861 2246 ciuitate
889 2183 925 2244 ad
955 2184 1104 2245 ciuitatem
1135 2185 1217 2244 uenit
1243 2188 1308 2265 quis
1336 2196 1367 2248 et

44 2273 285 2351 sinterrogatur:
315 2269 410 2332 ‘unde
437 2272 678 2351 proficiscerist’,
707 2287 761 2350 per
790 2267 906 2350 qualem
933 2286 1033 2329 casum
1058 2267 1240 2348 respondere
1261 2270 1366 2332 debet?

74 2355 128 2416 Per
150 2359 316 2436 septimum.
362 2355 536 2426 Quomodo?
581 2354 696 2418 ‘Toleto
718 2355 904 2434 proficiscor
927 2351 1104 2416 ‘Barcinona
1126 2356 1242 2433 pergo’.

532 2525 582 2588 nn
604 2487 891 2588 courvuur'roun

156 2693 170 2782 ΙΙ
185 2696 205 2758 l.
220 2693 277 2759 41⁵
292 2695 312 2783 ΙΙ
322 2701 443 2780 ‘Atque’
465 2696 633 2774 quomodo?

218 2786 337 2864 Atque
360 2792 399 2846 ut
421 2802 486 2862 pro
509 2800 562 2843 me
584 2799 693 2842 orare
715 2779 850 2842 iubeas
872 2779 1137 2842 indesinenter
1159 2781 1318 2860 postulo.

44 2868 137 2927 n‘Ao'
158 2870 318 2948 quomodo?

216 2959 262 3016 Ar
284 2954 327 3016 de
350 2973 389 3015 re
412 2955 553 3016 tacitus
574 2953 679 3032 angit
699 2960 736 3013 et
757 2951 869 3014 eorde
891 2951 1068 3032 requirit.

76 3042 145 3100 ‘Ast'
168 3041 332 3121 quomodo?

216 3130 279 3187 Ast
300 3125 479 3186 hominem
501 3142 575 3185 non
597 3133 699 3186 terra
721 3123 839 3204 parit,
863 3138 935 3182 non
956 3128 1092 3200 pontus
1115 3119 1157 3182 ab
1180 3119 1298 3185 undis.

74 3309 379 3442 Siddnddddtmdddmuis
400 3369 550 3442 legerimus
572 3367 716 3423 desursum
738 3364 865 3423 desubito
887 3373 915 3420 et
937 3363 1032 3422 exinde
1055 3373 1083 3420 et
1108 3363 1229 3439 abusque
1252 3365 1359 3426 dehine.

76 3451 122 3508 Sed
143 3453 209 3510 haee
232 3483 267 3494 -
291 3454 543 3528 pronunciabimus.

151 3537 324 3594 liulinuua
341 3557 373 3611 p.
396 3542 445 3594 99:
484 3537 597 3593 Nomina
624 3535 766 3592 ciuitatum
793 3552 844 3610 per
872 3532 978 3609 qualem
1006 3553 1096 3593 casum
1119 3546 1214 3593 —ut
1239 3545 1306 3611 puta
1334 3537 1358 3594 si

74 3623 253 3698 interrogatur
274 3625 337 3699 quis
359 3621 418 3680 ‘ulii
435 3621 495 3680 esl'
518 3621 667 3696 respondet
688 3637 739 3695 per
760 3620 881 3676 datiuum
903 3638 995 3678 easuru
1019 3619 1164 3678 ‘Emeritae
1187 3621 1259 3678 sum’
1281 3619 1357 3678 ‘Car-
1443 3667 1445 3672 .

75 3707 171 3781 tragini
199 3709 281 3766 rum’.
325 3707 467 3776 Quomodo
495 3715 601 3776 autem,
630 3708 653 3762 si
681 3705 814 3762 secundae
835 3705 1024 3764 declinationis
1047 3705 1166 3762 luerint?
1209 3705 1260 3764 Per
1281 3709 1359 3782 genl-

75 3794 155 3849 tiuum
177 3811 268 3851 nasum
290 3793 453 3868 proferenda
476 3800 551 3864 aunt,
574 3801 605 3848 ut
626 3798 693 3865 puta
714 3787 770 3848 ‘hie
785 3791 897 3848 Tolerus
919 3791 1000 3848 huius
1015 3790 1128 3863 l'oleti’‚
1150 3794 1301 3866 respondes
1319 3825 1357 3836 -

75 3878 224 3950 regionibus
250 3879 330 3936 adiici
357 3880 429 3936 solet
457 3877 684 3953 quemadmodum
708 3905 744 3916 —
768 3875 956 3951 proferuntur.
1003 3877 1209 3934 Prouinclarum
1235 3879 1358 3936 looorum

75 3961 192 4020 uillarum
213 3973 296 4039 atque
317 3964 460 4022 domorum
484 3962 622 4038 quomodo
649 3990 684 4001 -
709 3971 823 4036 excepto
846 3961 966 4019 ‘domum
989 3961 1110 4020 consulis
1133 3961 1191 4036 eo',
1218 3959 1278 4022 ‘rus
1300 3963 1356 4022 eo’.

75 4045 133 4104 llam
145 4044 188 4106 ‘au
203 4051 341 4125 propriam
358 4045 480 4106 domum'
497 4065 557 4104 euru
574 4045 779 4122 praepositione
794 4047 936 4104 dicendum
959 4057 1002 4105 est
1016 4048 1060 4106 ‘ad
1075 4048 1184 4106 domum
1201 4066 1285 4106 meam
1302 4051 1356 4107 eo'.
1476 4053 1480 4069 ¹

76 4129 178 4198 muno
199 4135 232 4192 ad
254 4137 393 4192 ciuitatem
417 4166 455 4175 -
481 4142 509 4190 et
531 4135 718 4206 interrogatur
740 4131 797 4188 ‘ubi
821 4130 954 4190 ambulas'
980 4167 1013 4177 —
1040 4142 1067 4190 et
1089 4134 1274 4210 interrogatur
1288 4133 1357 4210 ‘quo

76 4215 289 4291 proficiscaris‘l',
312 4238 363 4295 per
382 4220 489 4296 qualem
512 4234 604 4275 rasum
626 4216 793 4291 respondere
815 4217 913 4274 debet?
937 4249 974 4260 -
999 4221 1145 4276 Barcinoua
1168 4237 1297 4296 propero.

152 4303 190 4364 23
210 4307 346 4364 Iulianus
363 4323 394 4378 p.
420 4309 491 4362 102.-
513 4305 603 4378 tltque
626 4303 781 4377 quomodo?
825 4302 927 4378 ‘Atque
948 4313 979 4361 ut
1000 4322 1052 4379 pro
1074 4321 1117 4362 me
1140 4322 1217 4362 orare
1241 4305 1355 4364 iubens?

76 4391 109 4444 le
129 4391 279 4464 quomodol
324 4391 416 4448 Ande
438 4388 536 4445 —ab
559 4387 648 4444 undis.

77 4585 177 4626 onorem
193 4590 347 4626 enarraris
364 4575 414 4626 207
432 4586 580 4626 varrenas.

136 4645 298 4694 idennrsum
367 4655 392 4694 er
409 4644 507 4706 absque
524 4641 585 4690 hino
602 4640 648 4690 sed
743 4640 894 4691 demeritas
911 4640 1018 4708 kartago
1036 4641 1112 4692 huius
1130 4643 1270 4708 kartaginis
1339 4647 1356 4697 8

77 4707 205 4776 lanuginis
222 4728 279 4762 snm
367 4714 399 4762 10
416 4710 576 4778 respondens
669 4709 701 4757 ll
722 4708 754 4758 de
771 4709 858 4758 nuriea
945 4711 976 4760 16
994 4723 1124 4761 errursus
1144 4711 1191 4775 llll!
1211 4711 1355 4774 quadrina

76 4777 198 4828 dicendam
216 4791 253 4830 eet
333 4779 365 4831 18
382 4789 574 4844 cesaragustam
637 4778 694 4856 ⁸20
711 4791 777 4839 quae
794 4775 964 4842 proficisceris
1053 4777 1200 4846 asnede]
1221 4781 1359 4834 ὒνιιιονιιίί

75 4881 182 4936 lernen.
199 4885 248 4932 241
267 4884 307 4933 ed.
330 4882 413 4932 Weitz
426 4884 493 4932 1610
545 4858 658 4942 requirdt
726 4881 759 4930 28
777 4877 834 4942 Ast]
855 4879 989 4931 Hrneuatit
1004 4881 1120 4933 Manem.
1133 4885 1185 4932 217
1202 4884 1243 4935 ed.
1262 4885 1354 4940 Weuz.

8 5173 84 5392 h
1112 4985 1128 5034 p
