3378 5550
322 421 457 468 LXXXIV
746 405 811 456 ΑΒΕ
830 404 1006 458 ΑΝΟΝΥΜΑ
1025 403 1233 456 BERNENSIS.

322 599 418 671 ipsias
445 596 533 670 quasi
554 592 656 667 santes
683 595 802 670 aperiri
828 594 946 664 uideas,
974 601 1036 656 tum
1064 601 1176 669 uuqem
1203 591 1304 670 operis
1328 591 1461 668 pretium
1489 591 1633 669 scripto-

326 715 393 757 rum
422 693 548 756 aliunde
576 704 628 756 unt
658 699 736 755 male
763 702 817 755 aul
845 699 964 756 omnino
991 714 1049 757 noa
1078 693 1268 770 coquitoram
1300 699 1362 755 loci
1386 692 1517 755 laudati.
1564 693 1636 753 His

320 797 419 874 iqitur
441 796 616 858 auctoribus
639 814 709 857 usus
730 805 787 864 est.
810 800 864 872 qui
884 799 964 858 176776
987 807 1082 858 artem
1104 795 1226 872 colleqil
1247 805 1277 857 el
1298 795 1456 875 disposuit,
1481 794 1632 856 nomina-

320 903 391 960 tim:
414 901 570 976 Aspero,
595 916 680 976 quem
703 898 900 974 Asperium
924 909 1027 968 uocat,
1052 899 1270 974 dapastino,
1290 901 1427 975 Capro,
1446 899 1630 968 Claudio,

325 1004 559 1074 Cominiano,
584 1003 800 1073 Consentio,
825 1001 986 1076 Donato,
1011 1003 1191 1078 Eutyche,
1215 1019 1300 1078 quem
1324 1003 1504 1062 Entitium
1527 1003 1631 1059 nomi-

321 1113 388 1178 nat,
415 1105 555 1177 Felice,
573 1105 726 1176 Flacco,
746 1105 936 1164 Flauiano
958 1107 1007 1164 uel
1021 1106 1175 1177 Flauio,
1193 1105 1437 1181 Hieronymo,
1455 1103 1630 1173 Isidoro,

323 1207 462 1284 Opilio,
492 1207 617 1266 Plinio
643 1205 816 1266 Secundo
840 1209 1107 1280 qrammclico,
1138 1207 1324 1282 Pompeio,
1355 1206 1559 1265 Prisciuno
1585 1207 1629 1264 in

322 1309 470 1369 artibus
498 1310 642 1367 maiore
667 1314 701 1366 et
726 1311 883 1380 minore,
919 1308 1056 1382 Probo,
1087 1307 1258 1382 Sedulio,
1288 1306 1437 1381 Serqio,
1466 1305 1626 1378 Seruio,

327 1411 496 1482 Valerio,
528 1410 696 1484 l'erqtlio
719 1409 876 1470 Marone
894 1417 1022 1485 poeta,
1051 1411 1225 1484 l'erpilio
1248 1411 1407 1470 Marone
1427 1425 1628 1484 666767776-

307 1514 414 1590 Ι17’66,·
443 1513 522 1572 inter
549 1529 623 1587 quas
650 1529 710 1572 non
738 1515 912 1586 numeranti,
941 1527 1141 1587 quoscumque
1167 1513 1330 1586 scriptores
1357 1513 1407 1572 nel
1429 1512 1628 1570 Priscianum

320 1618 369 1676 uel
390 1617 561 1691 Pompeium
584 1616 634 1674 uel
656 1616 817 1689 l'erqilium
839 1616 985 1676 Asianum
1008 1617 1122 1674 aliosne
1142 1623 1260 1674 secretus
1274 1615 1449 1674 nominauit.
1482 1611 1628 1672 Omnium

321 1725 421 1778 autem
442 1719 616 1793 saepissime
637 1719 668 1777 in
686 1725 794 1792 portes
816 1719 940 1776 uocauit
961 1715 1210 1776 Priscianum.
1254 1717 1422 1776 Praeterea
1443 1732 1502 1775 non
1521 1717 1634 1790 pauci

320 1822 423 1880 insunt
461 1821 693 1879 incertorum
729 1821 963 1894 scriptoram
999 1825 1028 1878 et
1064 1817 1208 1879 Sacrae
1240 1833 1356 1894 qaoque
1385 1817 1630 1894 Scripturae

321 1922 613 2000 hymnorumque
634 1923 703 1982 loci.

404 2021 467 2082 Sed
487 2039 525 2082 ne
546 2024 613 2098 quis
634 2024 790 2083 consilium
817 2039 913 2084 meum
940 2028 1032 2082 totam
1055 2029 1152 2082 artem
1174 2023 1292 2097 inteqre
1319 2023 1431 2083 edendi
1456 2021 1625 2097 reprelien-

321 2125 395 2184 dens
422 2125 530 2199 colliqi
556 2126 635 2184 iocos
661 2125 731 2185 istos
757 2141 924 2202 anonymos
945 2126 995 2184 net
1014 2125 1160 2185 hactenus
1181 2125 1352 2200 incoquitos
1372 2127 1446 2184 satis
1464 2123 1624 2198 saturum,

320 2233 422 2286 celera
444 2241 517 2286 nero
539 2228 659 2286 omnino
681 2227 869 2300 neqleqenda
888 2225 987 2298 fuisse
1007 2228 1187 2301 contendat,
1217 2229 1242 2286 ii
1261 2243 1391 2302 quoque,
1422 2227 1475 2301 qui
1494 2227 1626 2286 iamiam

233 2348 238 2358 ·
320 2330 516 2388 innotuerunt
539 2331 728 2403 amniumque
748 2331 780 2388 in
802 2330 940 2388 manibus
961 2337 1045 2404 677771,
1069 2331 1232 2405 scriptores
1253 2331 1296 2389 ita
1318 2331 1496 2403 laudantur,
1513 2335 1544 2389 nt
1565 2338 1628 2388 661

322 2433 386 2490 ulia
406 2447 534 2505 prorsas
552 2429 659 2502 forma
674 2447 724 2490 eos
738 2437 792 2489 aut
807 2438 889 2490 certe
909 2433 1006 2491 minus
1027 2433 1181 2491 maculosa
1198 2432 1359 2507 praeditos
1379 2432 1500 2506 lepisse,
1525 2447 1624 2506 qnam

320 2531 403 2591 nobis
419 2538 548 2606 praesto
568 2539 652 2606 sant,
677 2538 787 2593 auctor
805 2533 963 2606 putandus
983 2535 1032 2592 sit.
1068 2533 1144 2592 Pico
1159 2539 1256 2592 aulem
1281 2533 1444 2606 l'erqilinm
1459 2532 1622 2604 Asianum,

321 2634 509 2709 Pompeium,
546 2633 747 2694 Priscianum.
793 2636 890 2708 Atque
925 2635 1054 2708 l'erqitii
1084 2635 1193 2694 Asiani
1223 2637 1284 2695 ulia
1313 2636 1381 2694 loco
1416 2637 1524 2693 mentio
1558 2637 1626 2693 erit

316 2735 467 2808 facienda
489 2738 616 2810 itemque
637 2737 774 2811 Pompeii
780 2754 791 2804 ,·
818 2737 973 2796 Prisciani
999 2743 1098 2796 autera
1126 2738 1259 2798 codicem
1281 2737 1331 2796 liic
1353 2738 1415 2796 illic
1437 2754 1457 2796 a
1479 2738 1623 2810 unlqato-

321 2854 388 2896 rum
403 2838 549 2898 librorum
571 2839 697 2898 lectione
710 2839 896 2898 recedentem
912 2855 932 2896 a
947 2839 1136 2913 compilatore
1150 2839 1317 2899 canianum
1339 2855 1402 2898 esse
1423 2840 1492 2898 inde
1514 2839 1625 2911 colliqi

318 2947 430 3014 potest,
454 2939 536 3014 quod
545 2957 580 3014 p.
599 2947 663 3013 166,
683 2947 701 2998 2
724 2941 844 3000 Catonis
863 2939 1070 3015 sraqmentnm
1088 2942 1212 3016 plenius
1233 2943 1345 3015 lepitur
1366 2957 1456 3016 qnam
1479 2943 1508 3000 in
1531 2941 1626 3000 libris

321 3057 415 3100 mann
437 3042 561 3116 scriptis
584 3043 643 3101 illis
664 3049 755 3117 certe,
779 3060 852 3118 qnos
874 3043 1017 3102 Hertzius
1039 3045 1175 3104 eontulit.

406 3143 515 3218 ltaque
536 3159 574 3202 ne
595 3151 655 3204 tum
679 3146 797 3219 quidem
819 3145 904 3205 stolis
926 3144 1064 3204 uidemur
1085 3147 1219 3220 reliquas
1239 3147 1314 3205 libri
1327 3152 1437 3220 perles
1458 3147 1623 3220 neplepere

317 3246 467 3321 poluisse,
491 3247 519 3304 si
539 3246 739 3321 urtiqrapluus
761 3263 820 3307 non
843 3249 902 3306 nisi
922 3253 1070 3322 excerpta
1085 3249 1214 3307 aliorum
1235 3255 1392 3308 anctorum
1409 3249 1622 3324 proposuisset

320 3349 393 3422 ipsis
421 3363 523 3407 eornm
553 3349 652 3408 uerbis
678 3351 839 3424 expressis.
886 3347 973 3420 Quod
998 3350 1088 3421 lonqc
1114 3365 1200 3410 secus
1229 3366 1261 3408 se
1287 3351 1385 3409 labet.
1432 3350 1620 3424 Quamquam

320 3451 398 3509 enim
420 3450 596 3524 Priscinn0,
626 3457 658 3511 at
677 3451 736 3534 Ι1766
752 3452 941 3526 potissimum
963 3449 1106 3522 adseram
1134 3452 1320 3526 exernplmn,
1349 3455 1522 3528 saepissime
1547 3469 1623 3511 usus

320 3556 364 3610 est
384 3553 502 3610 nomine
523 3566 584 3610 non
607 3552 759 3626 adposito,
791 3558 889 3612 tomen
917 3559 1033 3612 lantum
1054 3541 1159 3626 ¹afuit,
1189 3561 1222 3613 ut
1242 3555 1306 3614 eius
1325 3562 1492 3630 praecepta
1513 3555 1620 3612 codem

319 3669 422 3712 reram
450 3654 725 3728 sententiarumque
755 3655 878 3727 ordine,
913 3671 972 3730 quo
1003 3655 1066 3714 illic
1097 3655 1254 3729 loquatur,
1290 3665 1466 3732 excerperet
1499 3657 1547 3716 nel
1573 3657 1621 3714 7771

320 3757 458 3830 nerium,
489 3757 571 3832 quod
591 3757 711 3835 dicunt,
740 3757 937 3832 exprimeret,
967 3762 1001 3816 ut
1021 3773 1132 3815 nonam
1155 3760 1275 3818 omnino
1297 3757 1459 3833 diperendi
1478 3764 1506 3817 et
1527 3773 1618 3816 euar-

319 3860 414 3918 randi
434 3861 515 3918 uiam
535 3859 713 3934 plerumque
741 3859 958 3932 inaredcretur.
1006 3859 1091 3928 Quod
1111 3875 1146 3918 eo
1163 3862 1346 3934 praesertim
1368 3862 1435 3920 loco
1453 3859 1616 3936 procetur,

320 3945 378 4035 quo
401 3959 439 4018 de
460 3959 627 4018 norninibus
648 3960 829 4019 deriuatinis
850 3965 879 4018 el
901 3961 1089 4020 diminutiuis
1112 3961 1252 4020 disseruit
1268 3977 1302 4035 p.
1329 3967 1378 4038 66,
1404 3967 1438 4019 16
1451 3995 1494 4006 -
1516 3967 1559 4034 71,
1585 3967 1616 4021 3.

319 4063 421 4122 Habes
441 4064 518 4121 enim
537 4078 571 4136 p.
598 4065 646 4134 67,
673 4067 773 4118 22:
796 4061 893 4121 Prisc.
917 4061 939 4120 I
951 4079 986 4136 p.
1013 4067 1078 4139 166,
1103 4069 1157 4130 267
1176 4079 1209 4138 p.
1235 4068 1283 4136 67,
1304 4069 1340 4120 26
1362 4089 1404 4112 =
1424 4081 1455 4138 p.
1481 4069 1617 4136 121,12;

314 4181 351 4240 p.
371 4171 419 4240 67,
441 4171 477 4222 77
491 4191 532 4212 =
550 4181 585 4240 p.
606 4169 668 4236 767,
689 4169 741 4231 76,
757 4179 792 4238 p.
811 4170 859 4238 67,
878 4170 916 4221 66
930 4187 972 4214 =
989 4181 1024 4238 p.
1042 4169 1106 4243 131,
1125 4169 1179 4233 76,·
1199 4182 1231 4239 p.
1251 4171 1300 4244 67,
1318 4171 1355 4223 32
1369 4191 1410 4214 =
1421 4181 1456 4241 p.
1475 4171 1538 4238 766,
1557 4171 1617 4233 67;

317 4285 352 4342 p.
368 4273 417 4345 67,
431 4273 523 4324 67.--
535 4282 568 4342 p.
588 4271 652 4338 766,
673 4270 717 4324 76.
737 4271 789 4334 en
807 4281 842 4340 p.
861 4271 909 4337 67,
928 4271 966 4323 66
981 4283 1067 4342 =p.
1082 4271 1144 4339 766,
1160 4272 1213 4334 22;
1230 4284 1266 4341 p.
1285 4273 1334 4342 66,
1354 4273 1425 4323 r:
1434 4283 1469 4342 p.
1487 4273 1548 4344 766,
1565 4272 1596 4323 76
1602 4288 1617 4334 ;

318 4371 1618 4445 p.os‚2=p.1sc,eo;p.os‚s=p.1so,1o,·p.os,s=p.11s,s,·p.as‚o

319 4496 361 4522 =
373 4487 406 4546 p.
429 4476 490 4542 776,
510 4477 545 4538 6,·
563 4486 597 4546 p.
612 4473 658 4543 66,
674 4476 801 4545 so=p.
818 4475 881 4542 776,
898 4475 924 4528 7.
942 4474 978 4536 6;
999 4485 1031 4544 p.
1050 4475 1098 4542 66,
1115 4475 1149 4526 77
1163 4495 1204 4518 =
1217 4487 1249 4545 p.
1270 4477 1333 4544 776,
1354 4479 1399 4531 76.
1417 4477 1451 4540 6,·
1468 4489 1503 4546 p.
1518 4477 1563 4536 66,
1578 4479 1618 4528 12

319 4577 1615 4650 ερ.116,16;ρ.66,16Ξρ.116,11,·ρ.66,11;ρ.116,12;ρ.66,16

319 4679 761 4749 =p.11s,1s.ss‚·p.cs,
790 4679 1616 4752 17:12.120,15;p.os,1s=p.1so,r.ee,·

317 4793 349 4851 p.
376 4781 424 4854 66,
449 4782 486 4832 26
507 4801 548 4823 =
565 4791 601 4851 p.
628 4781 687 4848 116,
711 4781 758 4844 16;
779 4793 810 4850 p.
830 4781 1029 4851 6622377.
1050 4779 1109 4844 116,
1129 4782 1182 4844 11;
1202 4793 1235 4850 p.
1254 4783 1301 4850 66,
1321 4783 1464 4853 23:11.
1484 4783 1542 4846 116,
1561 4785 1615 4846 16,·

317 4898 347 4954 p.
374 4884 422 4946 66,
449 4883 485 4935 26
508 4903 549 4926 =
566 4893 600 4952 p.
630 4885 689 4950 116,
716 4883 769 4946 26;
795 4895 828 4953 p.
855 4884 903 4956 66,
930 4883 965 4934 27
988 4879 1166 4938 castimonia
1189 4903 1230 4928 z
1248 4897 1281 4954 p.
1311 4887 1373 4948 126,
1399 4887 1431 4949 1;
1449 4897 1484 4957 p.
1511 4887 1555 4952 ts,
1575 4888 1610 4938 ts
