3560 5574
338 345 401 414 270
730 349 965 405 conuaurvu
982 350 1228 406 rmsmmuss
1331 393 1334 400 .

338 538 516 609 clausulam,
540 539 695 618 quaesibi
719 541 839 620 propria
862 549 921 610 eat,
944 542 1082 621 respicit,
1105 541 1169 602 siue
1183 539 1233 603 illa
1248 539 1409 618 singularis
1430 541 1494 600 siue
1508 537 1621 620 pluralis

204 668 225 710 μ.
239 657 284 706 asa,
299 658 324 699 aa
338 644 454 702 numeri
477 645 524 703 sit.
568 641 642 703 lloc
664 641 810 704 schema
833 643 853 702 i·
875 641 949 704 haec
974 643 1077 720 ligura.
1122 641 1210 704 Late
1237 650 1341 722 patet
1361 643 1381 702 i·
1404 642 1516 722 ubique
1535 641 1622 704 maui-

338 742 470 805 lestatur.
516 743 559 804 Et
581 745 673 805 lieri
695 742 793 805 solet
814 761 838 804 s.
854 742 903 805 illa
925 745 1030 823 ligura.
1073 744 1142 806 Per
1164 743 1378 807 accidentia
1400 745 1421 804 i·
1445 760 1499 823 per
1520 761 1621 822 genera

338 847 468 926 partium
492 847 650 916 oraticula,
679 844 765 908 uerbi
786 847 879 924 gratia
902 846 961 907 ‘uir
983 856 1013 908 et
1035 845 1157 917 mulier,
1189 847 1240 926 qui
1262 847 1380 908 nouiter
1402 844 1439 906 ad
1462 863 1517 906 uos
1540 863 1623 906 uene·

337 955 423 1017 runt,
447 949 547 1026 magni
570 950 660 1008 sunt'.
705 946 759 1008 ilic
782 948 853 1009 ‘uir’
878 955 908 1008 et
930 947 1072 1009 ‘mulier’
1095 966 1162 1009 oum
1186 949 1245 1009 sint
1266 947 1421 1010 masculini
1444 955 1473 1008 et
1493 947 1646 1008 lemiolnis

337 1051 472 1128 generis,
497 1066 551 1129 per
574 1067 664 1110 uuum
687 1066 781 1127 genus
801 1051 821 1110 i.
845 1049 1038 1110 masculinum
1061 1049 1249 1119 clauduntur,
1273 1049 1351 1129 quia,
1367 1047 1419 1110 ubi
1441 1048 1500 1110 duo
1522 1066 1624 1128 genera

337 1153 501 1230 iunguntur
530 1147 724 1213 masculinum
748 1159 778 1212 et
805 1151 995 1220 femininum,
1029 1169 1084 1231 per
1113 1150 1200 1219 illud.
1234 1152 1315 1231 quod
1348 1153 1541 1232 praecipuum
1572 1159 1623 1216 est,

336 1252 533 1315 resoluuntur.

858 1418 922 1554 [aa
942 1419 1106 1555 raons]

337 1661 340 1666 ¹
429 1723 1072 1741 ................
1101 1675 1366 1760 [Periphrnaa‘s
1387 1687 1442 1741 cst
1461 1677 1624 1760 circam-J
1638 1691 1658 1729 ¹0

199 1777 655 1864 1·.soo,ssllp.20lllllocutio
688 1797 781 1858 quae
815 1777 861 1839 lit
894 1788 956 1840 aut
993 1780 1184 1844 ornandae
1220 1781 1275 1843 rei
1311 1799 1421 1842 causa
1451 1783 1484 1860 is
1506 1790 1537 1841 ut
1565 1798 1624 1849 res,

335 1901 411 1964 quae
440 1901 495 1963 per
523 1901 556 1944 se
584 1881 708 1962 pulchra
736 1889 795 1951 est,
824 1878 953 1960 quodam
982 1879 1095 1943 ambitu
1125 1881 1282 1944 locutionis
1311 1881 1466 1962 pulchrior
1494 1885 1625 1944 eflicitur.

199 1987 410 2056 ,ammonui
432 1982 607 2046 uitandae
629 2000 653 2043 s·
677 1983 721 2043 rei
750 1999 855 2051 causa:
884 1999 976 2061 quae
998 1985 1123 2063 turpis
1146 1990 1191 2044 est
1211 1985 1237 2044 i·
1261 2003 1336 2064 quae
1364 2003 1419 2065 per
1445 2003 1477 2046 se
1504 1984 1625 2064 pulchre

211 2117 231 2158 p.
245 2087 436 2155 m1,1ellerri
459 2102 517 2146 non
547 2093 644 2164 potest
672 2079 730 2144 nisi
758 2083 1022 2147 circumlocutione
1050 2084 1222 2148 adornetur.
1267 2083 1321 2146 Vt:
1350 2094 1386 2147 et
1416 2089 1484 2148 iam
1512 2088 1625 2166 prima

336 2207 433 2250 nouo
456 2185 661 2276 spargebat
683 2184 822 2247 lumine
844 2193 969 2247 terras
990 2188 1135 2248 Aurora
1158 2195 1193 2250 et
1214 2195 1349 2249 cetera.
1385 2187 1444 2248 Per
1458 2208 1491 2250 se
1505 2186 1624 2268 pulchra
1640 2196 1660 2236 ¹⁵

337 2300 421 2352 esset
442 2277 550 2358 dictio,
580 2289 605 2351 si
626 2287 776 2348 diceretur
798 2288 905 2348 ‘oritur
925 2290 984 2350 iam
1007 2287 1093 2359 dles’,
1116 2289 1168 2350 sed
1192 2289 1454 2352 circumlocutione
1476 2289 1627 2370 pulchrior

336 2394 369 2453 llt
391 2393 500 2462 oratio,
524 2408 591 2452 cum
614 2389 722 2450 dicitur
743 2391 799 2450 ita:
846 2389 898 2450 ‘Et
920 2390 978 2451 iarn
1000 2391 1094 2468 prima
1118 2409 1196 2452 nouo
1218 2391 1378 2472 spargebat
1399 2389 1511 2453 luifiine
1532 2399 1625 2452 terras

335 2495 478 2579 hurora’:
517 2493 613 2553 ‘nouo
641 2489 769 2552 lumine’
798 2490 870 2552 dicit
897 2489 1060 2553 secundum
1089 2491 1267 2572 Epicureos,
1297 2496 1347 2574 qui
1375 2492 1515 2555 dicebant
1535 2489 1623 2554 solem

210 2592 472 2668 p.r01,soccidere
494 2612 562 2656 sero
585 2601 615 2654 et
636 2610 723 2654 manc
744 2593 852 2654 iterum
876 2594 974 2663 nasei,
997 2592 1075 2654 undc
1091 2603 1120 2654 et
1134 2611 1210 2674 puer
1226 2594 1403 2675 depingitur.
1448 2595 1489 2656 Et
1512 2597 1624 2657 nimio

335 2715 378 2758 ue
407 2696 492 2758 lura
514 2697 534 2756 i·
558 2695 647 2756 nimia
676 2693 864 2774 pinguedine.
909 2693 1116 2756 Obtunsior
1137 2713 1226 2758 usus
1254 2698 1279 2756 i·
1304 2695 1471 2759 hebetatior
1499 2699 1548 2758 uia
1575 2699 1658 2758 stra

336 2797 504 2860 Genitali
527 2815 615 2858 aruo
638 2803 668 2857 el
689 2795 788 2858 sulcos
811 2795 933 2856 oblimet
954 2798 1074 2858 inertes.
1113 2796 1296 2877 Virgilius
1319 2798 1375 2860 hoc
1390 2798 1462 2860 dicit
1476 2798 1513 2860 de
1537 2817 1623 2879 equa·

336 2900 406 2970 bus,
434 2917 510 2981 quae
533 2907 667 2979 tempore
689 2899 784 2959 coitus
807 2914 866 2958 uon
890 2915 1022 2968 crassae,
1052 2896 1105 2959 sed
1132 2915 1249 2962 macrae
1272 2899 1382 2962 debent
1403 2918 1478 2962 esse.
1525 2901 1625 2962 ‘Geni-

336 3000 403 3064 tali’
426 3009 525 3063 autem
548 3002 658 3061 ‘aruo’
682 2998 758 3060 dixit
780 3017 834 3078 pro
862 3000 967 3067 uulua.
997 3009 1030 3061 ut
1056 3018 1121 3070 res,
1150 3017 1227 3080 quae
1254 3020 1309 3082 per
1330 3021 1363 3064 sa
1384 3003 1481 3082 turpis
1504 3011 1568 3064 erat
1589 3000 1624 3062 ad

336 3101 565 3184 proterendum,
590 3099 716 3180 quadam
738 3100 1002 3164 circumlocutione
1012 3103 1173 3162 ‘mtaretun
1204 3105 1314 3165 Arnum
1331 3111 1427 3166 autem
1442 3103 1565 3183 proprie
1581 3113 1624 3165 est

340 3213 420 3268 terra
442 3205 599 3286 proscissa.
677 3204 680 3212 '
1635 3216 1658 3256 ss

208 3331 320 3384 prom
420 3304 659 3387 Hyperbaton
702 3314 763 3367 est
805 3308 1044 3368 transcensio
1081 3308 1106 3367 i·
1144 3306 1303 3369 transilitio
1346 3316 1375 3368 et
1416 3309 1623 3387 transgressio.

333 3408 517 3482 Quaedam
546 3409 570 3468 i·
593 3406 711 3488 mando
740 3406 830 3469 multa
858 3410 1090 3489 interponuntur
1113 3415 1143 3470 et
1163 3407 1200 3470 ad
1223 3405 1358 3471 ultimum
1386 3426 1437 3488 ea,
1468 3427 1543 3488 quae
1572 3409 1623 3470 dc·
1712 3425 1713 3440 ³

333 3511 460 3574 buerant
482 3509 679 3588 praecedere,
708 3507 938 3587 subiunguntur.
976 3509 1179 3572 Verborum
1207 3506 1377 3572 ordinem
1399 3513 1421 3570 i·
1443 3509 1624 3574 conturbans

332 3614 467 3675 ordinem
490 3609 662 3673 uerborum.
1712 3595 1713 3660 i

207 3741 320 3794 proma
418 3712 683 3796 hysterologia
715 3712 776 3775 uel
812 3713 1154 3794 hysteroproteron
1192 3724 1249 3775 est
1284 3715 1502 3778 sentcntiae
1539 3725 1659 3777 cunrat

332 3815 461 3879 uerbis
488 3815 578 3876 ordo
600 3823 765 3878 mutatus
793 3816 819 3875 i·
848 3814 966 3895 quando
988 3817 1152 3877 sententiae
1175 3823 1205 3876 et
1226 3815 1317 3877 umba
1345 3816 1432 3878 simul
1461 3823 1622 3878 mutantur.
1712 3841 1713 3918 p

1712 4041 1713 4068 l

399 4107 416 4157 8
433 4105 498 4156 Post
514 4107 610 4158 codicia
625 4121 686 4172 pag.
701 4107 751 4156 200
765 4105 887 4170 ponenda
904 4109 961 4155 erat
977 4121 1004 4170 p.
1018 4105 1111 4155 209:
1121 4104 1187 4158 Bon.
1198 4120 1225 4169 p.
1240 4107 1299 4169 100,
1312 4107 1348 4156 32
1358 4121 1422 4172 sep..
1441 4108 1535 4172 aliquot
1548 4105 1624 4170 salita
1712 4085 1713 4146 i

330 4174 357 4224 ln
374 4175 455 4224 medio
473 4175 624 4238 deperditis.
694 4175 727 4225 18
745 4173 884 4222 seeundum
904 4170 1054 4238 Epicureos]
1073 4173 1109 4238 rs.
1127 4171 1242 4224 Seruiana
1260 4175 1296 4223 ad
1310 4173 1388 4238 Verp.
1409 4175 1473 4228 Aen.
1493 4173 1507 4224 1
1512 4175 1539 4223 V
1553 4177 1623 4225 584:
1712 4201 1713 4234 r

330 4240 420 4292 ‘Nouo
439 4241 549 4291 lumiue'
572 4243 712 4293 seeundum
730 4241 884 4306 Epicureos,
908 4242 951 4304 qui
974 4240 1049 4290 stulte
1067 4239 1153 4290 Solem
1171 4242 1202 4290 de
1220 4242 1312 4291 atomis
1335 4243 1422 4292 dicunt
1442 4255 1574 4301 constare,
1599 4255 1624 4292 et
1712 4283 1713 4288 ,

330 4325 388 4359 curn
406 4312 448 4360 die
466 4310 549 4369 nasci,
568 4325 626 4360 cum
644 4311 685 4360 dia
702 4311 793 4375 perire.
865 4311 898 4362 20
916 4309 1060 4359 bebemcior
1135 4309 1169 4358 26
1187 4309 1328 4375 yperbatou
1413 4313 1446 4363 30
1464 4310 1623 4376 ysterologia
1712 4319 1713 4334 ¹

330 4377 370 4427 uel
387 4387 596 4444 psteroproteron

398 4637 432 4686 20
450 4635 541 4687 diona
558 4635 654 4686 aodim's
672 4633 812 4685 Beraemls
827 4634 850 4697 s.
868 4630 1018 4700 antuerp.
1036 4634 1097 4688 sirm
1129 4633 1179 4683 iste
1201 4633 1272 4684 locus
1291 4634 1317 4683 iu
1335 4643 1431 4684 tantum
1450 4645 1518 4686 totus
1536 4635 1622 4702 turpis

331 4715 382 4760 est,
403 4713 429 4752 ut
446 4703 520 4753 etlam
538 4704 565 4752 iu
584 4703 685 4768 uulgari
704 4701 832 4752 locutione
849 4702 1005 4768 despiciatur
1022 4701 1114 4765 audiri,
1128 4701 1173 4752 sed
1186 4711 1262 4768 pueta
1275 4702 1384 4764 ‹puadam
1397 4703 1623 4755 circumlocutione
1712 4733 1713 4736 =

328 4785 391 4892 <impr
406 4773 483 4820 comit
505 4767 600 4822 uocaus
624 4771 726 4820 uuluam
750 4771 859 4836 gerrltale
881 4785 971 4825 aruum
989 4780 1014 4820 et
1031 4769 1116 4820 sulcos
1135 4771 1152 4820 i.
1172 4771 1297 4836 quasdam
1321 4787 1398 4837 rugas
1422 4773 1447 4821 iu
1467 4772 1545 4822 uultus
1561 4789 1622 4824 esse

347 4853 379 4890 ιω
392 4877 398 4893 ι

1712 4927 1713 4950 l
