3352 5556
269 355 350 404 CLVI
691 341 740 390 DE
760 339 922 390 cunntstt
940 337 1143 389 EXCBRPTIS

265 530 373 608 prees.
403 531 521 590 Charis.
553 548 585 607 3.
616 525 782 603 XLVIII)
814 530 902 589 uarie
939 543 960 585 3
989 528 1127 587 librariis
1156 533 1354 603 corruptum:
1382 528 1568 602 plerumque

270 629 347 696 33313
365 633 519 707 scribitur,
543 633 691 692 interdum
714 633 1010 705 communiones,
1034 631 1124 690 semet
1143 622 1212 690 toria
1235 632 1340 690 iuueni
1358 632 1514 705 scriptum.

355 736 374 796 l.
398 730 441 806 2·
462 760 506 788 =
526 751 555 813 3.
578 729 630 804 50,
653 729 787 802 esst,
813 729 852 792 14
874 731 909 792 ll.
932 731 1061 812 ‹lapellat
1090 733 1191 807 (quem
1212 734 1309 792 Iocum
1331 733 1448 792 11311133
1465 748 1499 806 3.
1524 739 1567 788 50

270 846 331 900 331.
356 855 416 898 noo
445 843 526 896 recte
549 835 578 908 s.
604 841 640 894 21
665 838 799 896 inocuiri
819 837 931 910 dicio:
959 855 988 915 p.
1011 829 1068 901 50,
1091 829 1133 894 26
1161 830 1342 894 innotabilis
1370 841 1414 894 est
1444 832 1565 912 nequic-

272 957 360 1020 qnam
402 933 489 1008 51,1
513 938 682 999 autminus
705 943 753 998 aut
776 935 842 1016 plus
882 909 1092 1016 ι3311133333]
1116 931 1275 1016 33333313
1326 930 1567 1015 231331331331

270 1039 370 1102 scribo
400 1058 459 1101 non
488 1036 641 1118 analogiae
666 1041 778 1100 uirtute
837 1034 857 1101 5
887 1037 1004 1119 plenius
1033 1073 1071 1080 -
1099 1037 1236 1099 inuenies
1263 1055 1320 1098 om.
1384 1034 1402 1097 7
1430 1038 1471 1097 113
1499 1033 1560 1096 tarn

270 1139 291 1206 9
313 1140 469 1204 (1311333131
511 1125 921 1220 3333333131331313333]
946 1144 1014 1218 (313,
1040 1158 1100 1202 333
1122 1139 1292 1219 anchoram)
1355 1136 1390 1199 11
1416 1136 1474 1198 tario
1498 1138 1567 1216 opi-

271 1245 390 1306 nionem
438 1239 476 1304 12
499 1243 577 1321 Ergo
601 1247 636 1304 31
660 1243 705 1304 lris
751 1240 790 1304 13
813 1260 908 1323 nequo
930 1241 1049 1302 sordida
1072 1240 1253 1320 accipienda.

354 1347 374 1408 l.
400 1341 460 1406 181
483 1344 638 1415 Quomodo
660 1354 730 1406 sunt
751 1343 807 1406 alia
832 1347 1007 1423 pronomina
1032 1342 1079 1404 uel
1101 1341 1279 1425 appellatiua
1303 1344 1431 1410 nomtna,
1455 1339 1566 1422 quibus

270 1448 469 1510 additamenta
501 1449 680 1526 iunguntur,
710 1446 788 1525 quod
818 1445 926 1508 similia
960 1455 1030 1508 sunt
1057 1445 1193 1527 partibus
1221 1445 1378 1513 orationis,
1412 1453 1446 1504 31
1473 1444 1565 1504 ‘tute'

270 1553 390 1612 ‘tamea'
415 1552 539 1611 ‘semea'
563 1551 724 1626 ‘quisnam'
749 1548 926 1629 ‘quislibet’.
964 1549 1195 1611 Commodianus
1217 1547 1298 1618 dicit,
1322 1545 1400 1628 quod
1421 1548 1567 1609 istasunt

270 1651 482 1714 additamenta*
501 1661 530 1714 et
559 1669 618 1713 non
646 1659 746 1732 partes
776 1653 921 1712 orationis
949 1652 989 1712 lta
1018 1650 1133 1712 dicens:
1164 1647 1378 1711 Pronominum
1406 1647 1566 1709 -utiles
1608 1703 1610 1711 ,

270 1772 335 1816 3333
356 1762 483 1832 possunt
511 1761 539 1814 et
565 1751 678 1834 reliqua
700 1783 742 1804 =
764 1775 792 1835 p.
819 1749 894 1823 160,
920 1749 1054 1816 15-18
1114 1748 1153 1813 15
1179 1751 1347 1832 prominum
1375 1748 1565 1828 quorundam

270 1855 386 1936 dispars
445 1865 479 1917 ut
499 1862 561 1916 1313
584 1862 679 1916 temes
704 1874 896 1917 semea-non
919 1855 966 1916 nis
990 1851 1038 1936 ((((((
1061 1872 1132 1933 3333
1154 1855 1282 1916 33311313
1303 1853 1355 1914 sed
1378 1851 1564 1914 additamen-

271 1965 333 2018 tum
357 1959 489 2038 iungitur
513 1975 670 2035 namquam
693 1957 766 2018 haec
790 1976 879 2019 uoces
929 1954 967 2018 17
990 1965 1113 2034 possunt
1134 1955 1213 2036 quod
1236 1957 1261 2016 si
1284 1964 1460 2036 separantur
1476 1973 1564 2015 nuru·

269 2078 357 2140 quam
380 2058 449 2122 tiles
473 2079 537 2121 esse
559 2067 683 2140 possunt
705 2066 743 2120 el.
756 2059 879 2140 reliqna.

354 2161 375 2222 l.
398 2157 461 2222 221
485 2161 547 2222 1133
562 2161 716 2222 solendum
733 2160 811 2240 quod
828 2170 944 2224 3313333
966 2161 1113 2222 1311311133
1130 2159 1280 2240 ponebant
1303 2178 1359 2240 pro
1381 2158 1563 2220 indicatione

270 2263 401 2345 impersit
428 2271 460 2324 ut
482 2261 548 2324 coris
573 2261 658 2324 dicit:
688 2271 824 2344 preterca
853 2263 1006 2325 dicebatur
1036 2263 1148 2324 13113113
1173 2299 1209 2306 -
1235 2263 1374 2340 cognosci
1395 2267 1493 2339 potest
1519 2289 1564 2312 =

269 2385 300 2444 p.
325 2362 395 2435 174,
418 2360 543 2428 25-27
587 2383 656 2427 333
678 2367 871 2442 adnotatione
892 2367 998 2428 IIcitii:
1032 2363 1109 2443 apud
1134 2361 1337 2426 3313103133]
1393 2370 1424 2424 et
1445 2381 1513 2424 arce

270 2465 413 2528 adhibent
1258 2476 1263 2485 ·

354 2567 425 2630 ibid.
463 2567 522 2630 Cur
546 2569 714 2630 inuenimns
735 2588 807 2650 sepe
830 2571 861 2630 13
883 2569 1036 2631 historicis
1058 2566 1145 2630 libris
1167 2569 1283 2649 passina
1307 2567 1451 2630 1311311133
1475 2567 1505 2627 13
1529 2585 1563 2628 33

270 2681 303 2732 31
325 2668 418 2748 legier
440 2672 588 2748 mergier?
632 2669 702 2732 ldeo
730 2671 808 2752 qnod
838 2675 937 2733 omnia
965 2672 1109 2733 1311311133
1136 2673 1253 2751 3333133
1281 2668 1562 2750 3333111333333)

270 2773 349 2854 apud
372 2792 426 2834 nos
449 2771 539 2834 lrodie
561 2774 591 2835 13
615 2777 624 2834 1
648 2772 813 2845 3113313331,
838 2773 915 2854 apud
939 2782 1056 2835 ueteres
1077 2774 1108 2834 in
1130 2791 1164 2834 er
1185 2771 1425 2835 terminabantur
1448 2779 1479 2831 ut
1499 2769 1561 2830 todi

270 2875 356 2938 dicit:
381 2883 533 2937 31331333
557 2879 667 2938 omissa
692 2911 729 2920 -
753 2875 812 2955 legi
829 2875 925 2936 amliri
947 2903 989 2926 =
1012 2895 1039 2956 p.
1059 2872 1127 2944 175,
1144 2871 1241 2937 2-5;
1271 2871 1291 2936 3
1314 2876 1408 2935 simus
1455 2868 1563 2949 4331-

271 2980 362 3038 133133
384 2997 417 3038 33
441 2977 579 3040 docerier
636 2975 657 3039 5
685 2978 789 3040 audier
816 2980 1000 3057 posteriores
1027 2975 1141 3038 11113333
1169 2974 1260 3038 331311
1283 2959 1321 3038 31
1337 2976 1442 3055 agitari
1466 2975 1564 3047 (uude

270 3081 432 3142 uerisimile
452 3087 506 3155 est,
530 3083 795 3158 3333313333
819 3099 874 3143 suo
901 3083 1006 3142 codice
1028 3083 1057 3140 ‘i
1076 3082 1180 3140 littero
1202 3083 1260 3154 uti,
1286 3081 1333 3139 ut'
1366 3080 1563 3154 repperisse).

355 3182 374 3242 l.
398 3177 460 3243 231
494 3180 565 3243 Corn
589 3183 673 3262 prins
702 3181 773 3243 illud
804 3181 994 3262 prouerbium
1023 3179 1204 3242 anadubium
1233 3179 1292 3240 dici
1321 3178 1411 3241 debet
1431 3177 1565 3258 dispute-

271 3302 347 3345 mus.
371 3283 517 3344 suitonius
540 3285 650 3344 etenim
673 3283 850 3365 tranquillus
872 3291 955 3363 putat
976 3283 1037 3344 dici
1059 3281 1170 3344 debere
1196 3281 1275 3363 quod
1297 3289 1364 3343 ante
1386 3279 1433 3342 331
1457 3279 1565 3342 adner-

270 3385 354 3447 hiurn
377 3385 456 3466 quod
480 3392 577 3464 potest
599 3382 724 3447 uerbum
748 3385 976 3465 appellationem
1000 3387 1089 3447 etiam
1112 3403 1232 3466 nonque
1253 3392 1381 3465 ponatur
1397 3391 1426 3444 et
1447 3379 1563 3463 reliqna

269 3475 436 3568 =p.194‚
452 3484 499 3547 14.
531 3487 648 3548 Deinde
668 3495 827 3550 secuntur:
849 3487 928 3548 llaec
950 3505 1021 3566 ergo
1044 3505 1114 3567 pars
1135 3486 1213 3567 apud
1235 3504 1341 3565 grecos
1363 3485 1420 3546 dno
1443 3486 1565 3545 nomina

270 3588 369 3660 habet,
392 3606 531 3670 eperema
554 3586 632 3668 qnod
657 3589 870 3667 interpretatur
892 3588 1068 3652 aduerbium
1087 3574 1232 3669 epandacl
1249 3587 1317 3666 (133.
1331 3589 1478 3668 epimenia
1493 3593 1522 3646 et
1535 3593 1567 3645 et

270 3691 446 3772 pandecten)
467 3690 544 3772 quod
560 3692 793 3770 interpraetatur
809 3709 896 3752 33133
911 3690 1038 3762 dictum,
1061 3690 1150 3771 qnod,
1174 3699 1207 3752 31
1230 3691 1457 3767 gramaticus
1480 3686 1564 3756 dixit,

271 3794 366 3856 omnis
387 3794 491 3862 oratio,
515 3791 633 3873 quando
655 3793 766 3854 desinit
789 3811 863 3862 3333,
887 3791 965 3873 quod
988 3799 1043 3861 331,
1067 3794 1097 3852 13
1121 3790 1297 3854 adnerhium
1315 3793 1420 3854 transit
1442 3789 1503 3863 (cs.
1526 3793 1566 3850 dc

270 3898 323 3958 illo
348 3897 551 3972 3333331133
577 3894 682 3956 Seruii
706 3894 837 3970 [833311]
859 3911 964 3956 comm.
993 3897 1024 3954 iu
1053 3895 1130 3955 Bon.
1158 3913 1190 3970 p.
1217 3900 1288 3968 4311,
1316 3901 1353 3953 22
1375 3896 1406 3954 II
1431 3900 1460 3952 31
1486 3909 1567 3968 quae

270 3997 375 4074 833311
394 3999 513 4057 nomine
534 4015 575 4058 33
596 3998 664 4057 cod.
689 3997 780 4057 Bcru.
807 4004 861 4056 123
878 3995 908 4070 s.
927 3993 982 4056 241
1004 3999 1220 4072 accepsimas,
1246 4013 1302 4057 333
1323 4013 1394 4072 333,
1417 4009 1495 4071 quae
1510 3993 1565 4054 Co

270 4101 399 4160 miniani
428 4102 548 4160 nominc
585 4101 741 4175 adscripto
779 4101 922 4175 13333133
960 4100 1064 4159 codun
1096 4100 1182 4175 opud
1213 4099 1334 4158 Petrum
1371 4099 1458 4158 totus
1493 4097 1568 4156 iibri

266 4219 300 4278 p.
327 4207 393 4275 167,
420 4205 462 4276 7).
511 4201 585 4263 Tum
607 4202 715 4262 addito
736 4209 806 4262 suoi
821 4202 955 4262 Charisii
968 4202 1062 4262 uerba
1077 4203 1196 4261 nominc
1218 4217 1278 4260 333
1294 4201 1450 4277 adposito:
1473 4198 1567 4258 Stoici

271 4301 435 4382 pandacun
465 4310 590 4372 uocant;
619 4321 686 4363 nam
715 4305 814 4364 omnia
842 4305 873 4364 in
901 4321 933 4364 se
961 4303 1040 4382 capit
1067 4303 1152 4382 qnasi
1174 4301 1288 4363 conlata
1311 4307 1471 4380 pensatura
1494 4318 1564 4358 con·

272 4421 355 4464 33333
377 4402 435 4465 sibi
451 4395 559 4466 ’333331
583 4404 665 4464 33313
688 4412 834 4483 potestate
854 4431 896 4456 =
918 4423 947 4484 p.
974 4401 1043 4474 194,
1066 4401 1117 4466 20.

356 4505 426 4567 ibid.
457 4504 528 4568 Cor'n
552 4503 693 4566 aduerbia
716 4513 766 4566 331
789 4524 843 4584 333
864 4541 906 4550 -
927 4510 1046 4586 sapiens
1068 4508 1222 4587 sapienter
1243 4533 1284 4556 =
1308 4525 1336 4585 p.
1363 4501 1437 4575 180,
1460 4499 1502 4564 29
1523 4538 1566 4547 -

274 4603 344 4676 181,
366 4605 387 4667 2
410 4604 490 4686 (180,
513 4603 555 4668 29
576 4608 767 4688 33331113313).

356 4709 376 4771 l.
398 4705 460 4768 241
493 4707 562 4769 Coris
580 4710 808 4788 significationes
824 4708 1036 4773 aduerbiorum
1051 4717 1119 4771 3331
1133 4707 1269 4789 plurime.
1295 4709 1463 4788 significant
1482 4708 1563 4768 enim

273 4819 389 4890 tempus
411 4819 444 4870 31
465 4811 530 4872 heri
554 4829 658 4891 nuper,
682 4810 779 4875 locum
803 4823 835 4873 ut
857 4811 906 4873 lrlc
929 4816 1007 4872 3131
1028 4839 1069 4862 =
1092 4831 1120 4891 p.
1146 4807 1214 4882 181,
1237 4807 1332 4872 3-4.
