3316 5566
282 349 323 414 92
795 351 863 402 ARS
881 349 1057 404 tuburtae

281 539 487 621 diphthongon
502 539 649 609 desinunt,
667 547 698 600 ut
710 537 797 601 liuius
812 547 917 620 poetae
933 547 963 600 et
978 537 1046 600 huic
1062 547 1168 619 poetae
1183 547 1213 600 et
1228 538 1257 600 hi
1269 546 1374 619 poetae
1391 547 1419 600 et
1430 560 1447 600 o
1458 545 1565 620 poetae.

281 643 369 704 ltcrn:
394 643 594 704 nominatione
617 650 646 702 et
669 643 822 703 uocatiuus
844 642 1003 722 singularis
1025 643 1055 702 in
1070 663 1087 704 a
1103 649 1271 721 correptam
1296 637 1342 701 uel
1366 643 1396 702 iu
1419 659 1450 702 as
1470 648 1516 702 aut
1536 641 1564 700 in

281 765 313 806 es
335 745 482 815 desinunt,
506 751 539 806 ut
560 743 609 804 lric
624 752 710 824 poeta
732 751 762 806 et
783 763 801 804 o
823 751 920 824 poeta,
944 742 992 804 hic
1007 745 1120 806 Aeneas
1142 751 1172 804 et
1193 745 1349 814 obcoeas,
1372 744 1421 804 hic
1435 743 1567 805 Anchises

281 855 310 908 ct
332 867 349 908 o
371 847 524 909 Anchises.
570 845 762 908 Accusatiuos
784 845 942 924 singularis
970 847 1000 906 in
1024 863 1039 905 a
1063 845 1236 925 productam
1264 847 1455 916 terminatur,
1483 853 1511 906 ut
1531 843 1566 904 ab

280 948 336 1010 hoc
364 957 460 1026 poeta.
506 947 579 1009 ltem
602 948 759 1026 genetibus
787 945 910 1028 pluralis
937 948 967 1008 in
991 965 1075 1009 arum
1104 965 1223 1027 semper
1252 947 1377 1017 desinit,
1408 955 1440 1008 ut
1465 947 1589 1010 horums

279 1058 444 1131 poetarum,
461 1051 580 1112 datiuus
596 1067 669 1111 uero
685 1047 808 1129 pluralis
824 1057 853 1110 et
867 1048 1013 1110 ablaticus
1035 1050 1064 1112 in
1088 1050 1114 1110 is
1136 1049 1311 1130 productam
1335 1051 1513 1117 terminatur,
1536 1056 1567 1106 ut

279 1151 326 1214 his
349 1154 455 1233 poetis.
488 1150 593 1213 Omnia
617 1171 689 1230 ergo
714 1151 833 1212 nomina
856 1153 888 1212 in
911 1169 927 1212 a
950 1153 1107 1213 terminata
1130 1151 1244 1232 primae
1265 1161 1335 1212 sunt
1356 1150 1566 1214 declinationis.

279 1253 351 1316 lodo
367 1255 583 1316 Priscianus
598 1253 682 1314 dicit:
706 1253 743 1314 lo
760 1271 775 1314 a
791 1253 1009 1315 desinentia
1024 1271 1088 1315 seu
1104 1255 1249 1316 Gracco
1263 1261 1349 1314 sunt
1365 1273 1426 1315 seu
1443 1253 1565 1314 Latina

280 1353 1566 1436 masculinaueliemininauelcommunia,primaesuntdeclinationis,

256 1449 318 1518 'ut
339 1457 399 1518 bic
422 1456 620 1518 citharista
643 1457 752 1519 huius
780 1455 1017 1526 citharistae,
1047 1456 1106 1518 bic
1129 1457 1253 1518 scriba
1276 1457 1385 1518 huius
1407 1455 1600 1523 scribae,u

279 1559 369 1620 haec
391 1559 591 1640 calliopio,
622 1557 732 1622 buius
754 1557 979 1638 Calliopiae,
1008 1557 1097 1620 baec
1120 1560 1250 1637 regina
1274 1557 1387 1622 huius
1409 1560 1567 1637 reginae.

279 1663 350 1723 item
367 1669 471 1722 neutra
487 1661 544 1722 hoc
560 1659 583 1742 †
598 1661 698 1724 hiliria
713 1660 799 1722 huius
814 1658 943 1730 hiliriae,
959 1663 1003 1722 sic
1018 1659 1074 1722 boc
1090 1663 1165 1723 toria
1182 1659 1239 1722 boc
1255 1661 1367 1722 Pascha
1384 1660 1440 1722 hoc
1455 1677 1566 1722 manna.

278 1765 442 1825 Commune
475 1764 601 1825 duorum
630 1781 788 1844 genemm,
823 1773 855 1825 ut
890 1763 940 1824 hic
973 1771 1003 1824 et
1029 1762 1102 1824 haec
1132 1765 1259 1826 cenuiua
1295 1763 1383 1825 huius
1417 1763 1566 1824 conuiuae.

277 1867 439 1928 Commune
468 1867 556 1927 trium
579 1883 737 1944 generum,
768 1875 800 1926 ut
821 1865 871 1926 hic
893 1864 1018 1928 ethaeo
1047 1872 1076 1926 et
1097 1865 1154 1926 hoc
1177 1865 1291 1927 aduena
1320 1865 1408 1926 huius
1430 1864 1566 1925 aduenae.

274 1953 495 2042 Promiscuum‚
527 1977 558 2028 ut
580 1967 630 2028 hic
660 1968 707 2028 uel
730 1969 804 2030 haec
834 1965 932 2044 aquila
961 1967 1047 2029 buius
1076 1965 1200 2047 aquilae.
1245 1968 1370 2046 Propria
1399 1965 1600 2033 masculinae
1637 2017 1644 2034 .

276 2077 306 2130 nt
329 2069 376 2130 hic
398 2067 503 2149 Aquila
522 2068 570 2130 hic
586 2068 752 2132 Fenestella
775 2070 823 2130 hic
838 2071 976 2149 Agrippa.
1023 2069 1102 2131 [lixit
1124 2077 1221 2131 antem
1238 2068 1468 2136 Priscianus.
1492 2066 1567 2148 quod

276 2174 374 2233 omnia
397 2173 515 2232 nomina
539 2174 570 2232 in
586 2191 601 2232 a
618 2172 783 2234 desinentia
806 2173 919 2252 primae
935 2179 1004 2233 sunt
1018 2170 1235 2232 declinationis.
1273 2171 1331 2232 Sed
1348 2177 1446 2232 tammo
1467 2175 1567 2230 contra

276 2273 351 2334 hanc
366 2270 498 2352 regulam
509 2275 622 2354 primae
637 2272 843 2336 declinationis
859 2275 1024 2335 coronariae
1036 2274 1225 2354 exceptiones
1240 2271 1350 2335 multae
1365 2273 1568 2334 inueniuntur.

275 2375 352 2446 Quot
374 2393 446 2453 ergo
469 2376 670 2454 exceptiones,
700 2375 757 2436 boc
780 2383 824 2436 est
845 2378 1070 2438 contrarietates
1098 2373 1220 2453 regulae
1243 2375 1333 2437 babet
1362 2375 1457 2453 prima
1480 2371 1567 2434 decli-

275 2479 374 2536 natio?
417 2476 480 2536 lloc
503 2483 548 2538 cst
570 2484 694 2554 septem.
740 2478 822 2550 Quae
844 2479 930 2540 sunt?
973 2478 1074 2539 Prima
1102 2479 1237 2556 exceptio
1266 2485 1326 2545 est,
1355 2477 1412 2537 hoo
1432 2486 1479 2537 est
1500 2493 1601 2538 con-so
1648 2521 1649 2558 ᾗ

275 2579 429 2639 trariotas:
455 2579 573 2639 nomina
589 2588 693 2640 neutra
708 2581 739 2640 in
755 2597 770 2640 a
787 2579 951 2641 desinentia
967 2579 1079 2642 Graeca
1100 2586 1215 2640 suntet
1231 2581 1335 2640 tertiae
1350 2577 1567 2640 declinationis:
1648 2565 1649 2570 ’

275 2680 405 2758 genetiui
422 2681 501 2740 enim
519 2680 624 2741 Graeci
647 2688 693 2742 tos
715 2683 748 2743 in
770 2682 807 2742 tis
829 2691 1009 2743 conuertunt
1031 2681 1107 2762 apud
1132 2699 1194 2751 nos,
1218 2689 1252 2743 ut
1273 2681 1330 2742 boc
1351 2697 1457 2760 poema
1481 2678 1568 2741 huius
1648 2739 1649 2751 ,

274 2783 431 2862 poematis,
456 2782 513 2842 boo
537 2781 681 2846 emblema
704 2783 791 2845 buius
813 2786 1009 2860 emblematis,
1038 2785 1096 2847 hoc
1118 2793 1253 2866 toreuma
1275 2785 1364 2845 ditius
1384 2783 1566 2844 toreumatis.

274 2884 346 2946 ltenr
364 2885 494 2946 secunda
510 2885 625 2966 species
641 2887 823 2966 exceptionis
846 2893 904 2947 est:
928 2887 1042 2966 primae
1064 2886 1270 2947 declinationis
1293 2882 1434 2946 nonnulla
1451 2885 1567 2944 nomina

273 2986 393 3048 mobilia
415 2989 446 3048 in
469 3005 484 3048 a
508 2987 673 3049 desinentia
696 2985 707 3069 11
725 2988 743 3048 l.
760 2983 822 3048 94¹1
839 2984 850 3069 ΙΙ
873 2989 1042 3066 genetiuum
1067 2995 1096 3048 et
1118 2987 1248 3050 datiuum
1270 2985 1394 3048 similem
1418 2987 1601 3065 prooemia,

274 3087 362 3150 nibus
382 3089 494 3151 babere
516 3069 666 3159 uidentur,
690 3099 723 3150 ut
743 3109 801 3150 una
825 3091 914 3151 unius
935 3093 999 3164 uni,
1024 3087 1085 3150 sola
1106 3089 1199 3150 solius
1220 3091 1285 3152 soii.
1330 3089 1360 3149 ln
1385 3086 1450 3148 aliis
1471 3096 1567 3150 autem

273 3190 390 3252 casibus
412 3181 454 3252 sic
476 3198 555 3260 suut,
578 3191 655 3252 sicut
677 3194 774 3252 omitia
798 3192 916 3252 nomina
940 3191 1079 3254 leminina
1102 3193 1216 3270 primae
1238 3189 1455 3254 declinationis.
1499 3189 1567 3251 lude

273 3290 1567 3371 Priscianusdicit:Excipiunturnouemnominamobilia,utunaulla

273 3392 374 3454 nulla
395 3397 478 3455 solo
500 3399 580 3456 tota
603 3392 674 3454 alia
697 3403 779 3456 utra
804 3405 935 3458 neutra
959 3395 1092 3471 altera,
1116 3397 1484 3476 quaepronominum
1509 3395 1566 3454 dc·
1647 3403 1648 3408 ’

273 3495 517 3557 clinationem
541 3493 680 3558 habent
702 3498 740 3557 in
763 3498 820 3558 ius
844 3499 1123 3560 terminantium
1140 3499 1366 3574 genetiuum,
1384 3495 1601 3574 quomodou

162 3669 170 3688 ·
273 3617 311 3658 ea
336 3617 428 3676 qnae
451 3600 646 3678 conposita
668 3609 766 3660 sunt:
791 3597 1108 3678 aliquaalieuius,
1134 3603 1435 3680 nequanecuius,
1461 3599 1564 3679 siqua
1647 3581 1648 3658 Ϊ

272 3701 426 3760 siculus.
450 3701 530 3762 llaec
545 3709 642 3762 autem
659 3703 835 3780 pronomina
859 3703 1001 3764 feminina
1024 3703 1140 3781 primae
1162 3700 1369 3763 declinationis
1391 3709 1478 3762 erant
1499 3707 1567 3780 aput

274 3808 401 3861 ueteres.
426 3801 834 3864 lndePriscianusdicit:
852 3803 925 3866 Non
942 3802 1147 3865 solumuna
1164 3805 1363 3874 uniusuni,
1380 3802 1442 3863 scd
1460 3805 1566 3864 etiam

341 4024 353 4071 1
373 4023 538 4088 edyptongon
608 4023 683 4089 phete
701 4035 726 4075 et
743 4024 801 4074 huic
819 4025 907 4090 p⁰hete
924 4035 949 4074 et
966 4024 1000 4074 bii
1021 4023 1113 4090 pohete
1130 4035 1155 4074 et
1173 4040 1187 4074 o
1207 4023 1300 4090 pohete
1368 4021 1512 4088 3pohetn,
1535 4023 1567 4070 sie

270 4090 538 4223 ttttttlditt
567 4093 639 4210 dd
651 4104 682 4210 1²2¹
701 4108 715 4142 ⁰
734 4095 851 4210 ‘silba
869 4095 906 4208 εξ
916 4093 982 4210 lli
985 4107 1056 4212 illm
1109 4091 1332 4212 abidiani
1351 4089 1512 4210 ill⁵¹¹⁸²l0
1528 4089 1567 4212 οῗ

271 4227 377 4276 tharisen
428 4227 582 4290 cptlmristae
623 4198 714 4278 ’scribe
772 4230 801 4277 ll
821 4229 931 4294 caliopis
982 4230 1090 4294 caliopie
1159 4231 1190 4278 12
1209 4229 1256 4277 hoc
1274 4228 1357 4277 hilirie
1375 4227 1451 4276 huius
1472 4227 1567 4277 ltiliriae

271 4297 308 4346 sic
327 4292 428 4344 historia
448 4295 497 4344 hoe
516 4292 608 4360 pesclo
627 4293 780 4362 boemano]
801 4297 880 4358 Infra
896 4303 955 4361 poet
973 4297 1106 4363 ‘paschae’
1125 4297 1317 4348 declinationem
1333 4313 1362 4361 p.
1382 4297 1427 4357 96,
1448 4299 1463 4342 7
1482 4295 1566 4346 eaden

270 4365 392 4414 uocabula
410 4369 589 4413 enumerantur
606 4365 657 4414 ita.-
676 4365 725 4414 hoe
742 4381 836 4415 murone
854 4364 902 4414 boc
920 4364 992 4414 ilario
1009 4366 1058 4415 hoo
1077 4367 1149 4415 toria.
1221 4367 1251 4416 13
1270 4364 1345 4414 huius
1364 4364 1486 4430 conuiuia
1538 4361 1566 4410 rt

270 4429 427 4496 Priscianus]
448 4433 492 4485 tt.
510 4449 537 4497 p.
551 4434 658 4496 413,st
729 4435 759 4483 17
778 4432 961 4483 indesinentia
1012 4433 1193 4483 declinationes
1264 4432 1438 4484 18eontrarie
1493 4429 1567 4480 multa
1646 4449 1647 4452 ¹

271 4500 381 4561 requio
428 4499 516 4565 regule
567 4501 598 4550 21
618 4502 722 4552 uomina
739 4517 815 4566 green
833 4502 857 4550 in
878 4511 932 4550 utra
1001 4503 1034 4552 23
1052 4501 1209 4552 emblematis
1227 4500 1276 4550 hoo
1292 4511 1406 4551 toreuma
1424 4499 1503 4550 hnins
1521 4514 1565 4549 om.
1646 4523 1647 4532 κ

303 4568 442 4617 toriomatis
493 4569 526 4618 et
545 4567 677 4636 nonnullo]
697 4569 739 4618 ills
792 4571 824 4619 26
843 4570 885 4618 nui
904 4569 994 4620 etsoli
1013 4570 1103 4620 addidi
1170 4565 1567 4634 28Prrscten11s]t.t.p.rtr,

271 4637 302 4682 1⁶
353 4636 515 4700 excipiuntur
533 4636 592 4686 noin
614 4639 717 4687 nomina
741 4635 856 4702 mobilia]
886 4638 971 4688 Verbo
995 4652 1083 4686 nortem
1109 4639 1211 4686 nomino
1234 4637 1337 4687 mobilis
1358 4643 1383 4686 ct
1407 4641 1500 4686 neutra
1522 4651 1565 4685 om.

270 4701 384 4752 licitiae:
402 4705 495 4754 adsum
512 4707 538 4753 in
554 4706 611 4755 eod.
632 4706 712 4758 Bere.
731 4709 835 4772 antiquo
854 4723 893 4756 ar.
913 4709 966 4756 432
982 4721 1043 4755 auec
1071 4705 1096 4755 X
1164 4705 1197 4755 29
1215 4704 1268 4754 solu
1286 4720 1333 4754 om.
1387 4702 1482 4765 altera,
1501 4717 1565 4756 corr.

270 4767 347 4816 ultera
399 4774 429 4820 31
449 4773 654 4836 conpositusait
705 4775 758 4823 sire
793 4743 1466 4837 qrtaesonrconpoliuatiqnasiqnaaequaeua.
1489 4773 1565 4822 Bere.

271 4839 324 4887 132
392 4840 425 4887 33
442 4837 602 4905 Priscianus]
622 4841 639 4890 1
655 4858 681 4906 p.
700 4845 757 4901 197,
777 4845 809 4892 12
828 4843 864 4893 II.
917 4843 975 4891 utris
993 4841 1069 4891 etiam
1121 4841 1196 4891 huius
1215 4856 1272 4902 une,
1291 4857 1337 4893 orn.
1356 4839 1456 4891 etbuio
