3316 5566
291 361 332 424 86
799 363 867 414 aas
885 363 1061 416 auournn

290 550 455 632 primordio
484 551 603 620 mundi,
632 559 665 611 ut
691 557 770 612 terra
800 549 913 614 caelum
937 547 1012 631 lapis
1035 551 1147 630 lignum
1171 552 1259 614 homo
1284 599 1418 616 ......
1440 553 1474 613 Et
1492 554 1577 620 scias,

290 673 355 716 esse
379 654 435 716 alia
458 655 594 721 nomina.
624 668 699 729 qnae
722 655 829 714 iterum
853 655 982 732 conponi
1003 661 1142 735 possunt,
1166 654 1236 716 licet
1258 665 1361 717 contra
1386 654 1577 722 interdictum,

290 757 357 834 quia
381 755 547 817 Donatus
569 753 655 815 dicit:
680 754 955 816 Prouidendum
979 765 1033 816 est
1056 755 1179 826 nobis,
1204 776 1246 817 ne
1269 775 1515 837 conponamos
1534 775 1579 816 ea

290 857 451 926 nomina,
476 875 566 937 quae
589 857 784 936 conposita
807 864 892 918 sunt
914 865 975 918 aot
997 875 1037 918 ea
1059 860 1207 919 omnino
1230 861 1393 939 conponi
1416 875 1482 919 uon
1503 876 1579 936 pos·

289 959 385 1020 soni.
428 957 486 1018 Sed
510 959 601 1028 scias,
632 959 687 1020 lroe
716 960 794 1028 lieri,
825 977 893 1020 curo
922 959 1004 1038 prior
1032 961 1195 1038 conpositio
1224 977 1283 1021 nou
1313 962 1470 1022 mutauerit
1495 957 1606 1021 intel-5

289 1060 399 1121 lectum
422 1059 634 1138 simplicitatis,
658 1062 767 1121 iterum
791 1063 932 1140 conponi,
956 1069 989 1122 ut
1010 1063 1134 1124 territus
1156 1069 1185 1122 et
1207 1065 1385 1141 perterritus
1404 1061 1482 1123 idem
1497 1059 1581 1122 intel-

288 1161 398 1232 lectos,
434 1163 644 1242 inperterritus
671 1180 745 1223 uero
773 1165 899 1224 mutauit
925 1161 1124 1232 intellectum,
1159 1172 1189 1225 et
1218 1161 1293 1224 ultra
1328 1182 1496 1244 conponere
1520 1183 1582 1223 uon

289 1261 419 1333 celabis,
443 1271 473 1324 et
487 1267 513 1324 si
529 1267 561 1325 in
577 1265 673 1344 prima
690 1266 754 1326 uice
771 1267 931 1326 mutauerit
954 1263 1152 1337 intellectum,
1177 1283 1237 1328 non
1260 1273 1446 1346 conponatur
1469 1269 1580 1330 iterum.

288 1371 320 1426 ut
343 1365 411 1426 lelix
435 1372 465 1426 et
486 1363 597 1427 infelix.
642 1366 807 1428 Donatus
830 1365 914 1426 dicit:
944 1365 981 1426 ln
1005 1365 1266 1428 declinatione
1290 1369 1581 1447 compositorum

290 1469 474 1528 nominum
504 1469 807 1530 animaduertere
838 1466 1016 1530 debemus
1039 1488 1095 1540 ea,
1119 1488 1211 1549 quae
1234 1487 1275 1530 ex
1297 1467 1442 1530 duobus
1470 1469 1580 1530 nomi·
1597 1485 1619 1522 ιο

290 1571 433 1630 natiuis
455 1570 649 1648 conposita
673 1569 831 1638 luerint.
861 1589 927 1650 per
950 1588 1076 1632 ornnes
1099 1588 1207 1632 casus
1234 1589 1276 1632 ex
1298 1580 1460 1651 utraque
1481 1580 1584 1650 parte

290 1668 492 1740 declinari,
522 1679 557 1732 ut
584 1689 697 1750 eques
726 1671 908 1732 Romanus
935 1673 1077 1750 equitis
1105 1672 1268 1734 llomani.
1313 1673 1404 1734 item
1435 1678 1584 1752 praetor

290 1771 452 1834 urbanus
474 1775 665 1853 praetoris
689 1772 839 1842 urbani;
864 1789 958 1850 quae
981 1793 1068 1834 oero
1091 1795 1132 1835 ex
1155 1775 1390 1837 nominatiuo
1412 1785 1449 1836 et
1470 1772 1584 1855 quoli-

291 1873 351 1934 bet
379 1873 452 1934 alio
481 1893 566 1936 casu
596 1877 794 1954 conposita
825 1875 983 1944 luerint,
1013 1894 1053 1936 ea
1076 1885 1184 1955 parte
1211 1874 1397 1936 declinari
1426 1885 1583 1944 tantum.

290 1993 360 2054 qua
397 1976 517 2038 luerit
553 1977 809 2038 nominatione
847 1995 969 2047 casus,
1008 1982 1042 2060 ut
1079 1978 1300 2056 praelectus
1330 1981 1494 2058 equitum
1522 1977 1620 2038 oete

290 2088 443 2140 senatus
466 2079 689 2140 consultum.

375 2180 466 2241 Casus
489 2179 561 2257 qnid
591 2179 652 2240 esti
696 2179 759 2241 lloc
787 2187 831 2241 est
859 2180 950 2241 dictio
980 2180 1123 2258 gradatim
1153 2199 1282 2262 pergens
1311 2183 1473 2246 nouissima
1502 2189 1586 2260 parte

289 2283 435 2350 nominis:
466 2279 565 2342 aliter:
589 2299 675 2342 casus
698 2290 742 2341 est
764 2283 892 2342 uarietas
915 2281 1164 2344 denominationis
1185 2301 1201 2344 a
1225 2286 1410 2347 nominatino
1433 2283 1585 2345 inclinata.

290 2384 364 2445 ltem
388 2381 442 2443 alia
471 2383 618 2443 definitio:
649 2402 736 2444 casus
759 2391 803 2444 est
825 2385 912 2444 llexio
935 2387 1019 2445 uocis
1041 2386 1216 2464 pecuarias
1239 2385 1394 2463 qualitates
1416 2384 1586 2447 nominandi

290 2483 440 2564 eorporis,
465 2484 543 2544 unde
566 2505 581 2546 a
605 2485 738 2545 cadendo
760 2503 845 2546 casus
868 2485 938 2547 dieti
961 2492 1044 2557 sunt,
1069 2486 1199 2564 eoquod
1223 2488 1454 2567 unumquodque
1477 2505 1622 2548 nomento

290 2583 377 2646 cadat
399 2604 414 2645 a
438 2603 493 2646 suo
515 2595 592 2647 statu
620 2587 650 2647 in
679 2585 804 2647 alterum
833 2595 957 2656 sutum,
986 2597 1017 2648 ut
1046 2588 1150 2649 doctus
1179 2589 1269 2650 docti.
1315 2589 1406 2650 (lasus
1433 2590 1586 2650 nominum
1650 2651 1651 2654 ,

291 2694 363 2767 quot
385 2688 471 2749 sunt?
515 2688 587 2758 Sex,
612 2689 812 2749 nominatione
833 2691 989 2768 genetiuus
1012 2689 1130 2752 datious
1152 2692 1339 2752 accusatione
1362 2693 1515 2752 uocatiuos
1537 2689 1588 2751 ab·
1650 2681 1651 2730 ἓ

291 2790 409 2851 latinos.
442 2790 623 2869 Virgilius
646 2790 728 2852 dicit:
753 2791 874 2863 Quare
896 2809 958 2852 sex
981 2809 1089 2854 casos
1111 2793 1215 2853 sonti
1239 2793 1329 2865 Quia
1352 2812 1413 2854 sex
1437 2795 1587 2872 negotia

291 2893 461 2955 lromincs
491 2891 645 2955 habent:
676 2893 867 2954 nominant
896 2904 1082 2972 generant
1109 2893 1198 2955 dant
1227 2903 1340 2973 agunt
1367 2903 1504 2956 uocant
1525 2913 1588 2955 ao·

290 2999 428 3056 lerunt.
473 2995 516 3056 Ex
545 2995 592 3057 his
620 2995 679 3056 duo
707 3013 794 3057 casus
816 2997 890 3057 recti
913 2992 1112 3075 appellantur,
1148 2998 1349 3058 nominatione
1372 3005 1401 3056 et
1423 2998 1587 3062 uocatiuus.

291 3096 398 3175 reliqui
421 3095 533 3176 obliqui
555 3105 634 3158 sont.
678 3094 847 3159 Ablatioum
871 3097 977 3158 Graeci
1000 3115 1058 3156 non
1082 3097 1205 3158 liabent:
1236 3097 1315 3158 hunc
1338 3097 1485 3179 quidam
1511 3099 1622 3160 tari-e

292 3219 376 3269 rrum,
407 3196 581 3259 nonnulli
603 3207 719 3260 sextum
743 3217 844 3260 casnm
868 3197 1025 3278 appellant.
1069 3199 1142 3260 lnde
1170 3199 1342 3261 lsidorus
1372 3198 1458 3260 dicit:
1490 3201 1588 3262 Olli·

293 3303 387 3362 ciom
422 3319 512 3362 uero
545 3299 722 3376 ablatiui,
761 3309 955 3379 autequam
989 3302 1244 3370 inueniretur,
1282 3303 1318 3362 in
1349 3301 1476 3363 datiuo
1511 3321 1587 3364 cum

292 3404 437 3464 Latinis
470 3409 565 3471 erat,
600 3421 677 3463 cum
712 3402 866 3463 Graecis
903 3410 1020 3463 autem
1057 3405 1093 3462 in
1127 3403 1304 3479 genetiuo
1338 3421 1490 3483 semper
1524 3410 1587 3466 est.

291 3504 364 3566 ltem
392 3503 636 3584 interrogandum
665 3511 724 3573 est,
754 3520 847 3581 quare
875 3505 1075 3566 nominatiuus
1096 3505 1217 3566 ‘casos’
1241 3503 1421 3585 appellator,
1444 3525 1513 3568 cum
1539 3524 1590 3566 ne·

293 3622 440 3686 quaquam
463 3607 618 3667 uiDeamus
640 3624 706 3666 eum
730 3605 848 3675 cadere,
872 3607 925 3667 sed
948 3608 977 3668 in
1000 3625 1054 3668 suo
1077 3615 1154 3668 stato
1176 3625 1363 3686 permanere.
1409 3607 1480 3668 ldeo
1503 3619 1622 3670 casusu

293 3709 410 3778 dicitnr,
434 3727 470 3768 eo
493 3708 571 3787 quod
594 3707 630 3769 ab
654 3727 689 3768 eo
712 3709 741 3768 in
765 3710 937 3786 genetiunm
959 3710 1091 3780 caelatur,
1115 3717 1148 3769 nt
1169 3708 1274 3770 doctus
1289 3709 1384 3778 doeti;
1408 3711 1589 3771 econtrario

294 3819 390 3870 autem
413 3807 425 3891 ΙΙ
441 3811 461 3870 l.
478 3807 538 3871 91b
560 3806 571 3891 ΙΙ
594 3811 777 3872 nonrinatino
800 3809 945 3872 ablatione
969 3829 1053 3873 casus
1076 3819 1211 3881 uocatur,
1235 3829 1270 3872 oo
1293 3812 1372 3890 quod
1395 3813 1425 3873 in
1448 3831 1481 3873 se
1505 3809 1589 3874 cada·

293 3920 358 3981 tor;
388 3910 509 3972 dimidia
538 3914 654 3973 ratione
682 3911 713 3972 tn
740 3911 797 3972 dno
827 3930 912 3973 casus
939 3914 1037 3973 sortiti
1060 3921 1130 3974 sunt
1152 3931 1262 3974 nomen
1284 3931 1380 3975 casus.
1426 3913 1590 3975 Genetiuos

293 4033 367 4074 uero
391 4021 420 4074 et
442 4012 560 4075 datione
576 4022 604 4074 et
619 4015 805 4076 accusatious
827 4023 857 4074 et
878 4015 1033 4076 uocatiuus
1055 4013 1165 4094 duplici
1188 4017 1302 4076 ratione
1324 4033 1412 4076 casus
1436 4023 1589 4078 uocantur.

293 4134 329 4176 eo
352 4115 431 4193 quod
453 4116 486 4176 ic
508 4135 540 4176 se
563 4125 593 4177 et
614 4134 630 4176 a
653 4135 686 4177 se
708 4115 830 4178 cadatur
852 4117 882 4177 in
905 4114 1042 4178 alterum.
1087 4117 1129 4177 De
1152 4134 1278 4178 numero
1300 4135 1421 4178 casuum
1443 4116 1588 4197 quaedam
1601 4125 1623 4162 ι’

363 4304 375 4351 1
395 4302 476 4352 celum
528 4299 626 4366 lignum
644 4301 732 4367 homo]
752 4303 814 4354 Post
831 4319 864 4352 eo
880 4303 906 4352 ia
924 4305 1012 4355 codice
1029 4303 1093 4354 doec
1109 4309 1242 4354 secuntur:
1261 4301 1308 4368 poi
1327 4313 1352 4351 et
1369 4313 1396 4352 nt
1407 4303 1479 4366 siut}
1497 4303 1513 4354 l.
1528 4301 1588 4358 91⁸!

222 4401 227 4414 ,
294 4371 400 4436 propriu
418 4371 522 4419 nomino
540 4369 672 4419 hominum
692 4382 719 4420 ot
735 4373 818 4420 cicero
836 4372 928 4435 scipio.
965 4373 1059 4422 Locum
1081 4377 1227 4436 corruptum
1247 4371 1354 4436 insuper
1374 4373 1519 4424 laoouomm
1536 4383 1588 4420 esse

292 4445 373 4504 potet.
399 4436 564 4489 Sorddcadum
579 4439 708 4501 fortasse:
727 4451 752 4488 et
769 4450 850 4488 cetera
868 4453 934 4501 (puae
952 4439 1064 4506 conponi
1084 4454 1134 4489 non
1147 4451 1266 4504 possunt.
1296 4441 1357 4488 ltcm
1369 4437 1477 4504 propria
1491 4439 1588 4491 nonnum

294 4517 341 4557 etc.
411 4501 574 4572 BDonatus]
594 4523 620 4570 p.
641 4510 700 4570 377,
720 4509 755 4558 13
835 4509 970 4556 literritur
988 4517 1012 4557 et
1030 4509 1194 4574 praeterritur
1263 4509 1321 4558 'lin
1341 4509 1508 4572 praeterritus
1574 4505 1589 4552 9

295 4570 421 4639 Donatus]
438 4590 465 4638 p.
487 4577 583 4636 377,8
668 4577 776 4638 10euq3
863 4578 894 4626 12
913 4590 993 4639 equos
1080 4581 1112 4627 13
1131 4576 1242 4625 urbanus
1261 4575 1370 4640 pretoria
1390 4576 1478 4626 orbani
1560 4571 1588 4620 16

295 4653 401 4690 sanatus
471 4643 570 4692 tener
638 4643 722 4692 lleotio
791 4645 822 4692 21
842 4644 915 4693 cadet
982 4645 1015 4694 22
1033 4645 1102 4706 quod
1170 4646 1203 4694 23
1222 4641 1357 4708 Virgilius}
1374 4659 1401 4708 p.
1413 4647 1466 4694 1³5
1484 4647 1526 4694 ed.
1537 4639 1589 4691 utu

294 4707 465 4758 occurerunt
549 4711 581 4760 26
599 4711 701 4772 quidem
787 4713 820 4760 27
838 4711 981 4776 hesydorne
1050 4709 1176 4775 Isidorus]
1201 4711 1258 4762 Nou
1276 4718 1349 4762 extat
1367 4714 1439 4776 apud
1455 4712 1587 4766 ladem,

296 4775 500 4837 uttoportedat,
519 4779 584 4840 erip.
603 4779 662 4841 16,
681 4781 728 4836 rt,
746 4781 780 4840 rs.
800 4780 886 4843 praef.
966 4783 1000 4830 ³0
1017 4779 1066 4829 lter
1134 4781 1165 4829 31
1186 4791 1265 4845 state,
1283 4797 1353 4831 com.
1372 4789 1438 4830 atate
1455 4797 1523 4832 marr.
1539 4789 1585 4828 rec.

295 4843 330 4894 ³4
347 4841 384 4891 hii
451 4846 484 4894 dd
501 4859 589 4894 casum
606 4845 715 4907 quodum
