3352 5556
625 331 874 384 GRAMMATICO.
1288 347 1409 396 0vast

19 599 20 608 ἵ
116 527 236 580 nentem
258 519 382 581 Scotum
403 517 465 588 ita,
489 527 522 580 ut
542 537 610 582 cum
631 518 685 582 itte
706 517 893 582 Flauianum
915 521 948 582 in
966 529 1074 598 partes
1096 511 1237 598 uocaret,
1262 524 1311 584 bic
1332 521 1409 586 eius-

19 649 20 668 *
116 623 177 682 dem
196 619 357 700 praecepti
379 619 591 683 Cominianum
613 629 769 684 auctorem
792 620 959 684 adhiberet.
1005 624 1114 700 Itaque
1143 641 1204 686 non
1230 632 1274 686 est
1294 623 1408 687 miron·

18 673 21 812 Ι
116 725 197 798 aun,
227 725 310 798 quod
329 722 364 785 iu
384 726 527 798 caIanqo
549 720 737 786 Bononiensi
763 739 843 785 saec.
867 725 919 784 XI
944 742 964 785 a
986 723 1091 787 IIeitia
1103 743 1215 802 proqr.
1239 727 1305 786 Eri.
1333 733 1409 788 1868

114 845 143 901 p.
167 833 204 884 27
226 826 390 887 secumdum
413 823 583 898 Dettefseui
603 822 668 886 uiri
688 823 865 887 suauissimi
885 828 1098 904 cpoqrapbum
1120 825 1202 890 edcta
1224 827 1409 890 ‘Flauianus

18 929 20 1020 j
115 936 141 988 et
161 925 400 990 omisimus
422 924 511 1002 qnasi
526 927 587 989 buo
601 924 665 989 uiri
677 924 874 1003 qrammatici
888 935 1106 990 enumerantur
1118 925 1168 1012 *),
1193 947 1304 1005 neque,
1328 931 1410 1005 quod

18 1035 19 1090 ι
116 1028 188 1092 idua
210 1029 247 1090 in
268 1032 412 1106 cotanqo
434 1028 585 1091 Beruensi
605 1027 719 1106 quitur
740 1029 799 1090 bac
820 1027 948 1106 insuper
968 1028 1078 1092 addita
1100 1029 1312 1106 distinctione,
1336 1035 1408 1094 Fia-

117 1131 235 1194 uiannm
257 1132 372 1194 Italian
396 1129 512 1206 fuisse,
544 1129 754 1193 Cominianum
776 1131 899 1205 Afrum.
945 1132 1026 1192 Nam
1054 1133 1112 1194 boc
1133 1130 1313 1196 necessitate
1334 1151 1407 1210 qua-

17 1277 18 1316 q
114 1237 181 1296 bom
203 1243 344 1311 coqente,
368 1243 532 1310 postquam
554 1234 615 1295 auo
634 1231 832 1309 qrammatici
849 1231 949 1307 fnisse
975 1232 1076 1296 babt'ti
1102 1246 1186 1311 sunt,
1215 1237 1406 1312 sequebatur,

17 1317 18 1408 J
115 1345 143 1398 ot
162 1335 245 1398 atius
272 1335 339 1398 otia
364 1333 492 1398 ciuitate
520 1338 688 1397 donaretur
709 1352 729 1396 a
750 1334 907 1396 monacbis
933 1333 1081 1397 bistorcae
1104 1336 1329 1412 qrammaticae
1355 1355 1407 1400 cn-

16 1497 17 1512 }
115 1438 209 1508 riosis,
233 1456 296 1515 qua
316 1436 350 1500 in
372 1455 417 1518 re,
440 1455 508 1499 cum
531 1435 720 1498 Flauianum
740 1438 853 1498 Italum
875 1455 937 1498 esse
958 1436 1115 1508 iubebant,
1139 1456 1174 1500 eo
1196 1439 1325 1502 adaucti
1345 1458 1409 1502 esse

115 1541 272 1618 utaentur,
301 1539 383 1616 quod
411 1537 572 1600 Charisius
599 1537 685 1600 urbis
713 1539 827 1600 Itomae
854 1537 999 1614 maqistm
1026 1539 1127 1615 fuisse
1154 1540 1314 1603 dicebatur
1343 1543 1406 1617 (cf.

16 1647 17 1650 ’
114 1641 189 1705 IIeiI.
208 1661 322 1720 proqr.
347 1643 412 1703 IIrI.
430 1660 465 1719 p.
493 1646 561 1720 27),
588 1657 656 1702 cum
684 1659 758 1702 uero
782 1639 993 1702 Cominionum
1016 1640 1129 1715 Africa
1157 1642 1319 1704 oriundum
1347 1653 1407 1705 stu-

16 1733 17 1750 }
113 1747 245 1820 tuebant,
270 1743 448 1818 Africanae
468 1741 605 1805 Obarnsii
627 1741 760 1819 oriqinis
784 1743 886 1804 nescio
908 1761 966 1820 quo
983 1751 1079 1821 pacto
1100 1743 1221 1821 aliquid
1241 1747 1407 1807 octaorum

114 1865 199 1908 aures
215 1846 398 1924 pencenissc
418 1843 584 1908 nemsimite
604 1853 656 1906 est.
702 1845 780 1905 Nam
802 1844 878 1906 satis
898 1844 1057 1921 probabile
1078 1855 1131 1922 est,
1156 1848 1239 1922 quod
1258 1850 1407 1911 Vsenerus

113 1968 206 2028 nuper
243 1967 319 2010 mm.
348 1949 446 2010 Iiben.
481 1949 541 2010 uoI.
570 1947 690 2009 XXIII
720 1965 752 2025 p.
784 1953 841 2006 192
873 1947 911 2006 de
942 1944 1080 2010 Obarisii
1106 1948 1218 2026 patria
1249 1949 1407 2027 saqaciter

113 2050 253 2116 coniecit.
276 2085 318 2098 -

177 2305 207 2374 *)
226 2309 296 2358 Idem
316 2307 425 2372 cstaiogi
444 2306 578 2356 Bobionsis
601 2317 690 2355 unctor
712 2304 831 2364 credidit,
857 2320 931 2368 quem
950 2314 974 2354 ot
992 2304 1105 2354 Flauiani
1124 2315 1148 2354 et
1166 2303 1293 2372 sosipatri
1315 2305 1405 2356 librum

113 2393 156 2442 pro
174 2393 204 2428 sc
222 2392 351 2440 quemque
368 2390 500 2426 recensere
518 2375 635 2424 sistemus
653 2373 722 2440 spuo
743 2373 904 2423 Muratorium
924 2373 956 2424 III
975 2389 1001 2438 p.
1019 2373 1071 2424 820
1088 2382 1113 2423 et
1129 2375 1190 2424 821.

684 3089 830 3242 1111.

516 3357 1000 3492 PRISOIANEA.

683 3565 833 3576 -—-——

690 3747 770 3814 ess.
793 3745 821 3812 1.

207 3905 268 3972 DII
290 3902 511 3972 PRISOIANI
534 3901 640 3968 VITA
663 3897 850 3977 QVADAM
872 3897 1095 3964 BERNENSI
1117 3897 1312 3964 INEDITA.

194 4083 234 4144 Iu
257 4080 504 4156 fraumentorum
531 4075 639 4140 codice
666 4074 817 4138 Beruensi
838 4077 866 4135 Α
887 4081 924 4134 90
946 4072 1063 4150 sraqm.
1087 4079 1126 4132 30
1152 4089 1231 4133 saec.
1255 4072 1306 4132 III
1326 4089 1362 4148 p.
1386 4079 1405 4131 8

115 4193 187 4244 -II
206 4192 276 4261 post
297 4180 456 4244 Prisciani
476 4180 578 4258 operis
600 4176 730 4241 extremi
745 4175 863 4255 aliquot
882 4175 1016 4255 paqinas
1030 4177 1107 4236 baec
1120 4181 1206 4236 extat
1220 4171 1287 4234 uita
1301 4191 1403 4250 qram-

115 4284 219 4349 matici
241 4281 447 4347 Caesariensis
468 4301 506 4346 ea
528 4283 566 4344 de
587 4297 682 4344 causa
704 4278 922 4354 memorabilis,
953 4278 1027 4355 quia
1048 4279 1092 4337 act
1111 4273 1296 4338 notissimam
1317 4273 1404 4338 ittam

115 4387 258 4452 librorum
284 4385 472 4464 sinqutorum
500 4381 748 4461 subscriptionem
776 4380 996 4459 explicandam
1018 4397 1077 4442 non
1098 4376 1179 4440 nibil
1204 4376 1328 4440 luminis
1350 4380 1404 4438 nct-

113 4490 182 4562 fert.
231 4491 326 4562 Onam
348 4487 443 4550 uitam
464 4486 535 4550 olim
557 4485 590 4548 in
615 4483 732 4547 Ottonis
754 4483 862 4546 Iabnii
883 4501 967 4546 iesum
990 4500 1010 4542 a
1031 4500 1064 4544 se
1084 4479 1269 4558 descriptam
1296 4483 1403 4541 Vscne-

117 4611 177 4662 ras.
200 4601 364 4671 postquam
390 4589 476 4653 iilum
505 4587 605 4650 uinum
630 4585 925 4664 praestantissimum
949 4584 1023 4660 fatu
1054 4582 1163 4660 iniquo
1191 4581 1278 4644 nobis
1306 4599 1406 4658 nuper

117 4693 306 4772 eripuerunt,
334 4701 367 4755 ut
389 4691 460 4755 buia
481 4692 560 4754 libra
581 4689 761 4764 insererem,
785 4695 955 4750 currentem
977 4689 1159 4750 adhortatus
1185 4693 1229 4747 est
1247 4683 1408 4776 facileque

118 4795 267 4858 concessit.
