3378 5550
283 373 365 422 XCIV
701 358 824 410 sutton
842 356 1148 410 nxrnanfflonus

278 563 364 622 44444
392 563 488 624 supro
511 549 616 624 posui,
646 549 744 610 tecum
767 555 795 608 et
817 547 1034 608 emendandum
1057 554 1085 606 et
1106 546 1330 621 explicaretur.
1375 545 1453 606 Sum
1480 551 1576 606 eutem

278 645 807 722 mmmmmm
1293 635 1296 642 '

364 751 443 810 luter
466 749 600 811 causales
622 760 651 810 et
674 751 832 811 rationales
854 757 899 810 est
920 749 1018 829 aliqua
1042 748 1182 810 discretio
1205 767 1242 810 an
1267 751 1345 810 noni
1382 749 1442 810 Est.
1482 748 1576 820 Ouid?

280 853 361 913 Sicut
389 854 526 932 superius
556 851 682 912 diximus
703 849 714 934 ΙΙ
737 849 882 934 143111,
905 849 957 913 ubi
985 869 1071 912 causa
1101 859 1160 920 est,
1189 853 1264 912 ratio
1292 869 1356 912 esse
1384 859 1496 931 potest:
1526 850 1577 912 uui

279 957 353 1015 ratio
383 963 441 1026 est,
471 973 557 1016 causa
587 973 652 1015 esse
676 972 735 1016 non
758 961 867 1034 potest.
911 953 952 1014 lla
976 954 1039 1015 eius
1063 952 1240 1033 exemplum.
1286 953 1368 1015 luter
1390 952 1525 1014 causales
1549 963 1577 1015 et

279 1055 441 1118 rationales
469 1055 593 1118 multum
623 1059 755 1121 interest.
800 1057 930 1118 Primum
960 1057 1037 1117 scire
1060 1054 1221 1126 debemus,
1254 1054 1332 1116 aliud
1357 1073 1422 1116 esse
1446 1074 1575 1122 causam.

279 1158 356 1222 allud
381 1161 536 1222 rationem.
583 1157 754 1230 Quomodo?
792 1158 885 1220 Causa
909 1166 967 1228 est,
997 1175 1071 1235 (puae
1095 1177 1150 1219 nos
1172 1159 1249 1236 cogit
1273 1157 1308 1218 ad
1332 1157 1441 1238 aliquid
1465 1159 1576 1220 lacien-

279 1261 365 1331 dum,
389 1261 480 1332 ratio,
505 1278 563 1338 qua
587 1263 698 1322 utimur
713 1260 743 1320 iu
760 1258 905 1322 iaciendo.
937 1259 1109 1331 Quomodol
1142 1260 1178 1319 Vt
1199 1271 1269 1339 puta
1292 1261 1316 1321 si
1340 1259 1435 1320 dicarn
1459 1259 1577 1321 ‘occido

279 1363 428 1425 leontinum
453 1362 575 1424 attollo
603 1363 666 1424 eius
694 1362 917 1424 ltereditatenr’:
953 1380 1039 1423 causa
1064 1370 1117 1422 est.
1163 1362 1249 1423 Ratio
1272 1370 1331 1432 est,
1365 1379 1422 1441 qua
1451 1363 1576 1441 quisque

280 1468 373 1527 utitur
401 1468 430 1526 in
462 1465 612 1540 iaciendo,
641 1474 674 1526 ut
703 1473 772 1545 pana
802 1467 826 1526 si
855 1465 966 1532 dicam,
996 1464 1143 1544 quomodo
1174 1483 1241 1524 erun
1276 1464 1413 1526 occidere
1442 1464 1576 1532 debeam,

280 1587 399 1630 ueneno
422 1586 459 1628 an
483 1569 578 1638 lerro,
607 1586 660 1648 per
684 1567 810 1628 mediana
835 1576 968 1640 noctem,
999 1585 1053 1644 per
1076 1566 1169 1635 (lietu,
1198 1584 1258 1646 quo
1281 1569 1311 1628 in
1336 1566 1409 1628 loco.
1453 1566 1577 1637 Quoties

281 1687 352 1748 ergo
381 1669 418 1730 de
446 1687 532 1730 causa
562 1669 706 1750 loqueris,
737 1669 846 1730 causali
875 1677 973 1739 utere,
1003 1687 1071 1730 curn
1094 1668 1131 1730 de
1154 1669 1284 1738 ratione,
1316 1669 1451 1729 rationali
1479 1676 1575 1728 utere.

281 1771 323 1831 ‘Si
346 1770 427 1831 illurn
451 1771 554 1834 occido
578 1780 607 1832 et
629 1771 700 1832 tollo
724 1773 787 1832 eius
809 1771 1033 1832 hereditatem’:
1057 1770 1106 1830 liic
1128 1771 1185 1831 iarn
1209 1771 1239 1832 in
1263 1769 1328 1831 loco
1351 1789 1439 1832 eausa
1463 1777 1576 1830 tantuna

280 1892 345 1934 esse
362 1872 552 1952 praedicitur.
584 1873 669 1934 Ratio
684 1882 782 1934 autern
806 1882 865 1942 est,
890 1889 946 1950 qua
970 1875 1036 1951 quis
1058 1874 1152 1934 utitur
1174 1875 1205 1934 in
1228 1871 1380 1933 iaciendo:
1403 1875 1427 1932 si
1450 1871 1576 1933 causalis

280 1986 338 2045 est,
363 1974 439 2036 liene
462 1976 578 2044 dixisti;
602 1976 665 2037 ‘sed
690 1974 784 2036 debeo
808 1993 925 2036 ueneno
948 1973 1099 2044 occidere,
1124 1973 1219 2034 debeo
1242 1974 1335 2045 clam,
1359 1993 1431 2054 orgo
1454 1974 1575 2042 latelto’;

279 2080 417 2157 quoniam
442 2080 538 2156 ‘ergo’
562 2080 729 2139 coniunctio
752 2076 906 2138 rationalis
928 2086 987 2146 est,
1011 2075 1087 2137 hene
1111 2076 1218 2138 dixisti.

372 2179 461 2241 Vides
483 2183 587 2258 141144,
617 2189 712 2240 artem
736 2183 917 2241 Beruensem
940 2197 1035 2254 neque
1056 2182 1100 2240 itu
1122 2182 1289 2241 consentire
1310 2199 1377 2242 eum
1399 2189 1576 2241 commentu—
1656 2243 1665 2254 ,

279 2285 335 2343 riis
357 2281 528 2358 84414414,
552 2290 585 2342 41
607 2284 775 2342 4144141114
792 2284 888 2358 possit
909 2284 973 2342 dici
993 2299 1088 2358 neque
1110 2284 1140 2343 in
1163 2291 1279 2344 tuntum
1295 2285 1334 2343 etr
1348 2287 1386 2344 iis
1404 2285 1577 2354 4514444444,

281 2391 328 2457 ut,
361 2401 420 2459 quo
448 2386 567 2444 nomine
594 2386 743 2459 inscripta
772 2392 831 2452 est,
865 2385 928 2444 eius
955 2386 1068 2444 nultum
1098 2386 1217 2445 omnino
1245 2387 1406 2460 imapirrem
1435 2385 1578 2446 uideatur

279 2486 407 2558 referre.
452 2485 531 2545 Num
559 2493 588 2546 et
608 2488 639 2548 in
661 2487 769 2546 ceteris
791 2487 939 2546 orationis
954 2487 1097 2562 partibus
1117 2488 1212 2546 444114
1239 2497 1323 2557 sunt,
1352 2504 1431 2563 quae
1457 2489 1517 2548 iam
1544 2490 1576 2547 14

278 2589 367 2648 editis
393 2589 535 2661 14444144
561 2603 627 2650 cum
655 2590 769 2657 uerbis,
798 2593 858 2650 tum
885 2591 1039 2649 sententiis
1064 2605 1213 2664 perquam
1236 2591 1356 2650 similia.
1403 2589 1486 2661 Quae
1502 2605 1576 2664 pro

280 2705 394 2765 ponere
423 2691 523 2750 omniu
553 2692 588 2750 44
614 2691 647 2749 id
667 2690 753 2750 liuud
780 2691 939 2751 uidebatur
964 2693 1166 2752 necessarium
1193 2707 1270 2760 esse,
1300 2694 1389 2766 quia,
1415 2698 1577 2768 postquem

278 2791 373 2852 libelli
406 2791 519 2852 edendi
553 2807 676 2868 operum
711 2795 844 2870 suscepi,
881 2794 1002 2867 sinputu
1029 2809 1049 2852 4
1082 2793 1158 2854 uiris
1194 2795 1289 2854 doctis
1324 2795 1397 2868 ipsis
1431 2796 1512 2854 inter
1546 2809 1579 2852 44

280 2891 423 2965 conferri
435 2899 526 2968 utque
547 2895 715 2956 diiudicari
729 2901 891 2972 poterunt:
912 2895 969 2954 lroe
984 2896 1186 2956 tantummodo
1207 2897 1238 2955 14
1261 2898 1434 2956 uniuersum
1455 2911 1576 2956 monen-

281 2997 351 3057 dum
373 3001 433 3072 est,
462 3011 529 3055 eum
550 2999 831 3056 commentariorum
853 2995 1073 3070 Serpiunorum
1098 2996 1250 3077 formum,
1280 3014 1369 3075 quum
1396 2999 1495 3058 codex
1516 2997 1575 3057 Lu-

281 3099 426 3158 44411444
451 3098 590 3172 praebet,
614 3100 765 3174 plurimes
791 3099 935 3159 exhibere
961 3101 1041 3160 lucos
1067 3101 1139 3161 huic
1166 3101 1229 3161 urti
1248 3101 1423 3162 consimiles.
1469 3099 1577 3174 ltaque

279 3217 359 3276 quoe
370 3217 403 3275 p.
419 3206 483 3270 142,
504 3205 579 3258 1-3
600 3201 751 3275 tepenter,
775 3202 879 3261 eudem
897 3199 968 3273 sere
982 3203 1074 3262 trudes
1086 3219 1117 3277 p.
1133 3209 1202 3276 487,
1220 3203 1401 3272 23-25114
1419 3220 1453 3278 p.
1472 3207 1539 3274 142,
1557 3207 1576 3258 4

280 3305 326 3362 ‘ut
344 3309 421 3378 putu
436 3335 477 3346 -
494 3309 512 3362 5
532 3305 704 3364 4441444114
725 3305 779 3363 est'
804 3303 949 3377 conserus
970 3321 1036 3364 cum
1059 3305 1213 3378 ittoiaen,
1238 3307 1292 3381 qui
1311 3311 1355 3364 est
1371 3321 1406 3380 p.
1433 3309 1501 3371 487,
1523 3307 1575 3370 29;

280 3407 318 3464 de
338 3406 676 3482 1444414215-19
697 3402 857 3482 conserp.
883 3413 949 3478 499,
977 3413 1108 3474 19-15;
1128 3424 1159 3482 p.
1187 3414 1253 3481 147,
1279 3413 1360 3464 5-8
1382 3402 1426 3477 cs.
1445 3421 1478 3480 p.
1506 3409 1573 3478 495,

281 3514 317 3566 27
339 3524 400 3582 seq.
408 3527 420 3577 ;
445 3525 479 3583 p.
504 3513 571 3580 447,
599 3513 645 3566 1⁵.
670 3513 705 3566 44
728 3505 772 3580 cs.
790 3525 824 3584 p.
849 3513 916 3581 444,
943 3513 997 3578 44,·
1026 3525 1059 3585 p.
1087 3514 1151 3575 444,
1176 3515 1296 3568 44-44
1316 3507 1360 3580 cs.
1382 3524 1414 3582 p.
1440 3513 1509 3581 444,
1536 3513 1575 3564 44

278 3626 354 3685 sequ
375 3626 407 3684 p.
433 3615 498 3678 152,
525 3607 704 3680 19-2941.
726 3625 757 3683 p.
783 3615 849 3682 495,
877 3615 913 3668 28
935 3627 1009 3685 4444
1027 3627 1062 3686 p.
1088 3617 1153 3679 155,
1180 3615 1229 3668 19.Ι
1258 3609 1472 3684 ε4444441144,
1496 3609 1578 3684 quod

276 3710 456 3787 frequenter
475 3713 553 3784 fiunt
566 3712 746 3780 soloecismi,
770 3718 804 3771 ut
824 3713 852 3770 si
872 3713 959 3772 51444
981 3711 1073 3770 ‘uado
1094 3712 1143 3771 ilro
1164 3717 1194 3770 et
1215 3727 1274 3784 epo
1295 3713 1396 3772 nescio
1411 3712 1495 3787 quid'
1519 3719 1576 3771 etc.

279 3813 322 3886 ef.
335 3831 371 3889 p.
391 3821 464 3892 444,
482 3822 499 3870 5
522 3815 685 3874 adpetente
708 3807 807 3873 Keitio
829 3829 869 3873 ex
890 3815 1045 3888 excerptis
1065 3813 1179 3873 44414414
1200 3812 1355 3874 5414444414
1376 3815 1457 3874 Voss.
1475 3819 1522 3872 33.
1539 3821 1576 3872 4.·

278 3919 347 3977 item
369 3915 494 3990 Serpius
515 3915 589 3976 dicit
615 3915 785 3990 ‘quaeritur
807 3917 910 3990 ipitur,
939 3916 967 3974 si
986 3917 1017 3974 in
1040 3931 1100 3976 444
1130 3915 1221 3976 uerbo
1240 3917 1297 3988 fiat
1318 3917 1517 3988 soloecismus,
1543 3921 1576 3974 ut

279 4020 394 4094 siquis
416 4019 621 4090 interropetus
644 4021 720 4093 ‘quo
744 4013 871 4077 uadis’?
904 4023 933 4076 et
955 4018 1006 4076 1114
1027 4017 1110 4078 dicet
1134 4017 1283 4091 ‘Romae',
1307 4019 1493 4079 soloecismus
1514 4025 1558 4076 441
1565 4036 1576 4086 ;

279 4139 310 4198 p.
339 4127 404 4196 155,
430 4125 467 4178 22
488 4136 548 4194 seq.
571 4118 616 4192 cs.
635 4136 669 4194 p.
694 4126 761 4186 519,
787 4124 821 4176 17
843 4135 916 4192 seq.,·
935 4135 967 4195 p.
993 4125 1059 4188 158,
1086 4125 1162 4178 7-9
1184 4119 1229 4193 cs.
1248 4137 1281 4196 p.
1300 4126 1366 4191 489,
1390 4127 1426 4188 8,·
1450 4126 1516 4193 517,
1544 4126 1579 4186 2,·

283 4230 351 4295 495,
377 4230 412 4291 5,·
437 4228 505 4295 441,
529 4228 566 4279 85
588 4223 643 4292 tte
664 4239 695 4298 p.
721 4227 787 4293 158,
814 4220 997 4295 17-2241.
1022 4227 1088 4296 517,
1107 4229 1147 4281 54
1168 4237 1243 4296 sequ
1264 4238 1296 4296 p.
1322 4227 1387 4290 158,
1406 4228 1452 4281 23.
1471 4227 1510 4280 24
1531 4220 1577 4293 cs.

277 4343 308 4402 p.
333 4331 399 4394 517,
426 4331 482 4394 14,·
505 4341 540 4399 p.
566 4329 636 4396 158,
664 4329 795 4380 27-39
820 4321 866 4396 es.
892 4341 923 4401 p.
949 4331 1014 4394 517,
1041 4331 1086 4384 21.
1138 4324 1275 4384 Ceterum
1303 4325 1362 4384 istu
1388 4325 1578 4396 sinputurum

278 4428 493 4488 sententiarum
507 4425 671 4486 similitudo
685 4426 728 4485 ud
741 4443 779 4484 44
794 4443 911 4502 quoque
923 4429 1064 4502 pertinet,
1081 4443 1161 4502 quoe
1175 4428 1206 4485 in
1222 4426 1335 4486 codicis
1347 4423 1511 4485 Beroensis
1526 4432 1580 4484 123

280 4537 375 4588 artem
391 4543 481 4604 quam
498 4527 653 4588 Clementis
669 4526 754 4590 Scoti
766 4545 829 4588 esse
843 4529 935 4602 uutpo
954 4527 1109 4601 14445441,
1133 4527 1236 4602 Serpit
1254 4529 1373 4588 nomine
1384 4529 1579 4604 praescripto

280 4637 431 4692 translatu
466 4637 549 4704 sunt,
587 4631 625 4690 de
654 4629 762 4705 quibus
790 4631 863 4691 14414
891 4629 979 4704 infra
1001 4629 1105 4708 portis
1132 4631 1191 4690 III
1215 4647 1284 4706 cap.
1316 4631 1358 4690 l'I
1392 4631 1582 4706 disputaturi

279 4749 395 4794 sumus:
422 4734 481 4794 leuc
508 4733 602 4806 tpitur
623 4730 760 4805 reseras,
790 4748 868 4808 quae
890 4731 918 4806 s.
943 4740 1010 4808 27⁰,
1039 4732 1067 4807 s.
1092 4729 1155 4802 27⁶,
1180 4730 1209 4805 s.
1235 4730 1299 4802 25¹⁵,
1324 4733 1353 4806 s.
1379 4737 1442 4802 29⁶,
1467 4731 1496 4806 s.
1520 4739 1578 4792 30⁰

281 4842 395 4898 4441441.
