3354 5580
277 379 340 444 228
670 381 904 436 couuen'rvu
924 382 1168 435 ernsrnnsuss

278 570 505 632 consonantium
535 568 755 640 consideretur,
786 569 872 648 leriga
895 571 953 632 duo
976 580 1005 633 et
1027 572 1117 632 semis
1140 570 1187 632 uel
1210 573 1264 634 tria
1294 580 1444 652 tempora,
1476 571 1577 632 breuis

277 688 370 732 unum
394 681 422 731 et
444 672 534 732 semis
556 677 652 750 potest
674 671 794 734 babere.
838 672 939 753 Apud
967 674 1162 743 metricos,
1186 675 1211 734 i·
1236 675 1464 736 uersilicatores.
1510 674 1576 734 Se-

277 775 408 853 mipes,
432 774 457 832 l·
482 771 622 834 dimidius
645 792 711 853 pes,
742 783 772 836 et
793 755 1015 857 bocffibantum
1038 775 1075 836 ad
1103 774 1195 854 pedes
1222 775 1395 856 disyllabos,
1427 776 1478 854 qui
1508 773 1576 833 ideo

276 877 405 954 primum
428 874 583 955 possident
604 875 717 944 locum,
747 875 815 954 quia
843 877 932 956 primi
960 879 1071 957 reperti
1102 884 1171 938 sunt
1197 875 1246 938 uel
1269 877 1346 955 quod
1370 879 1575 956 principatum

277 983 379 1038 tenent
400 979 478 1038 inter
500 975 644 1054 reliquos.
690 976 761 1038 lnde
784 983 813 1037 ai
836 979 1016 1058 principales
1037 979 1187 1040 dicuntur.
1589 995 1600 1032 ⁵

801 1163 849 1225 DE
876 1163 1045 1226 Pssuluvs.

149 1299 274 1358 ,nomm
361 1283 428 1344 Pes
456 1291 512 1344 est
540 1280 780 1361 syllabarum.
825 1282 990 1345 ventilatur
1012 1303 1028 1345 a
1051 1281 1203 1344 nonnuliis
1225 1284 1374 1360 quaestio,
1404 1302 1459 1345 eur
1481 1284 1578 1364 pedes

276 1385 306 1445 in
329 1393 391 1446 arte
414 1389 573 1464 ponantur.
620 1383 733 1445 Dicitur
755 1391 868 1454 tamen,
893 1387 1031 1462 quoniam
1056 1383 1122 1446 illos
1145 1403 1204 1446 nou
1227 1385 1362 1465 improbe
1378 1387 1488 1464 posuit,
1506 1387 1576 1466 quia

275 1485 320 1546 bis
343 1486 426 1566 quasi
449 1484 575 1565 quadam
599 1483 695 1566 pedali
719 1487 819 1564 regula
843 1486 877 1547 ad
902 1486 1088 1567 peragendos
1112 1505 1219 1548 uersus
1233 1493 1368 1565 tempora
1384 1484 1576 1566 syllabasque

276 1589 424 1648 metimur.
470 1587 577 1648 Certa
601 1587 870 1656 dinumeratio.
895 1598 976 1649 certa
999 1587 1062 1658 lex,
1086 1589 1180 1658 lirma,
1204 1588 1332 1650 definita.
1359 1585 1370 1669 ll
1388 1584 1481 1668 20411ι
1509 1587 1613 1648 ‘lii-10

275 1689 452 1751 numeratio’
475 1689 671 1769 computatio:
695 1688 775 1750 nulla
798 1689 877 1750 enim
900 1688 954 1750 alia
977 1707 1026 1750 res
1048 1690 1219 1751 dinumerat
1240 1698 1374 1770 tempora
1392 1696 1421 1750 et
1435 1687 1577 1768 syllabas.

274 1790 364 1851 ueluti
385 1788 487 1870 pedes.
533 1789 768 1870 Temporum,
796 1792 821 1851 i·
845 1791 1016 1870 spatiorum.
1061 1791 1134 1852 Nam
1159 1789 1277 1869 quidam
1301 1791 1392 1871 pedes
1413 1799 1497 1860 sunt,
1523 1793 1578 1869 qui

274 1885 331 1952 duo
354 1891 403 1952 uel
425 1891 481 1952 tria
505 1899 637 1972 tempora
661 1898 712 1953 aut
734 1900 873 1971 quattuor
896 1890 1006 1954 babent
1021 1892 1184 1956 seeundum
1201 1909 1360 1955 numerum
1377 1890 1576 1974 syliabarum.

272 1991 352 2054 llaec
382 2003 479 2054 autern
508 1991 638 2054 definitio
665 1993 847 2055 substantiae
871 2000 930 2063 esi,
954 1995 984 2056 ln
1007 2012 1065 2074 qua
1087 1995 1255 2075 proprietas
1279 2003 1309 2056 et
1330 1995 1502 2056 communio
1528 1995 1576 2054 in·

274 2092 431 2172 telligenda
455 2103 509 2157 est.
554 2096 726 2176 Proprietas
747 2095 777 2157 in
801 2094 872 2162 boc,
902 2096 980 2173 quod
1010 2096 1082 2157 dicit
1102 2100 1195 2157 ‘certa
1218 2095 1419 2158 dinumeratio
1440 2094 1614 2175 syllaba-15

273 2199 366 2262 rum':
394 2199 634 2258 communionem
657 2215 730 2258 uero
752 2196 842 2258 babet
870 2216 937 2258 cum
967 2195 1092 2277 syllaba,
1122 2197 1239 2276 quando
1269 2198 1340 2259 dicit
1361 2199 1459 2259 ‘certa
1483 2197 1576 2259 dinu-

273 2299 398 2358 meratio
433 2302 628 2378 temporum’‚
659 2301 728 2378 quia
756 2307 785 2359 et
813 2300 842 2359 in
871 2298 996 2377 syllaba,
1029 2301 1106 2360 sicui
1133 2301 1162 2361 in
1191 2299 1327 2379 pedibus,
1357 2308 1577 2361 mensurantur

273 2405 415 2478 tempora.
461 2399 510 2460 Sic
538 2417 610 2478 ergo
637 2399 784 2478 iungitur:
819 2399 889 2479 ‘pes
912 2409 956 2462 est
983 2408 1063 2462 certa
1093 2401 1289 2463 dinumeratio
1317 2399 1496 2481 syllabarum
1524 2400 1575 2463 uel

271 2507 352 2562 certa
386 2499 583 2562 dinumeratio
612 2499 802 2581 temporum'.
847 2502 917 2562 Post
950 2501 1091 2582 syllabam
1123 2502 1239 2574 delinit,
1274 2503 1343 2583 quid
1377 2503 1436 2564 sint
1466 2501 1575 2582 pedes,

271 2601 340 2680 quia
369 2619 405 2662 ex
431 2600 549 2682 syllabis
576 2609 722 2664 constant.
773 2603 824 2665 Est
852 2619 925 2680 ergo
952 2622 1005 2683 pes
1034 2602 1212 2685 syllabarum
1242 2613 1323 2665 certa
1356 2604 1573 2675 dinumeratio,
1588 2621 1614 2659 so

271 2703 339 2780 quia
368 2712 437 2765 sunt
464 2703 582 2784 quidam
616 2705 708 2785 pedes
740 2703 877 2786 disyllabi
905 2713 956 2766 aut
985 2703 1126 2786 trisyllabi
1157 2704 1204 2766 uel
1235 2703 1432 2784 tetrasyllabi,
1464 2713 1574 2785 postea

272 2803 463 2885 polysyllabi,
487 2807 508 2866 i·
531 2805 639 2868 multas
660 2806 786 2887 syllabas
808 2806 962 2876 babentes,
985 2825 1061 2887 quos
1083 2808 1241 2888 ‘syzygias'
1263 2825 1415 2868 uocamus.
1460 2809 1573 2868 loei-

131 2906 376 2977 r·³⁶⁹·1⁸dunt,
410 2907 433 2967 i·
464 2907 615 2969 eueniunt.
670 2910 895 2990 Vnicuique.
929 2911 955 2969 i·
984 2909 1066 2970 omni
1098 2908 1177 2988 pedi.
1227 2911 1347 2979 Arsis,
1385 2907 1515 2969 eleuatio
1547 2929 1573 2970 s.

271 3009 369 3077 uocis,
399 3027 435 3069 eo
463 3009 541 3090 quod
573 3009 613 3070 ibi
643 3029 701 3072 uox
724 3009 869 3072 eleuetur.
912 3007 1059 3080 Thesls‚
1089 3008 1268 3081 humiliatio,
1297 3012 1322 3071 i·
1346 3010 1494 3090 depositio
1520 3010 1574 3072 uel

270 3109 425 3180 demissio,
455 3113 522 3190 quia
552 3111 593 3172 ibi
622 3131 678 3173 uox
708 3109 883 3192 deponatur.
928 3092 1130 3208 Numerus)
1153 3130 1176 3172 s.
1200 3119 1315 3182 certus,
1339 3111 1359 3172 i·
1383 3118 1455 3191 quot
1476 3111 1612 3192 sylla-2⁵

270 3210 323 3272 bas
355 3210 453 3272 babet.
498 3211 671 3292 Tempus,
705 3214 731 3272 i·
760 3221 833 3291 quot
867 3219 999 3292 tempora
1034 3197 1150 3292 accipit.
1202 3211 1412 3282 Resolutio‚
1447 3214 1575 3292 quando

270 3331 348 3374 unus
363 3331 417 3393 pes
439 3313 564 3375 soluitur
586 3315 616 3374 in
640 3313 774 3385 alterum,
791 3311 931 3375 uidelicet
951 3313 1113 3394 disyllabus
1135 3317 1165 3375 in
1189 3313 1373 3394 trisyllabum
1396 3312 1442 3374 uel
1467 3315 1573 3396 trisyl-

269 3412 354 3479 labus
375 3417 406 3476 in
430 3414 669 3497 tetrasyllabum,
699 3425 866 3494 temporum
894 3424 994 3476 tamen
1016 3419 1132 3478 ratione
1159 3423 1293 3478 seruata:
1323 3415 1373 3477 ille
1402 3415 1480 3476 enim
1512 3403 1574 3496 pes

270 3517 390 3596 ponitur
417 3535 471 3597 pro
500 3517 608 3588 altero,
638 3535 704 3580 cum
728 3535 787 3596 quo
810 3516 913 3579 eadem
937 3523 1072 3596 tempora
1096 3516 1207 3579 babere
1236 3517 1339 3587 debet,
1370 3525 1470 3596 utpote
1493 3535 1574 3595 pro·

268 3617 493 3680 celeusmaticus
521 3637 576 3700 pro
604 3616 719 3700 dactylo
747 3618 795 3680 uel
826 3618 974 3698 spondeo,
1009 3620 1076 3698 quia
1112 3620 1272 3680 eorundem
1307 3627 1475 3698 temporum
1510 3629 1613 3681 estso

269 3711 397 3790 Quidam
418 3723 497 3782 enim
520 3729 590 3782 sunt
610 3719 761 3800 simplices
789 3766 1516 3784 ..................
1558 3770 1567 3783 .

809 3955 873 4038 [nn
895 3953 1021 4038 roms]

128 4157 394 4245 „.³r1‚27ll205ll
418 4171 447 4221 et
470 4160 691 4239 proprietatem.
738 4158 818 4220 Ordo
842 4147 900 4220 esi:
938 4159 1148 4221 Conturbat
1179 4180 1304 4242 saepe,
1334 4163 1359 4222 i·
1390 4159 1570 4240 frequenter

268 4270 436 4324 commouet
457 4269 631 4322 accentuum
655 4260 762 4340 legem,
786 4260 846 4322 ‘uel
867 4263 943 4323 raiio
967 4261 1192 4340 distinguendi,
1217 4265 1241 4322 i·
1265 4262 1427 4324 diuidendi.
1471 4260 1571 4325 Verbi

242 4366 376 4442 ¹gratia,
405 4365 431 4424 si
453 4363 519 4440 quis
546 4361 647 4441 legens
675 4362 878 4424 ‘malesanus’
907 4362 1019 4423 diuidat
1046 4365 1076 4423 iu
1106 4363 1180 4424 duos
1207 4371 1362 4433 accentus,
1392 4371 1425 4424 ut
1450 4364 1611 4427 ‘male’ss

334 4655 350 4702 3
367 4651 512 4715 dissylabos
582 4653 597 4701 ‘l
617 4651 760 4711 mutilatur,
777 4667 909 4717 suprascr.
928 4653 943 4700 i·
962 4661 1079 4701 mouetur
1158 4652 1190 4701 21
1209 4649 1342 4714 dissyllnbi
1360 4661 1405 4700 nin
1423 4649 1570 4714 trissyllnbi

265 4721 298 4768 22
317 4719 461 4784 polisyllsbi
530 4721 663 4784 sinzngias
732 4720 765 4770 25
782 4720 900 4771 dimissio
968 4721 1001 4770 aa
1013 4719 1145 4783 dissyllnbi
1164 4720 1189 4767 in
1209 4718 1383 4782 trissyllabum
1403 4717 1442 4768 uei
1461 4719 1570 4783 trissyl-

264 4787 337 4836 lnbus
406 4789 439 4837 29
456 4801 564 4850 eumque
633 4787 859 4853 proceleumaticus
934 4790 968 4839 ³0
985 4787 1079 4838 dsetilo
1156 4789 1188 4837 31
1208 4783 1350 4854 simplices]
1370 4786 1446 4837 Inter
1460 4803 1489 4852 p.
1509 4791 1569 4840 204

265 4859 291 4906 et
309 4856 360 4904 205
377 4856 497 4906 monella
511 4857 577 4920 solia
593 4857 786 4906 interciderunt.
1348 4881 1356 4896 .
