3560 5574
371 367 434 432 258
778 367 1012 422 counaurvu
1029 366 1273 420 amomaeusa

371 559 544 638 quentatiua
566 565 666 620 tanim
689 557 783 619 iorma
810 576 869 619 non
897 565 996 638 potest
1056 576 1105 626 se,
1135 556 1203 634 quia
1231 558 1335 617 tertiae
1363 556 1579 634 coniugationis
1605 565 1651 616 ast

372 659 516 732 ‘Adsunt
545 661 646 722 ‘iero’
669 679 724 740 per
751 575 1153 740 coniugationeslffellciunm
1184 657 1300 720 ‘soleo’
1328 677 1383 738 per
1410 676 1520 738 genera
1549 657 1652 718 deficit:

371 778 430 822 non
454 769 499 822 est
521 769 675 832 neutrum,
705 763 773 841 quia
796 763 825 824 iu
849 763 1000 842 passiuum
1024 763 1128 823 transit
1151 761 1182 821 in
1212 763 1387 840 praeterito:
1417 778 1478 822 nou
1501 769 1547 822 εει
1568 761 1652 838 passi·

371 881 456 934 uum,
487 865 556 944 quia
585 865 614 925 in
638 883 655 924 o
678 863 785 925 desinit
813 863 843 923 in
872 865 1038 944 praesenti,
1073 863 1124 924 sed
1155 871 1260 924 neutro
1290 865 1441 942 passiuum
1471 881 1507 924 ex
1538 871 1653 940 uuoque

281 967 579 1044 sea,acompositum:
603 967 646 1028 sic
668 964 795 1044 ‘gaudeo
816 966 884 1026 ilo’:
909 965 992 1026 laxo
1015 966 1034 1024 i·
1058 965 1179 1034 iaciant,
1209 963 1307 1025 delicit
1333 983 1388 1043 per
1416 983 1574 1032 numeros,
1603 981 1671 1022 unns

371 1065 459 1128 habet
480 1065 692 1148 pluralitatem.
736 1066 809 1128 Nam
837 1067 914 1128 sicut
942 1065 992 1126 alii
1015 1065 1118 1128 dicunt
1140 1067 1242 1126 ‘laxo’
1266 1065 1414 1136 illumino,
1443 1065 1585 1128 iriuolum
1607 1073 1652 1124 ast.

280 1185 330 1236 aaa,
345 1187 356 1226 r
370 1168 510 1248 impleo
531 1187 586 1250 per
609 1169 718 1248 ligures
740 1167 852 1238 delicit,
876 1169 945 1246 quia
968 1186 1027 1230 aton
1051 1169 1120 1230 iacit
1136 1168 1228 1248 ‘plen'
1244 1167 1385 1248 simplex;
1409 1169 1491 1229 iero
1513 1187 1567 1248 per
1589 1177 1653 1228 tem·

370 1288 442 1351 pora
465 1271 575 1334 delicit.
620 1269 693 1331 Nam
717 1269 794 1330 ‘tuli’
818 1269 854 1330 de
877 1271 970 1330 altero
993 1269 1100 1341 uerbo,
1125 1269 1202 1349 quod
1226 1277 1271 1329 εει
1293 1269 1399 1341 ‘tollo’,
1427 1271 1545 1350 accipit.
1589 1267 1654 1328 Ede

369 1391 423 1452 per
446 1391 590 1453 personas
613 1371 724 1443 delicit,
755 1370 872 1450 quando
894 1370 1054 1432 ‘comedo’
1077 1372 1236 1450 significat:
1271 1389 1339 1434 nam
1362 1375 1413 1433 ‘es
1435 1373 1497 1432 est’
1520 1391 1536 1434 a
1560 1371 1652 1432 ‘sum'

368 1473 463 1536 uerbo
485 1473 651 1536 deducitur.
696 1475 855 1536 Face-sao
878 1471 1013 1535 similiter
1035 1472 1135 1536 delicit
1156 1491 1212 1553 per
1233 1492 1394 1552 personas,
1416 1475 1436 1534 i.
1460 1473 1561 1536 lacere
1584 1473 1682 1534 desi-u

368 1575 451 1638 dero.
496 1577 569 1640 Cum
597 1573 807 1657 impersonalia
835 1594 890 1656 per
912 1593 1017 1638 omnes
1039 1574 1142 1636 modos
1164 1574 1366 1646 declinentur,
1396 1576 1577 1654 quaedam
1599 1574 1652 1634 de·

279 1675 510 1748 enucleatius
533 1679 796 1748 inueniuntur,
821 1685 860 1740 ut
881 1676 1003 1757 liquet
1023 1677 1096 1738 mihi
1118 1675 1172 1738 tibi
1194 1676 1252 1748 illi;
1275 1680 1431 1739 miseret
1453 1696 1502 1740 me
1523 1677 1614 1746 illum,
1635 1677 1651 1734 i.

367 1779 570 1842 misericordia
592 1789 638 1842 est
659 1779 733 1843 milri
755 1779 792 1842 de
815 1799 859 1842 eo.

768 1911 772 1925 Ι
878 1965 928 2028 DE
950 1964 1147 2028 invitatio.

451 2084 633 2148 Aduerbium
657 2084 734 2149 bene
756 2087 856 2166 posuit
871 2087 952 2147 iuxta
968 2085 1104 2148 uerbum.
1143 2084 1215 2146 Nam
1231 2083 1406 2147 aduerbium
1429 2087 1510 2148 iuxta
1532 2083 1683 2146 uerbumo

367 2189 488 2265 ponitur
510 2205 571 2250 non
594 2195 708 2250 tantum
731 2189 762 2248 in
784 2187 889 2250 ordina
911 2190 1050 2268 partium,
1072 2195 1215 2268 quantum
1231 2190 1262 2248 iu
1278 2207 1334 2250 usu
1349 2195 1469 2250 nostrae
1492 2159 1687 2252 tocuuontsss‘

367 2297 397 2350 et
418 2297 463 2350 est
485 2289 665 2352 adiectiuum
695 2288 795 2364 uerbi,
824 2291 901 2351 sicut
927 2289 1072 2352 adiectiua
1101 2292 1220 2350 nomina
1249 2299 1439 2370 apponuntur
1467 2289 1542 2350 fixis.
1586 2288 1652 2349 Nam

366 2391 443 2452 deut
465 2391 592 2453 dicimus
614 2391 723 2453 ‘bonus
744 2390 855 2462 homo’,
879 2394 921 2454 ita
944 2391 1071 2454 dicimus
1094 2391 1183 2452 ‘bene
1205 2389 1304 2471 legit’i'
1338 2391 1445 2470 ‘Legit’
1468 2409 1523 2471 per
1545 2409 1578 2452 se
1600 2409 1652 2450 noo

367 2492 551 2555 demonstrat
573 2511 637 2554 rem
659 2493 833 2573 perlectam,
856 2511 949 2572 usque
972 2493 1082 2555 adicias
1104 2473 1216 2554 ‘bene’
1241 2492 1289 2554 uel
1312 2492 1424 2553 ‘male’.
1460 2492 1615 2554 Adiecta
1635 2492 1651 2548 i·

265 2617 313 2666 aaa,
329 2619 352 2656 n
365 2596 560 2676 superposita.
607 2595 937 2674 Significationem
966 2598 985 2656 i·
1008 2613 1129 2656 sensum
1159 2595 1206 2656 uel
1235 2595 1427 2659 intedectum.
1472 2593 1683 2676 Explanata

265 2717 314 2769 aaa,
330 2698 386 2762 ni·
410 2695 559 2776 elucidat}
582 2696 625 2757 vt
646 2696 715 2756 iarn
738 2695 881 2758 inciam.
918 2696 1007 2759 Verbi
1029 2696 1155 2777 qualitas
1177 2715 1231 2776 per
1253 2716 1284 2758 se
1300 2699 1463 2776 ignoratur.
1502 2695 1576 2758 Nam
1592 2713 1651 2754 cum

367 2797 433 2860 dico
456 2797 608 2868 ‘laciam',
630 2799 778 2860 incertum
803 2806 857 2870 est,
880 2806 979 2861 utrurn
1003 2801 1073 2860 ‘cito
1095 2798 1225 2870 faciam,
1249 2819 1286 2862 an
1309 2799 1441 2880 ‘longe',
1471 2817 1566 2879 usque
1588 2795 1652 2857 dum

367 2900 433 2962 dico
455 2901 550 2962 ‘iam'
572 2899 762 2970 aduerbium,
787 2909 818 2961 ut
840 2902 915 2962 ‘iam
937 2901 1064 2978 legam':
1093 2908 1164 2963 tunc
1192 2900 1378 2972 demonstro,
1394 2897 1408 2984 ΙΙ
1426 2897 1487 2962 185
1502 2897 1514 2980 ΙΙ
1529 2900 1588 2960 cito
1609 2915 1651 2956 ma

365 3003 523 3064 iacturum.
569 3001 631 3063 Vel
654 3021 726 3064 non
749 3003 902 3065 iaciam.
948 3001 1138 3065 Aduerbio
1161 3013 1223 3064 aut
1244 3022 1261 3064 a
1283 3022 1320 3064 se
1344 3009 1563 3072 nascuntur,
1592 3002 1650 3060 sinc

263 3103 425 3178 annuite
448 3105 574 3184 origine.
620 3105 663 3164 Vt
689 3104 786 3174 heri,
817 3104 896 3185 quod
925 3112 1028 3184 poetae
1056 3104 1158 3166 dicunt
1179 3105 1285 3166 ‘here’
1309 3122 1396 3166 causa
1424 3105 1525 3174 metri,
1556 3105 1622 3180 quia
1641 3101 1680 3158 ie

366 3205 452 3286 longa
475 3215 535 3278 est,
558 3225 574 3267 e
598 3223 671 3267 uero
694 3204 804 3268 breuis.
850 3205 922 3266 lude
945 3188 1164 3307 quenalis}

516 3307 593 3369 late
615 3308 697 3370 dies
719 3307 829 3370 hodie
852 3308 973 3369 minor
995 3316 1050 3369 est
1072 3308 1161 3370 here
1184 3327 1290 3388 quam
1312 3309 1385 3370 luit
1408 3307 1515 3370 alter.

365 3409 495 3480 Hodie,
518 3408 588 3472 licet
610 3410 752 3489 quidam
775 3409 893 3480 dicunt,
917 3412 1115 3489 compositum
1137 3429 1202 3472 esse
1217 3430 1254 3472 ex
1269 3410 1349 3472 ‘hoc’
1366 3417 1396 3470 et
1411 3410 1493 3471 ‘diet
1530 3409 1650 3488 Nuper

364 3512 385 3572 i·
409 3511 535 3583 nouiter,
559 3513 694 3589 quamuis
717 3511 866 3594 quidam
889 3511 1043 3588 dixerunt,
1067 3511 1171 3573 uenus
1186 3529 1202 3572 a
1218 3515 1354 3583 nomine,
1378 3510 1456 3592 quod
1480 3521 1527 3572 est
1548 3511 1650 3588 ‘nupe-

262 3639 312 3690 aea,
327 3619 437 3680 urus’.
480 3611 652 3676 'l'ulliane
679 3613 756 3676 idest
784 3631 866 3675 more
888 3610 976 3674 Tullii
998 3612 1138 3690 loquitur.
1183 3613 1296 3676 Tullius
1323 3611 1426 3676 consul
1453 3613 1679 3676 Romanorumn

262 3743 312 3790 aas,
326 3742 352 3784 ιε
365 3716 420 3777 [υἱι
441 3723 471 3777 ει
493 3715 632 3778 dicituro
648 3715 778 3777 tollendo
801 3714 956 3786 lasciuum,
973 3717 1002 3776 .i.
1018 3715 1165 3777 sarcinam
1187 3715 1235 3778 uel
1256 3716 1467 3779 adulationem.
1512 3715 1648 3778 Ostium

364 3816 472 3878 dicitur
499 3815 549 3878 ille
576 3817 686 3889 aditus,
716 3836 770 3898 per
798 3835 885 3897 quem
914 3816 1035 3879 domum
1062 3819 1224 3889 intramus,
1253 3827 1282 3880 ει
1305 3826 1350 3880 εει
1371 3837 1422 3880 res
1443 3815 1646 3896 incorporatis
1711 3847 1712 3874 l

364 3917 429 3980 alii
459 3936 530 3980 uero
553 3918 657 3981 dicunt
684 3921 829 3982 ‘ostium’
860 3919 945 3999 quasi
971 3917 1155 3982 obstaculum
1178 3928 1209 3982 et
1230 3929 1300 3982 tunc
1329 3928 1375 3982 est
1403 3918 1573 4000 corporale,
1600 3913 1647 3976 sed
1711 3905 1712 3918 ¹

366 4019 528 4080 lionatus
550 4020 607 4082 hoc
631 4039 689 4083 non
711 4022 827 4100 recipit.
872 4018 1043 4083 Ostiatim
1066 4022 1086 4080 i·
1110 4040 1165 4102 per
1192 4021 1308 4102 singula
1335 4025 1421 4084 ostia.
1465 4021 1607 4082 lleatim
1628 4019 1644 4076 i·

433 4277 445 4325 1
464 4226 547 4326 ppmnepn
615 4276 631 4324 6
649 4270 722 4342 laxo]
744 4277 767 4325 Α
785 4276 866 4338 ‘soce’
883 4275 981 4325 scilicet
998 4277 1146 4326 demnatum.
1215 4279 1248 4328 26
1267 4271 1405 4341 quenalis]
1423 4275 1458 4338 es.
1470 4283 1520 4329 sat.
1534 4275 1583 4326 111
1599 4274 1644 4324 23:

363 4359 403 4394 res
422 4343 498 4394 lrodle
515 4345 599 4394 minoi·
616 4353 667 4408 est,
687 4343 745 4393 lrere
763 4357 838 4406 quam
856 4342 916 4406 init,
935 4353 1012 4406 atque
1029 4343 1117 4394 eadem
1135 4359 1191 4394 cras
1206 4343 1211 4409 Ι
1226 4345 1323 4394 deteret
1340 4343 1441 4410 exiguis
1459 4343 1566 4406 aliquid.

430 4583 460 4632 31
483 4581 573 4633 Gloria
589 4581 686 4633 codicia
702 4579 1127 4646 Bernemrsfi13¹morprim=
1165 4579 1263 4630 Ostium
1290 4581 1384 4632 dicitur
1409 4580 1452 4632 ille
1477 4579 1577 4644 editus,
1604 4591 1643 4644 per

363 4663 437 4710 quem
455 4649 561 4699 domum
578 4652 717 4708 intramus,
745 4665 786 4699 res
809 4649 926 4699 uidelicet
948 4648 1115 4714 incorporalis
1135 4649 1188 4710 uel,
1208 4649 1310 4700 otalii
1328 4650 1542 4715 dicunt,'ostium
1561 4650 1643 4701 dicitur

362 4715 405 4764 illa
422 4732 462 4766 res
480 4718 633 4783 corporalis,
651 4717 748 4782 lignum
768 4717 891 4774 uidelicet,
911 4717 981 4779 qnod
999 4717 1093 4766 claudit
1110 4717 1214 4768 dantum
1233 4727 1257 4768 et
1274 4718 1365 4768 dicitur
1382 4718 1414 4768 ab
1433 4718 1569 4772 obstando.
1591 4714 1643 4764 lade

363 4783 432 4833 euertit
453 4785 601 4836 aduerbium
626 4785 750 4850 ostiatim;
777 4787 884 4835 dicimus
903 4786 970 4835 enirn
993 4785 1121 4834 ‘ostiatim
1140 4787 1210 4836 uadit
1228 4786 1269 4836 ille
1285 4789 1432 4837 merrdicus’
1451 4789 1467 4838 i.
1487 4803 1532 4852 per
1550 4782 1642 4850 singula

364 4852 439 4904 ostia.
