<?xml version="1.0" encoding="UTF-8"?>
<!DOCTYPE html PUBLIC "-//W3C//DTD XHTML 1.0 Transitional//EN"
    "http://www.w3.org/TR/xhtml1/DTD/xhtml1-transitional.dtd">
<html xmlns="http://www.w3.org/1999/xhtml" xml:lang="en" lang="en">
 <head>
  <title>
</title>
<meta http-equiv="Content-Type" content="text/html;charset=utf-8" />
  <meta name='ocr-system' content='tesseract 3.04.00' />
  <meta name='ocr-capabilities' content='ocr_page ocr_carea ocr_par ocr_line ocrx_word'/>
</head>
<body>
  <div class='ocr_page' id='page_1' title='image "./anecdotahelveti00hagegoog_0511.png"; bbox 0 0 3354 5580; ppageno 0'>
   <div class='ocr_carea' id='block_1_1' title="bbox 294 361 1189 426">
    <p class='ocr_par' dir='ltr' id='par_1_1' title="bbox 294 361 1189 426">
     <span class='ocr_line' id='line_1_1' title="bbox 294 361 1189 426; baseline 0.004 -12"><span class='ocrx_word' id='word_1_1' title='bbox 294 361 358 426; x_wconf 77' lang='grc'><strong>240</strong></span> <span class='ocrx_word' id='word_1_2' title='bbox 688 365 924 424; x_wconf 67' lang='lat' dir='ltr'><strong>commodavit</strong></span> <span class='ocrx_word' id='word_1_3' title='bbox 943 367 1189 420; x_wconf 78' lang='lat' dir='ltr'><strong>tttrtstntttrtss</strong></span> 
     </span>
    </p>
   </div>
   <div class='ocr_carea' id='block_1_2' title="bbox 139 551 1618 2868">
    <p class='ocr_par' dir='ltr' id='par_1_2' title="bbox 139 551 1618 2868">
     <span class='ocr_line' id='line_1_2' title="bbox 293 551 1585 637; baseline 0.003 -26"><span class='ocrx_word' id='word_1_4' title='bbox 293 553 323 612; x_wconf 92' lang='lat' dir='ltr'><strong>in</strong></span> <span class='ocrx_word' id='word_1_5' title='bbox 340 569 356 612; x_wconf 92' lang='lat' dir='ltr'><strong>e</strong></span> <span class='ocrx_word' id='word_1_6' title='bbox 373 551 526 620; x_wconf 87' lang='lat' dir='ltr'><strong>desinunt,</strong></span> <span class='ocrx_word' id='word_1_7' title='bbox 551 553 575 612; x_wconf 90' lang='lat' dir='ltr'><strong>si</strong></span> <span class='ocrx_word' id='word_1_8' title='bbox 598 552 703 614; x_wconf 87' lang='lat' dir='ltr'><strong>Latina</strong></span> <span class='ocrx_word' id='word_1_9' title='bbox 726 562 811 624; x_wconf 88' lang='lat' dir='ltr'><strong>sunt,</strong></span> <span class='ocrx_word' id='word_1_10' title='bbox 835 561 940 617; x_wconf 89' lang='lat' dir='ltr'><strong>neutra</strong></span> <span class='ocrx_word' id='word_1_11' title='bbox 963 573 1037 616; x_wconf 87' lang='lat' dir='ltr'><strong>esse.</strong></span> <span class='ocrx_word' id='word_1_12' title='bbox 1083 555 1212 637; x_wconf 79' lang='lat' dir='ltr'><strong>Siniipi</strong></span> <span class='ocrx_word' id='word_1_13' title='bbox 1234 556 1328 620; x_wconf 88' lang='lat' dir='ltr'><strong>barba</strong></span> <span class='ocrx_word' id='word_1_14' title='bbox 1351 557 1511 618; x_wconf 78' lang='lat' dir='ltr'><strong>fortissima</strong></span> <span class='ocrx_word' id='word_1_15' title='bbox 1534 565 1585 616; x_wconf 89' lang='lat' dir='ltr'><strong>est.</strong></span> 
     </span>
     <span class='ocr_line' id='line_1_3' title="bbox 190 653 1585 738; baseline 0.007 -30"><span class='ocrx_word' id='word_1_16' title='bbox 190 653 433 716; x_wconf 52' lang='lat' dir='ltr'><strong>annectant</strong></span> <span class='ocrx_word' id='word_1_17' title='bbox 463 654 562 714; x_wconf 85' lang='lat' dir='ltr'><strong>resina</strong></span> <span class='ocrx_word' id='word_1_18' title='bbox 590 653 717 716; x_wconf 88' lang='lat' dir='ltr'><strong>arboris.</strong></span> <span class='ocrx_word' id='word_1_19' title='bbox 762 658 894 736; x_wconf 76' lang='lat' dir='ltr'><strong>Aptata</strong></span> <span class='ocrx_word' id='word_1_20' title='bbox 922 655 1097 727; x_wconf 89' lang='lat' dir='ltr'><strong>incasualia,</strong></span> <span class='ocrx_word' id='word_1_21' title='bbox 1121 676 1141 718; x_wconf 83' lang='lat' dir='ltr'><strong>a</strong></span> <span class='ocrx_word' id='word_1_22' title='bbox 1164 659 1243 727; x_wconf 89' lang='lat' dir='ltr'><strong>sine,</strong></span> <span class='ocrx_word' id='word_1_23' title='bbox 1272 660 1366 738; x_wconf 91' lang='lat' dir='ltr'><strong>ptosis</strong></span> <span class='ocrx_word' id='word_1_24' title='bbox 1388 676 1491 726; x_wconf 90' lang='lat' dir='ltr'><strong>casus,</strong></span> <span class='ocrx_word' id='word_1_25' title='bbox 1521 657 1585 718; x_wconf 87' lang='lat' dir='ltr'><strong>inde</strong></span> 
     </span>
     <span class='ocr_line' id='line_1_4' title="bbox 191 756 1585 838; baseline 0.001 -22"><span class='ocrx_word' id='word_1_26' title='bbox 191 769 239 819; x_wconf 74' lang='lat' dir='ltr'><strong>ott.</strong></span> <span class='ocrx_word' id='word_1_27' title='bbox 255 771 279 809; x_wconf 83' lang='lat'><strong>1⁸</strong></span> <span class='ocrx_word' id='word_1_28' title='bbox 293 763 413 836; x_wconf 86' lang='lat' dir='ltr'><strong>aptoton</strong></span> <span class='ocrx_word' id='word_1_29' title='bbox 437 757 501 816; x_wconf 89' lang='lat' dir='ltr'><strong>sine</strong></span> <span class='ocrx_word' id='word_1_30' title='bbox 524 773 604 817; x_wconf 89' lang='lat' dir='ltr'><strong>casu.</strong></span> <span class='ocrx_word' id='word_1_31' title='bbox 628 791 669 800; x_wconf 96' lang='lat'><em>-</em></span> <span class='ocrx_word' id='word_1_32' title='bbox 692 756 747 818; x_wconf 90' lang='lat' dir='ltr'><strong>llic</strong></span> <span class='ocrx_word' id='word_1_33' title='bbox 769 765 799 818; x_wconf 91' lang='lat' dir='ltr'><strong>et</strong></span> <span class='ocrx_word' id='word_1_34' title='bbox 821 757 893 818; x_wconf 88' lang='lat' dir='ltr'><strong>baec</strong></span> <span class='ocrx_word' id='word_1_35' title='bbox 916 757 1086 838; x_wconf 89' lang='lat' dir='ltr'><strong>pumilio,</strong></span> <span class='ocrx_word' id='word_1_36' title='bbox 1110 761 1129 818; x_wconf 90' lang='lat' dir='ltr'><strong>i·</strong></span> <span class='ocrx_word' id='word_1_37' title='bbox 1154 776 1250 821; x_wconf 89' lang='lat' dir='ltr'><strong>nanus</strong></span> <span class='ocrx_word' id='word_1_38' title='bbox 1272 769 1302 820; x_wconf 91' lang='lat' dir='ltr'><strong>et</strong></span> <span class='ocrx_word' id='word_1_39' title='bbox 1324 777 1417 828; x_wconf 88' lang='lat' dir='ltr'><strong>nana;</strong></span> <span class='ocrx_word' id='word_1_40' title='bbox 1446 759 1585 838; x_wconf 88' lang='lat' dir='ltr'><strong>papilio</strong></span> 
     </span>
     <span class='ocr_line' id='line_1_5' title="bbox 139 855 1583 936; baseline 0.006 -25"><span class='ocrx_word' id='word_1_41' title='bbox 139 871 188 920; x_wconf 81' lang='lat' dir='ltr'><strong>aas,</strong></span> <span class='ocrx_word' id='word_1_42' title='bbox 203 873 234 913; x_wconf 83' lang='lat' dir='ltr'><strong>ra.</strong></span> <span class='ocrx_word' id='word_1_43' title='bbox 248 871 274 912; x_wconf 84' lang='lat' dir='ltr'><strong>ao</strong></span> <span class='ocrx_word' id='word_1_44' title='bbox 292 865 337 918; x_wconf 89' lang='lat' dir='ltr'><strong>est</strong></span> <span class='ocrx_word' id='word_1_45' title='bbox 358 875 452 936; x_wconf 88' lang='lat' dir='ltr'><strong>genus</strong></span> <span class='ocrx_word' id='word_1_46' title='bbox 475 855 614 928; x_wconf 84' lang='lat' dir='ltr'><strong>uolatilis.</strong></span> <span class='ocrx_word' id='word_1_47' title='bbox 661 857 844 920; x_wconf 86' lang='lat' dir='ltr'><strong>Desinens</strong></span> <span class='ocrx_word' id='word_1_48' title='bbox 866 861 891 918; x_wconf 91' lang='lat' dir='ltr'><strong>i·</strong></span> <span class='ocrx_word' id='word_1_49' title='bbox 916 860 1031 920; x_wconf 90' lang='lat' dir='ltr'><strong>iiniens.</strong></span> <span class='ocrx_word' id='word_1_50' title='bbox 1076 859 1198 922; x_wconf 89' lang='lat' dir='ltr'><strong>Cornu</strong></span> <span class='ocrx_word' id='word_1_51' title='bbox 1227 859 1440 921; x_wconf 77' lang='lat' dir='ltr'><strong>indeclinabile</strong></span> <span class='ocrx_word' id='word_1_52' title='bbox 1469 862 1499 920; x_wconf 89' lang='lat' dir='ltr'><strong>in</strong></span> <span class='ocrx_word' id='word_1_53' title='bbox 1528 862 1583 920; x_wconf 88' lang='lat' dir='ltr'><strong>sin·</strong></span> 
     </span>
     <span class='ocr_line' id='line_1_6' title="bbox 292 957 1606 1042; baseline -0.002 -22"><span class='ocrx_word' id='word_1_54' title='bbox 292 959 404 1037; x_wconf 84' lang='lat' dir='ltr'><strong>gulari,</strong></span> <span class='ocrx_word' id='word_1_55' title='bbox 433 959 463 1018; x_wconf 91' lang='lat' dir='ltr'><strong>in</strong></span> <span class='ocrx_word' id='word_1_56' title='bbox 492 957 600 1038; x_wconf 81' lang='lat' dir='ltr'><strong>plurali</strong></span> <span class='ocrx_word' id='word_1_57' title='bbox 628 977 702 1020; x_wconf 90' lang='lat' dir='ltr'><strong>uero</strong></span> <span class='ocrx_word' id='word_1_58' title='bbox 730 958 905 1030; x_wconf 89' lang='lat' dir='ltr'><strong>declinatur,</strong></span> <span class='ocrx_word' id='word_1_59' title='bbox 934 979 1046 1022; x_wconf 85' lang='lat' dir='ltr'><strong>cornua</strong></span> <span class='ocrx_word' id='word_1_60' title='bbox 1078 978 1233 1024; x_wconf 86' lang='lat' dir='ltr'><strong>cornuum.</strong></span> <span class='ocrx_word' id='word_1_61' title='bbox 1278 963 1399 1042; x_wconf 77' lang='lat' dir='ltr'><strong>Antiqui</strong></span> <span class='ocrx_word' id='word_1_62' title='bbox 1427 971 1527 1023; x_wconf 92' lang='lat' dir='ltr'><strong>autem</strong></span> <span class='ocrx_word' id='word_1_63' title='bbox 1550 963 1606 1021; x_wconf 75' lang='lat' dir='ltr'><strong>itas</strong></span> 
     </span>
     <span class='ocr_line' id='line_1_7' title="bbox 293 1057 1351 1146; baseline 0.004 -24"><span class='ocrx_word' id='word_1_64' title='bbox 293 1059 496 1122; x_wconf 88' lang='lat' dir='ltr'><strong>declinabant:</strong></span> <span class='ocrx_word' id='word_1_65' title='bbox 520 1059 577 1120; x_wconf 91' lang='lat' dir='ltr'><strong>hoc</strong></span> <span class='ocrx_word' id='word_1_66' title='bbox 599 1077 693 1122; x_wconf 88' lang='lat' dir='ltr'><strong>cornu</strong></span> <span class='ocrx_word' id='word_1_67' title='bbox 717 1060 806 1122; x_wconf 90' lang='lat' dir='ltr'><strong>buius</strong></span> <span class='ocrx_word' id='word_1_68' title='bbox 828 1063 911 1122; x_wconf 88' lang='lat' dir='ltr'><strong>corni</strong></span> <span class='ocrx_word' id='word_1_69' title='bbox 937 1059 950 1145; x_wconf 76' lang='lat' dir='ltr'><strong>li</strong></span> <span class='ocrx_word' id='word_1_70' title='bbox 969 1057 1029 1124; x_wconf 75' lang='lat'><strong>162</strong></span> <span class='ocrx_word' id='word_1_71' title='bbox 1045 1059 1058 1146; x_wconf 80' lang='grc' dir='ltr'><strong>ΙΙ</strong></span> <span class='ocrx_word' id='word_1_72' title='bbox 1089 1110 1351 1126; x_wconf 89' lang='grc'><em>.......</em></span> 
     </span>
     <span class='ocr_line' id='line_1_8' title="bbox 377 1162 1584 1245; baseline 0.002 -22"><span class='ocrx_word' id='word_1_73' title='bbox 377 1162 419 1223; x_wconf 83' lang='lat' dir='ltr'><strong>lie</strong></span> <span class='ocrx_word' id='word_1_74' title='bbox 442 1179 576 1223; x_wconf 89' lang='lat' dir='ltr'><strong>numero.</strong></span> <span class='ocrx_word' id='word_1_75' title='bbox 622 1162 771 1224; x_wconf 82' lang='lat' dir='ltr'><strong>Numerus</strong></span> <span class='ocrx_word' id='word_1_76' title='bbox 799 1162 895 1224; x_wconf 92' lang='lat' dir='ltr'><strong>dictus</strong></span> <span class='ocrx_word' id='word_1_77' title='bbox 918 1172 963 1224; x_wconf 90' lang='lat' dir='ltr'><strong>est</strong></span> <span class='ocrx_word' id='word_1_78' title='bbox 985 1183 1001 1224; x_wconf 89' lang='lat' dir='ltr'><strong>a</strong></span> <span class='ocrx_word' id='word_1_79' title='bbox 1024 1165 1209 1226; x_wconf 89' lang='lat' dir='ltr'><strong>numerando</strong></span> <span class='ocrx_word' id='word_1_80' title='bbox 1233 1185 1248 1226; x_wconf 89' lang='lat' dir='ltr'><strong>a</strong></span> <span class='ocrx_word' id='word_1_81' title='bbox 1272 1167 1511 1245; x_wconf 88' lang='lat' dir='ltr'><strong>irequentatione</strong></span> <span class='ocrx_word' id='word_1_82' title='bbox 1534 1184 1584 1226; x_wconf 91' lang='lat' dir='ltr'><strong>nu·</strong></span> 
     </span>
     <span class='ocr_line' id='line_1_9' title="bbox 292 1260 1585 1346; baseline 0.001 -22"><span class='ocrx_word' id='word_1_83' title='bbox 292 1280 459 1334; x_wconf 88' lang='lat' dir='ltr'><strong>merorum,</strong></span> <span class='ocrx_word' id='word_1_84' title='bbox 488 1260 538 1325; x_wconf 90' lang='lat' dir='ltr'><strong>uel</strong></span> <span class='ocrx_word' id='word_1_85' title='bbox 560 1281 575 1324; x_wconf 91' lang='lat' dir='ltr'><strong>a</strong></span> <span class='ocrx_word' id='word_1_86' title='bbox 600 1263 738 1325; x_wconf 81' lang='lat' dir='ltr'><strong>Numerio</strong></span> <span class='ocrx_word' id='word_1_87' title='bbox 762 1263 816 1325; x_wconf 88' lang='lat' dir='ltr'><strong>dea</strong></span> <span class='ocrx_word' id='word_1_88' title='bbox 839 1283 1037 1344; x_wconf 84' lang='lat' dir='ltr'><strong>paganorum,</strong></span> <span class='ocrx_word' id='word_1_89' title='bbox 1066 1283 1142 1345; x_wconf 87' lang='lat' dir='ltr'><strong>quae</strong></span> <span class='ocrx_word' id='word_1_90' title='bbox 1170 1267 1266 1328; x_wconf 89' lang='lat' dir='ltr'><strong>iertur</strong></span> <span class='ocrx_word' id='word_1_91' title='bbox 1293 1284 1450 1328; x_wconf 88' lang='lat' dir='ltr'><strong>numerum</strong></span> <span class='ocrx_word' id='word_1_92' title='bbox 1480 1284 1585 1346; x_wconf 93' lang='lat' dir='ltr'><strong>reppe-</strong></span> 
     </span>
     <span class='ocr_line' id='line_1_10' title="bbox 291 1363 1585 1446; baseline 0.001 -20"><span class='ocrx_word' id='word_1_93' title='bbox 291 1367 376 1426; x_wconf 86' lang='lat' dir='ltr'><strong>risse.</strong></span> <span class='ocrx_word' id='word_1_94' title='bbox 421 1363 495 1426; x_wconf 91' lang='lat' dir='ltr'><strong>Nam</strong></span> <span class='ocrx_word' id='word_1_95' title='bbox 518 1363 598 1426; x_wconf 91' lang='lat' dir='ltr'><strong>illius</strong></span> <span class='ocrx_word' id='word_1_96' title='bbox 620 1365 763 1444; x_wconf 85' lang='lat' dir='ltr'><strong>templum</strong></span> <span class='ocrx_word' id='word_1_97' title='bbox 788 1367 919 1446; x_wconf 89' lang='lat' dir='ltr'><strong>quisquis</strong></span> <span class='ocrx_word' id='word_1_98' title='bbox 942 1365 1043 1428; x_wconf 88' lang='lat' dir='ltr'><strong>luisset</strong></span> <span class='ocrx_word' id='word_1_99' title='bbox 1065 1369 1234 1445; x_wconf 86' lang='lat' dir='ltr'><strong>ingressus,</strong></span> <span class='ocrx_word' id='word_1_100' title='bbox 1264 1386 1323 1429; x_wconf 91' lang='lat' dir='ltr'><strong>non</strong></span> <span class='ocrx_word' id='word_1_101' title='bbox 1352 1377 1437 1429; x_wconf 90' lang='lat' dir='ltr'><strong>antea</strong></span> <span class='ocrx_word' id='word_1_102' title='bbox 1460 1366 1585 1428; x_wconf 81' lang='lat' dir='ltr'><strong>audebat</strong></span> 
     </span>
     <span class='ocr_line' id='line_1_11' title="bbox 292 1465 1617 1551; baseline -0.004 -25"><span class='ocrx_word' id='word_1_103' title='bbox 292 1466 396 1527; x_wconf 91' lang='lat' dir='ltr'><strong>iaciem</strong></span> <span class='ocrx_word' id='word_1_104' title='bbox 420 1474 617 1551; x_wconf 82' lang='lat' dir='ltr'><strong>conuertere,</strong></span> <span class='ocrx_word' id='word_1_105' title='bbox 639 1466 733 1528; x_wconf 86' lang='lat' dir='ltr'><strong>donec</strong></span> <span class='ocrx_word' id='word_1_106' title='bbox 757 1465 836 1530; x_wconf 90' lang='lat' dir='ltr'><strong>mille</strong></span> <span class='ocrx_word' id='word_1_107' title='bbox 859 1485 964 1547; x_wconf 88' lang='lat' dir='ltr'><strong>passus</strong></span> <span class='ocrx_word' id='word_1_108' title='bbox 985 1477 1150 1530; x_wconf 78' lang='lat' dir='ltr'><strong>retrorsum</strong></span> <span class='ocrx_word' id='word_1_109' title='bbox 1165 1468 1307 1531; x_wconf 89' lang='lat' dir='ltr'><strong>incedens</strong></span> <span class='ocrx_word' id='word_1_110' title='bbox 1323 1476 1505 1530; x_wconf 88' lang='lat' dir='ltr'><strong>numeraret.</strong></span> <span class='ocrx_word' id='word_1_111' title='bbox 1538 1466 1584 1528; x_wconf 83' lang='lat' dir='ltr'><strong>ilci</strong></span> <span class='ocrx_word' id='word_1_112' title='bbox 1599 1487 1617 1522; x_wconf 86' lang='lat' dir='ltr'><strong>n</strong></span> 
     </span>
     <span class='ocr_line' id='line_1_12' title="bbox 291 1567 1585 1649; baseline 0.002 -21"><span class='ocrx_word' id='word_1_113' title='bbox 291 1585 434 1629; x_wconf 91' lang='lat' dir='ltr'><strong>numerus</strong></span> <span class='ocrx_word' id='word_1_114' title='bbox 455 1567 565 1629; x_wconf 92' lang='lat' dir='ltr'><strong>dicitur</strong></span> <span class='ocrx_word' id='word_1_115' title='bbox 586 1569 671 1648; x_wconf 90' lang='lat' dir='ltr'><strong>quasi</strong></span> <span class='ocrx_word' id='word_1_116' title='bbox 694 1585 882 1630; x_wconf 88' lang='lat' dir='ltr'><strong>nummorum</strong></span> <span class='ocrx_word' id='word_1_117' title='bbox 899 1571 993 1630; x_wconf 91' lang='lat' dir='ltr'><strong>riuus.</strong></span> <span class='ocrx_word' id='word_1_118' title='bbox 1024 1568 1093 1630; x_wconf 91' lang='lat' dir='ltr'><strong>Plus</strong></span> <span class='ocrx_word' id='word_1_119' title='bbox 1115 1587 1224 1632; x_wconf 86' lang='lat' dir='ltr'><strong>nomen</strong></span> <span class='ocrx_word' id='word_1_120' title='bbox 1248 1579 1292 1631; x_wconf 92' lang='lat' dir='ltr'><strong>est</strong></span> <span class='ocrx_word' id='word_1_121' title='bbox 1314 1572 1496 1649; x_wconf 73' lang='lat' dir='ltr'><strong>quantitatis,</strong></span> <span class='ocrx_word' id='word_1_122' title='bbox 1520 1571 1585 1631; x_wconf 83' lang='lat' dir='ltr'><strong>inde</strong></span> 
     </span>
     <span class='ocr_line' id='line_1_13' title="bbox 292 1668 1583 1750; baseline 0.002 -22"><span class='ocrx_word' id='word_1_123' title='bbox 292 1668 322 1728; x_wconf 92' lang='lat' dir='ltr'><strong>bi</strong></span> <span class='ocrx_word' id='word_1_124' title='bbox 351 1679 380 1730; x_wconf 92' lang='lat' dir='ltr'><strong>et</strong></span> <span class='ocrx_word' id='word_1_125' title='bbox 407 1670 463 1731; x_wconf 87' lang='lat' dir='ltr'><strong>irae</strong></span> <span class='ocrx_word' id='word_1_126' title='bbox 490 1668 592 1750; x_wconf 90' lang='lat' dir='ltr'><strong>plures</strong></span> <span class='ocrx_word' id='word_1_127' title='bbox 621 1679 651 1732; x_wconf 89' lang='lat' dir='ltr'><strong>et</strong></span> <span class='ocrx_word' id='word_1_128' title='bbox 678 1669 751 1732; x_wconf 90' lang='lat' dir='ltr'><strong>baec</strong></span> <span class='ocrx_word' id='word_1_129' title='bbox 778 1668 879 1750; x_wconf 89' lang='lat' dir='ltr'><strong>plura,</strong></span> <span class='ocrx_word' id='word_1_130' title='bbox 911 1671 980 1732; x_wconf 90' lang='lat' dir='ltr'><strong>inde</strong></span> <span class='ocrx_word' id='word_1_131' title='bbox 1014 1673 1102 1732; x_wconf 90' lang='lat' dir='ltr'><strong>etiam</strong></span> <span class='ocrx_word' id='word_1_132' title='bbox 1136 1670 1259 1750; x_wconf 89' lang='lat' dir='ltr'><strong>pluralis</strong></span> <span class='ocrx_word' id='word_1_133' title='bbox 1291 1689 1433 1734; x_wconf 85' lang='lat' dir='ltr'><strong>numerus</strong></span> <span class='ocrx_word' id='word_1_134' title='bbox 1467 1671 1583 1732; x_wconf 89' lang='lat' dir='ltr'><strong>dicitur.</strong></span> 
     </span>
     <span class='ocr_line' id='line_1_14' title="bbox 292 1770 1585 1852; baseline 0.001 -20"><span class='ocrx_word' id='word_1_135' title='bbox 292 1771 393 1832; x_wconf 86' lang='lat' dir='ltr'><strong>Dualis</strong></span> <span class='ocrx_word' id='word_1_136' title='bbox 416 1789 559 1833; x_wconf 89' lang='lat' dir='ltr'><strong>numerus</strong></span> <span class='ocrx_word' id='word_1_137' title='bbox 580 1770 688 1832; x_wconf 89' lang='lat' dir='ltr'><strong>dicitur</strong></span> <span class='ocrx_word' id='word_1_138' title='bbox 711 1791 761 1842; x_wconf 84' lang='lat' dir='ltr'><strong>eo,</strong></span> <span class='ocrx_word' id='word_1_139' title='bbox 785 1771 862 1852; x_wconf 91' lang='lat' dir='ltr'><strong>quod</strong></span> <span class='ocrx_word' id='word_1_140' title='bbox 880 1771 954 1834; x_wconf 90' lang='lat' dir='ltr'><strong>duos</strong></span> <span class='ocrx_word' id='word_1_141' title='bbox 970 1780 1084 1835; x_wconf 87' lang='lat' dir='ltr'><strong>tanturn</strong></span> <span class='ocrx_word' id='word_1_142' title='bbox 1101 1773 1209 1852; x_wconf 80' lang='lat' dir='ltr'><strong>recipit</strong></span> <span class='ocrx_word' id='word_1_143' title='bbox 1230 1791 1385 1842; x_wconf 87' lang='lat' dir='ltr'><strong>numerus,</strong></span> <span class='ocrx_word' id='word_1_144' title='bbox 1409 1784 1441 1834; x_wconf 92' lang='lat' dir='ltr'><strong>ut</strong></span> <span class='ocrx_word' id='word_1_145' title='bbox 1455 1776 1486 1834; x_wconf 92' lang='lat' dir='ltr'><strong>in</strong></span> <span class='ocrx_word' id='word_1_146' title='bbox 1502 1773 1585 1834; x_wconf 77' lang='lat' dir='ltr'><strong>‘duo’</strong></span> 
     </span>
     <span class='ocr_line' id='line_1_15' title="bbox 291 1872 1585 1955; baseline 0 -21"><span class='ocrx_word' id='word_1_147' title='bbox 291 1881 321 1934; x_wconf 92' lang='lat' dir='ltr'><strong>et</strong></span> <span class='ocrx_word' id='word_1_148' title='bbox 342 1874 373 1932; x_wconf 91' lang='lat' dir='ltr'><strong>in</strong></span> <span class='ocrx_word' id='word_1_149' title='bbox 396 1872 519 1941; x_wconf 58' lang='lat' dir='ltr'><strong>‘anton</strong></span> <span class='ocrx_word' id='word_1_150' title='bbox 549 1872 602 1934; x_wconf 90' lang='lat' dir='ltr'><strong>sed</strong></span> <span class='ocrx_word' id='word_1_151' title='bbox 624 1872 703 1934; x_wconf 91' lang='lat' dir='ltr'><strong>bunc</strong></span> <span class='ocrx_word' id='word_1_152' title='bbox 727 1891 786 1934; x_wconf 90' lang='lat' dir='ltr'><strong>non</strong></span> <span class='ocrx_word' id='word_1_153' title='bbox 809 1875 984 1951; x_wconf 84' lang='lat' dir='ltr'><strong>recipimus,</strong></span> <span class='ocrx_word' id='word_1_154' title='bbox 1014 1876 1096 1955; x_wconf 87' lang='lat' dir='ltr'><strong>quia,</strong></span> <span class='ocrx_word' id='word_1_155' title='bbox 1125 1877 1176 1955; x_wconf 91' lang='lat' dir='ltr'><strong>qui</strong></span> <span class='ocrx_word' id='word_1_156' title='bbox 1203 1873 1437 1953; x_wconf 79' lang='lat' dir='ltr'><strong>singularitatem</strong></span> <span class='ocrx_word' id='word_1_157' title='bbox 1462 1874 1585 1944; x_wconf 79' lang='lat' dir='ltr'><strong>excedit,</strong></span> 
     </span>
     <span class='ocr_line' id='line_1_16' title="bbox 190 1973 1618 2057; baseline 0.002 -26"><span class='ocrx_word' id='word_1_158' title='bbox 190 1991 240 2040; x_wconf 85' lang='lat' dir='ltr'><strong>aas,</strong></span> <span class='ocrx_word' id='word_1_159' title='bbox 254 1973 516 2054; x_wconf 82' lang='lat' dir='ltr'><strong>sain&#39;piuralitate</strong></span> <span class='ocrx_word' id='word_1_160' title='bbox 538 1973 782 2053; x_wconf 82' lang='lat' dir='ltr'><strong>deprehenditur.</strong></span> <span class='ocrx_word' id='word_1_161' title='bbox 825 1974 910 2036; x_wconf 88' lang='lat' dir='ltr'><strong>Dies</strong></span> <span class='ocrx_word' id='word_1_162' title='bbox 938 1975 1047 2038; x_wconf 88' lang='lat' dir='ltr'><strong>dicitur</strong></span> <span class='ocrx_word' id='word_1_163' title='bbox 1070 1996 1085 2037; x_wconf 90' lang='lat' dir='ltr'><strong>a</strong></span> <span class='ocrx_word' id='word_1_164' title='bbox 1108 1975 1178 2046; x_wconf 89' lang='lat' dir='ltr'><strong>diis,</strong></span> <span class='ocrx_word' id='word_1_165' title='bbox 1209 1995 1244 2036; x_wconf 87' lang='lat' dir='ltr'><strong>ex</strong></span> <span class='ocrx_word' id='word_1_166' title='bbox 1266 1974 1374 2057; x_wconf 89' lang='lat' dir='ltr'><strong>quibus</strong></span> <span class='ocrx_word' id='word_1_167' title='bbox 1396 1979 1516 2039; x_wconf 88' lang='lat' dir='ltr'><strong>nomina</strong></span> <span class='ocrx_word' id='word_1_168' title='bbox 1539 1995 1618 2039; x_wconf 75' lang='lat' dir='ltr'><strong>arc-rt·</strong></span> 
     </span>
     <span class='ocr_line' id='line_1_17' title="bbox 290 2074 1585 2158; baseline 0.001 -21"><span class='ocrx_word' id='word_1_169' title='bbox 290 2083 449 2155; x_wconf 87' lang='lat' dir='ltr'><strong>ceperunt,</strong></span> <span class='ocrx_word' id='word_1_170' title='bbox 475 2083 507 2136; x_wconf 92' lang='lat' dir='ltr'><strong>ut</strong></span> <span class='ocrx_word' id='word_1_171' title='bbox 528 2074 592 2136; x_wconf 86' lang='lat' dir='ltr'><strong>dies</strong></span> <span class='ocrx_word' id='word_1_172' title='bbox 615 2074 706 2146; x_wconf 87' lang='lat' dir='ltr'><strong>Solis,</strong></span> <span class='ocrx_word' id='word_1_173' title='bbox 757 2084 825 2136; x_wconf 85' lang='lat' dir='ltr'><strong>uem</strong></span> <span class='ocrx_word' id='word_1_174' title='bbox 848 2076 1029 2138; x_wconf 81' lang='lat' dir='ltr'><strong>dominicum</strong></span> <span class='ocrx_word' id='word_1_175' title='bbox 1054 2095 1210 2148; x_wconf 82' lang='lat' dir='ltr'><strong>necamus,</strong></span> <span class='ocrx_word' id='word_1_176' title='bbox 1242 2077 1304 2138; x_wconf 88' lang='lat' dir='ltr'><strong>dies</strong></span> <span class='ocrx_word' id='word_1_177' title='bbox 1333 2077 1471 2158; x_wconf 70' lang='lat' dir='ltr'><strong>Lunaea</strong></span> <span class='ocrx_word' id='word_1_178' title='bbox 1493 2079 1585 2147; x_wconf 86' lang='lat' dir='ltr'><strong>Luna,</strong></span> 
     </span>
     <span class='ocr_line' id='line_1_18' title="bbox 291 2094 1586 2338; baseline 0.002 -102"><span class='ocrx_word' id='word_1_179' title='bbox 291 2175 356 2237; x_wconf 89' lang='lat' dir='ltr'><strong>dies</strong></span> <span class='ocrx_word' id='word_1_180' title='bbox 378 2177 481 2238; x_wconf 89' lang='lat' dir='ltr'><strong>Nartis</strong></span> <span class='ocrx_word' id='word_1_181' title='bbox 503 2195 519 2238; x_wconf 93' lang='lat' dir='ltr'><strong>a</strong></span> <span class='ocrx_word' id='word_1_182' title='bbox 542 2176 649 2247; x_wconf 88' lang='lat' dir='ltr'><strong>liarte,</strong></span> <span class='ocrx_word' id='word_1_183' title='bbox 673 2094 898 2338; x_wconf 43' lang='lat' dir='ltr'><strong>dioillercurii</strong></span> <span class='ocrx_word' id='word_1_184' title='bbox 921 2197 936 2240; x_wconf 92' lang='lat' dir='ltr'><strong>a</strong></span> <span class='ocrx_word' id='word_1_185' title='bbox 960 2179 1123 2250; x_wconf 87' lang='lat' dir='ltr'><strong>Mercurio,</strong></span> <span class='ocrx_word' id='word_1_186' title='bbox 1152 2179 1216 2240; x_wconf 90' lang='lat' dir='ltr'><strong>dies</strong></span> <span class='ocrx_word' id='word_1_187' title='bbox 1243 2179 1322 2240; x_wconf 90' lang='lat' dir='ltr'><strong>louis</strong></span> <span class='ocrx_word' id='word_1_188' title='bbox 1345 2199 1361 2241; x_wconf 91' lang='lat' dir='ltr'><strong>a</strong></span> <span class='ocrx_word' id='word_1_189' title='bbox 1384 2181 1469 2242; x_wconf 88' lang='lat' dir='ltr'><strong>ioue:</strong></span> <span class='ocrx_word' id='word_1_190' title='bbox 1507 2181 1586 2241; x_wconf 86' lang='lat' dir='ltr'><strong>inuis</strong></span> 
     </span>
     <span class='ocr_line' id='line_1_19' title="bbox 291 2277 1585 2356; baseline 0.009 -18"><span class='ocrx_word' id='word_1_191' title='bbox 291 2277 399 2338; x_wconf 89' lang='lat' dir='ltr'><strong>dicitur</strong></span> <span class='ocrx_word' id='word_1_192' title='bbox 426 2280 510 2356; x_wconf 88' lang='lat' dir='ltr'><strong>quasi</strong></span> <span class='ocrx_word' id='word_1_193' title='bbox 538 2279 615 2340; x_wconf 92' lang='lat' dir='ltr'><strong>lauis</strong></span> <span class='ocrx_word' id='word_1_194' title='bbox 644 2280 667 2338; x_wconf 88' lang='lat' dir='ltr'><strong>i·</strong></span> <span class='ocrx_word' id='word_1_195' title='bbox 698 2297 717 2339; x_wconf 89' lang='lat' dir='ltr'><strong>o</strong></span> <span class='ocrx_word' id='word_1_196' title='bbox 750 2279 830 2340; x_wconf 91' lang='lat' dir='ltr'><strong>nium</strong></span> <span class='ocrx_word' id='word_1_197' title='bbox 859 2281 905 2342; x_wconf 89' lang='lat' dir='ltr'><strong>uis</strong></span> <span class='ocrx_word' id='word_1_198' title='bbox 928 2288 959 2341; x_wconf 89' lang='lat' dir='ltr'><strong>ei</strong></span> <span class='ocrx_word' id='word_1_199' title='bbox 980 2280 1131 2343; x_wconf 80' lang='lat' dir='ltr'><strong>tortitudo.</strong></span> <span class='ocrx_word' id='word_1_200' title='bbox 1178 2281 1247 2342; x_wconf 84' lang='lat' dir='ltr'><strong>[lies</strong></span> <span class='ocrx_word' id='word_1_201' title='bbox 1274 2279 1398 2342; x_wconf 87' lang='lat' dir='ltr'><strong>Veneris</strong></span> <span class='ocrx_word' id='word_1_202' title='bbox 1420 2301 1435 2342; x_wconf 89' lang='lat' dir='ltr'><strong>a</strong></span> <span class='ocrx_word' id='word_1_203' title='bbox 1459 2283 1585 2348; x_wconf 84' lang='lat' dir='ltr'><strong>Venere.</strong></span> 
     </span>
     <span class='ocr_line' id='line_1_20' title="bbox 290 2378 1585 2460; baseline 0.003 -20"><span class='ocrx_word' id='word_1_204' title='bbox 290 2379 353 2440; x_wconf 89' lang='lat' dir='ltr'><strong>dies</strong></span> <span class='ocrx_word' id='word_1_205' title='bbox 380 2379 499 2440; x_wconf 83' lang='lat' dir='ltr'><strong>Saturni</strong></span> <span class='ocrx_word' id='word_1_206' title='bbox 521 2397 538 2440; x_wconf 90' lang='lat' dir='ltr'><strong>a</strong></span> <span class='ocrx_word' id='word_1_207' title='bbox 561 2378 704 2449; x_wconf 88' lang='lat' dir='ltr'><strong>Saturno,</strong></span> <span class='ocrx_word' id='word_1_208' title='bbox 734 2398 820 2460; x_wconf 88' lang='lat' dir='ltr'><strong>quem</strong></span> <span class='ocrx_word' id='word_1_209' title='bbox 850 2381 1004 2442; x_wconf 90' lang='lat' dir='ltr'><strong>sabbatum</strong></span> <span class='ocrx_word' id='word_1_210' title='bbox 1034 2381 1168 2443; x_wconf 85' lang='lat' dir='ltr'><strong>dicimus.</strong></span> <span class='ocrx_word' id='word_1_211' title='bbox 1213 2381 1338 2444; x_wconf 88' lang='lat' dir='ltr'><strong>Nubes</strong></span> <span class='ocrx_word' id='word_1_212' title='bbox 1361 2383 1507 2445; x_wconf 83' lang='lat' dir='ltr'><strong>dicituro</strong></span> <span class='ocrx_word' id='word_1_213' title='bbox 1532 2403 1585 2444; x_wconf 92' lang='lat' dir='ltr'><strong>nn·</strong></span> 
     </span>
     <span class='ocr_line' id='line_1_21' title="bbox 292 2469 1618 2564; baseline 0.002 -24"><span class='ocrx_word' id='word_1_214' title='bbox 292 2480 389 2540; x_wconf 82' lang='lat' dir='ltr'><strong>bando</strong></span> <span class='ocrx_word' id='word_1_215' title='bbox 411 2481 432 2540; x_wconf 92' lang='lat' dir='ltr'><strong>i·</strong></span> <span class='ocrx_word' id='word_1_216' title='bbox 457 2480 670 2560; x_wconf 88' lang='lat' dir='ltr'><strong>cooperiendo,</strong></span> <span class='ocrx_word' id='word_1_217' title='bbox 700 2498 736 2542; x_wconf 92' lang='lat' dir='ltr'><strong>eo</strong></span> <span class='ocrx_word' id='word_1_218' title='bbox 763 2481 842 2562; x_wconf 86' lang='lat' dir='ltr'><strong>quud</strong></span> <span class='ocrx_word' id='word_1_219' title='bbox 871 2481 984 2544; x_wconf 90' lang='lat' dir='ltr'><strong>caelum</strong></span> <span class='ocrx_word' id='word_1_220' title='bbox 1014 2469 1199 2564; x_wconf 77' lang='lat' dir='ltr'><strong>cooperiunt.</strong></span> <span class='ocrx_word' id='word_1_221' title='bbox 1244 2483 1363 2545; x_wconf 87' lang='lat' dir='ltr'><strong>Nubere</strong></span> <span class='ocrx_word' id='word_1_222' title='bbox 1387 2483 1514 2547; x_wconf 85' lang='lat' dir='ltr'><strong>dicimus</strong></span> <span class='ocrx_word' id='word_1_223' title='bbox 1537 2505 1618 2545; x_wconf 82' lang='lat' dir='ltr'><strong>cu-sa</strong></span> 
     </span>
     <span class='ocr_line' id='line_1_22' title="bbox 290 2580 1583 2666; baseline 0.002 -23"><span class='ocrx_word' id='word_1_224' title='bbox 290 2583 419 2662; x_wconf 88' lang='lat' dir='ltr'><strong>operire,</strong></span> <span class='ocrx_word' id='word_1_225' title='bbox 436 2580 506 2642; x_wconf 89' lang='lat' dir='ltr'><strong>inde</strong></span> <span class='ocrx_word' id='word_1_226' title='bbox 522 2583 643 2661; x_wconf 87' lang='lat' dir='ltr'><strong>nuptiae</strong></span> <span class='ocrx_word' id='word_1_227' title='bbox 666 2580 814 2659; x_wconf 91' lang='lat' dir='ltr'><strong>dicuntur,</strong></span> <span class='ocrx_word' id='word_1_228' title='bbox 838 2585 905 2664; x_wconf 89' lang='lat' dir='ltr'><strong>quia</strong></span> <span class='ocrx_word' id='word_1_229' title='bbox 921 2583 961 2644; x_wconf 93' lang='lat' dir='ltr'><strong>ibi</strong></span> <span class='ocrx_word' id='word_1_230' title='bbox 978 2587 1073 2666; x_wconf 88' lang='lat' dir='ltr'><strong>capita</strong></span> <span class='ocrx_word' id='word_1_231' title='bbox 1089 2582 1265 2647; x_wconf 89' lang='lat' dir='ltr'><strong>nubentium</strong></span> <span class='ocrx_word' id='word_1_232' title='bbox 1282 2584 1420 2646; x_wconf 89' lang='lat' dir='ltr'><strong>iiammeo</strong></span> <span class='ocrx_word' id='word_1_233' title='bbox 1436 2587 1583 2650; x_wconf 88' lang='lat' dir='ltr'><strong>uelamine</strong></span> 
     </span>
     <span class='ocr_line' id='line_1_23' title="bbox 188 2681 1582 2763; baseline 0.003 -20"><span class='ocrx_word' id='word_1_234' title='bbox 188 2703 238 2752; x_wconf 82' lang='lat' dir='ltr'><strong>aaa,</strong></span> <span class='ocrx_word' id='word_1_235' title='bbox 251 2703 276 2744; x_wconf 82' lang='lat' dir='ltr'><strong>ss</strong></span> <span class='ocrx_word' id='word_1_236' title='bbox 290 2689 438 2762; x_wconf 88' lang='lat' dir='ltr'><strong>teguntur.</strong></span> <span class='ocrx_word' id='word_1_237' title='bbox 485 2681 615 2745; x_wconf 89' lang='lat' dir='ltr'><strong>Puluis</strong></span> <span class='ocrx_word' id='word_1_238' title='bbox 637 2683 828 2763; x_wconf 73' lang='lat' dir='ltr'><strong>singulariter</strong></span> <span class='ocrx_word' id='word_1_239' title='bbox 850 2685 1030 2756; x_wconf 89' lang='lat' dir='ltr'><strong>declinatur,</strong></span> <span class='ocrx_word' id='word_1_240' title='bbox 1055 2685 1124 2746; x_wconf 88' lang='lat' dir='ltr'><strong>iicet</strong></span> <span class='ocrx_word' id='word_1_241' title='bbox 1145 2685 1324 2748; x_wconf 87' lang='lat' dir='ltr'><strong>Horatius</strong></span> <span class='ocrx_word' id='word_1_242' title='bbox 1346 2686 1471 2750; x_wconf 89' lang='lat' dir='ltr'><strong>abusiue</strong></span> <span class='ocrx_word' id='word_1_243' title='bbox 1493 2688 1582 2748; x_wconf 80' lang='lat' dir='ltr'><strong>dixit:</strong></span> 
     </span>
     <span class='ocr_line' id='line_1_24' title="bbox 591 2782 1252 2868; baseline 0.008 -24"><span class='ocrx_word' id='word_1_244' title='bbox 591 2782 846 2848; x_wconf 87' lang='lat' dir='ltr'><strong>Nouendiaies</strong></span> <span class='ocrx_word' id='word_1_245' title='bbox 868 2789 1038 2868; x_wconf 75' lang='lat' dir='ltr'><strong>spargite</strong></span> <span class='ocrx_word' id='word_1_246' title='bbox 1061 2787 1252 2868; x_wconf 91' lang='lat' dir='ltr'><strong>pulueres.</strong></span> 
     </span>
    </p>
   </div>
   <div class='ocr_carea' id='block_1_3' title="bbox 219 2969 1670 4191">
    <p class='ocr_par' dir='ltr' id='par_1_3' title="bbox 219 2969 1670 4191">
     <span class='ocr_line' id='line_1_25' title="bbox 356 2969 1584 3038; baseline 0.005 -18"><span class='ocrx_word' id='word_1_247' title='bbox 356 2969 592 3021; x_wconf 70' lang='lat' dir='ltr'><strong>tincasuaiiaaiue</strong></span> <span class='ocrx_word' id='word_1_248' title='bbox 626 2971 695 3036; x_wconf 87' lang='lat' dir='ltr'><strong>ptoia</strong></span> <span class='ocrx_word' id='word_1_249' title='bbox 747 2971 940 3024; x_wconf 75' lang='lat' dir='ltr'><strong>birocetbaec</strong></span> <span class='ocrx_word' id='word_1_250' title='bbox 990 2969 1187 3038; x_wconf 76' lang='lat' dir='ltr'><strong>diauluscorni]</strong></span> <span class='ocrx_word' id='word_1_251' title='bbox 1205 2973 1584 3028; x_wconf 79' lang='lat' dir='ltr'><strong>Posibaecr&#39;aacd.secaatm·</strong></span> 
     </span>
     <span class='ocr_line' id='line_1_26' title="bbox 286 3039 1583 3108; baseline 0.002 -20"><span class='ocrx_word' id='word_1_252' title='bbox 286 3057 314 3105; x_wconf 89' lang='lat' dir='ltr'><strong>p.</strong></span> <span class='ocrx_word' id='word_1_253' title='bbox 326 3041 374 3088; x_wconf 83' lang='lat'><strong>162</strong></span> <span class='ocrx_word' id='word_1_254' title='bbox 386 3041 450 3094; x_wconf 60' lang='lat' dir='ltr'><strong>trote</strong></span> <span class='ocrx_word' id='word_1_255' title='bbox 464 3039 525 3088; x_wconf 88' lang='lat' dir='ltr'><strong>baec</strong></span> <span class='ocrx_word' id='word_1_256' title='bbox 537 3053 614 3088; x_wconf 86' lang='lat' dir='ltr'><strong>corna</strong></span> <span class='ocrx_word' id='word_1_257' title='bbox 624 3039 661 3102; x_wconf 81' lang='lat' dir='ltr'><strong>(i)</strong></span> <span class='ocrx_word' id='word_1_258' title='bbox 679 3074 719 3089; x_wconf 88' lang='lat'><strong>...</strong></span> <span class='ocrx_word' id='word_1_259' title='bbox 730 3053 813 3089; x_wconf 90' lang='lat' dir='ltr'><strong>.orum</strong></span> <span class='ocrx_word' id='word_1_260' title='bbox 827 3043 957 3096; x_wconf 89' lang='lat' dir='ltr'><strong>remansit.</strong></span> <span class='ocrx_word' id='word_1_261' title='bbox 973 3041 1108 3107; x_wconf 79' lang='lat' dir='ltr'><strong>Remigius,</strong></span> <span class='ocrx_word' id='word_1_262' title='bbox 1118 3041 1200 3108; x_wconf 79' lang='lat' dir='ltr'><strong>qualis</strong></span> <span class='ocrx_word' id='word_1_263' title='bbox 1211 3048 1251 3092; x_wconf 83' lang='lat' dir='ltr'><strong>est</strong></span> <span class='ocrx_word' id='word_1_264' title='bbox 1260 3043 1285 3091; x_wconf 88' lang='lat' dir='ltr'><strong>in</strong></span> <span class='ocrx_word' id='word_1_265' title='bbox 1295 3044 1351 3092; x_wconf 85' lang='lat' dir='ltr'><strong>cad.</strong></span> <span class='ocrx_word' id='word_1_266' title='bbox 1362 3041 1443 3096; x_wconf 75' lang='lat' dir='ltr'><strong>Bora.</strong></span> <span class='ocrx_word' id='word_1_267' title='bbox 1454 3045 1507 3094; x_wconf 76' lang='lat'><strong>380</strong></span> <span class='ocrx_word' id='word_1_268' title='bbox 1516 3044 1541 3106; x_wconf 80' lang='lat' dir='ltr'><strong>s.</strong></span> <span class='ocrx_word' id='word_1_269' title='bbox 1551 3047 1583 3092; x_wconf 84' lang='lat'><strong>25</strong></span> 
     </span>
     <span class='ocr_line' id='line_1_27' title="bbox 287 3105 1583 3173; baseline 0.002 -17"><span class='ocrx_word' id='word_1_270' title='bbox 287 3121 351 3173; x_wconf 68' lang='lat' dir='ltr'><strong>req,</strong></span> <span class='ocrx_word' id='word_1_271' title='bbox 364 3106 540 3169; x_wconf 75' lang='lat' dir='ltr'><strong>boecbodets.</strong></span> <span class='ocrx_word' id='word_1_272' title='bbox 551 3108 599 3155; x_wconf 74' lang='grc'><strong>29·</strong></span> <span class='ocrx_word' id='word_1_273' title='bbox 611 3109 659 3158; x_wconf 90' lang='lat' dir='ltr'><strong>coi.</strong></span> <span class='ocrx_word' id='word_1_274' title='bbox 669 3105 718 3156; x_wconf 83' lang='lat'><em>11.-</em></span> <span class='ocrx_word' id='word_1_275' title='bbox 737 3105 841 3170; x_wconf 80' lang='lat' dir='ltr'><strong>Antiqui</strong></span> <span class='ocrx_word' id='word_1_276' title='bbox 857 3108 892 3157; x_wconf 87' lang='lat' dir='ltr'><strong>ita</strong></span> <span class='ocrx_word' id='word_1_277' title='bbox 905 3108 1067 3159; x_wconf 88' lang='lat' dir='ltr'><strong>declinabant</strong></span> <span class='ocrx_word' id='word_1_278' title='bbox 1080 3110 1140 3159; x_wconf 82' lang='lat' dir='ltr'><strong>‘iroc</strong></span> <span class='ocrx_word' id='word_1_279' title='bbox 1153 3122 1235 3158; x_wconf 86' lang='lat' dir='ltr'><strong>corun</strong></span> <span class='ocrx_word' id='word_1_280' title='bbox 1248 3108 1323 3160; x_wconf 85' lang='lat' dir='ltr'><strong>liuius</strong></span> <span class='ocrx_word' id='word_1_281' title='bbox 1334 3111 1426 3163; x_wconf 88' lang='lat' dir='ltr'><strong>corni’.</strong></span> <span class='ocrx_word' id='word_1_282' title='bbox 1445 3110 1583 3161; x_wconf 82' lang='lat' dir='ltr'><strong>inde‘cor·</strong></span> 
     </span>
     <span class='ocr_line' id='line_1_28' title="bbox 287 3171 1670 3244; baseline 0.006 -20"><span class='ocrx_word' id='word_1_283' title='bbox 287 3178 408 3224; x_wconf 87' lang='lat' dir='ltr'><strong>unorum’</strong></span> <span class='ocrx_word' id='word_1_284' title='bbox 419 3175 547 3224; x_wconf 86' lang='lat' dir='ltr'><strong>remansit</strong></span> <span class='ocrx_word' id='word_1_285' title='bbox 583 3171 1200 3244; x_wconf 81' lang='lat' dir='ltr'><strong>8quaeierturnnmerumrepperisserupralia.</strong></span> <span class='ocrx_word' id='word_1_286' title='bbox 1235 3178 1391 3228; x_wconf 85' lang='lat' dir='ltr'><strong>loconuerti</strong></span> <span class='ocrx_word' id='word_1_287' title='bbox 1426 3175 1582 3242; x_wconf 85' lang='lat' dir='ltr'><strong>numeraret]</strong></span> <span class='ocrx_word' id='word_1_288' title='bbox 1669 3227 1670 3232; x_wconf 75' lang='grc'>,</span> 
     </span>
     <span class='ocr_line' id='line_1_29' title="bbox 288 3233 1670 3322; baseline 0 -29"><span class='ocrx_word' id='word_1_289' title='bbox 288 3242 322 3293; x_wconf 89' lang='lat' dir='ltr'><strong>Ia</strong></span> <span class='ocrx_word' id='word_1_290' title='bbox 393 3256 432 3308; x_wconf 59' lang='grc' dir='ltr'><strong>με</strong></span> <span class='ocrx_word' id='word_1_291' title='bbox 452 3239 491 3291; x_wconf 90' lang='lat' dir='ltr'><strong>uel</strong></span> <span class='ocrx_word' id='word_1_292' title='bbox 504 3257 520 3291; x_wconf 86' lang='lat' dir='ltr'><strong>a</strong></span> <span class='ocrx_word' id='word_1_293' title='bbox 531 3239 612 3290; x_wconf 85' lang='lat' dir='ltr'><strong>Numa</strong></span> <span class='ocrx_word' id='word_1_294' title='bbox 622 3240 749 3308; x_wconf 82' lang='lat' dir='ltr'><strong>Pompilio</strong></span> <span class='ocrx_word' id='word_1_295' title='bbox 767 3257 827 3308; x_wconf 86' lang='lat' dir='ltr'><strong>rege</strong></span> <span class='ocrx_word' id='word_1_296' title='bbox 837 3243 1019 3306; x_wconf 78' lang='lat' dir='ltr'><strong>Romanorum,</strong></span> <span class='ocrx_word' id='word_1_297' title='bbox 1038 3253 1098 3294; x_wconf 87' lang='lat' dir='ltr'><strong>ants</strong></span> <span class='ocrx_word' id='word_1_298' title='bbox 1110 3258 1186 3307; x_wconf 89' lang='lat' dir='ltr'><strong>quem</strong></span> <span class='ocrx_word' id='word_1_299' title='bbox 1196 3243 1246 3310; x_wconf 88' lang='lat' dir='ltr'><strong>ipsi</strong></span> <span class='ocrx_word' id='word_1_300' title='bbox 1260 3245 1368 3295; x_wconf 81' lang='lat' dir='ltr'><strong>Romani</strong></span> <span class='ocrx_word' id='word_1_301' title='bbox 1380 3257 1500 3312; x_wconf 85' lang='lat' dir='ltr'><strong>expertes</strong></span> <span class='ocrx_word' id='word_1_302' title='bbox 1512 3257 1584 3295; x_wconf 90' lang='lat' dir='ltr'><strong>ersnt</strong></span> <span class='ocrx_word' id='word_1_303' title='bbox 1669 3233 1670 3322; x_wconf 59' lang='lat' dir='ltr'><strong>l</strong></span> 
     </span>
     <span class='ocr_line' id='line_1_30' title="bbox 289 3306 1670 3424; baseline 0.003 -65"><span class='ocrx_word' id='word_1_304' title='bbox 289 3325 323 3359; x_wconf 93' lang='lat' dir='ltr'><strong>nu</strong></span> <span class='ocrx_word' id='word_1_305' title='bbox 366 3309 448 3374; x_wconf 84' lang='lat' dir='ltr'><strong>randi,</strong></span> <span class='ocrx_word' id='word_1_306' title='bbox 457 3309 502 3358; x_wconf 86' lang='lat' dir='ltr'><strong>sed</strong></span> <span class='ocrx_word' id='word_1_307' title='bbox 511 3306 604 3374; x_wconf 89' lang='lat' dir='ltr'><strong>lapillis</strong></span> <span class='ocrx_word' id='word_1_308' title='bbox 614 3311 804 3374; x_wconf 79' lang='lat' dir='ltr'><strong>competebant,</strong></span> <span class='ocrx_word' id='word_1_309' title='bbox 816 3311 901 3361; x_wconf 90' lang='lat' dir='ltr'><strong>omnia</strong></span> <span class='ocrx_word' id='word_1_310' title='bbox 911 3327 1034 3378; x_wconf 88' lang='lat' dir='ltr'><strong>prospera</strong></span> <span class='ocrx_word' id='word_1_311' title='bbox 1045 3313 1150 3375; x_wconf 88' lang='lat' dir='ltr'><strong>quidem</strong></span> <span class='ocrx_word' id='word_1_312' title='bbox 1159 3311 1285 3376; x_wconf 88' lang='lat' dir='ltr'><strong>candidis,</strong></span> <span class='ocrx_word' id='word_1_313' title='bbox 1295 3314 1405 3364; x_wconf 81' lang='lat' dir='ltr'><strong>adirem</strong></span> <span class='ocrx_word' id='word_1_314' title='bbox 1418 3328 1479 3364; x_wconf 87' lang='lat' dir='ltr'><strong>uero</strong></span> <span class='ocrx_word' id='word_1_315' title='bbox 1492 3315 1582 3380; x_wconf 82' lang='lat' dir='ltr'><strong>nigris,</strong></span> <span class='ocrx_word' id='word_1_316' title='bbox 1669 3332 1670 3424; x_wconf 70' lang='lat' dir='ltr'><strong>q</strong></span> 
     </span>
     <span class='ocr_line' id='line_1_31' title="bbox 289 3374 1670 3450; baseline 0.004 -23"><span class='ocrx_word' id='word_1_317' title='bbox 289 3378 356 3428; x_wconf 89' lang='lat' dir='ltr'><strong>unde</strong></span> <span class='ocrx_word' id='word_1_318' title='bbox 373 3376 503 3428; x_wconf 86' lang='lat' dir='ltr'><strong>Persius</strong></span> <span class='ocrx_word' id='word_1_319' title='bbox 522 3374 590 3439; x_wconf 84' lang='lat' dir='ltr'><strong>(Sat.</strong></span> <span class='ocrx_word' id='word_1_320' title='bbox 609 3376 644 3427; x_wconf 91' lang='lat'><strong>11</strong></span> <span class='ocrx_word' id='word_1_321' title='bbox 661 3377 702 3440; x_wconf 76' lang='lat' dir='ltr'><strong>ll:</strong></span> <span class='ocrx_word' id='word_1_322' title='bbox 722 3377 814 3438; x_wconf 66' lang='lat' dir='ltr'><strong>‘iluna</strong></span> <span class='ocrx_word' id='word_1_323' title='bbox 832 3379 952 3440; x_wconf 85' lang='lat' dir='ltr'><strong>Macrine,</strong></span> <span class='ocrx_word' id='word_1_324' title='bbox 970 3379 1039 3430; x_wconf 87' lang='lat' dir='ltr'><strong>diem</strong></span> <span class='ocrx_word' id='word_1_325' title='bbox 1059 3395 1162 3430; x_wconf 88' lang='lat' dir='ltr'><strong>numera</strong></span> <span class='ocrx_word' id='word_1_326' title='bbox 1178 3379 1283 3430; x_wconf 89' lang='lat' dir='ltr'><strong>meliore</strong></span> <span class='ocrx_word' id='word_1_327' title='bbox 1301 3380 1410 3447; x_wconf 85' lang='lat' dir='ltr'><strong>lapillo‘,</strong></span> <span class='ocrx_word' id='word_1_328' title='bbox 1429 3383 1445 3431; x_wconf 90' lang='lat' dir='ltr'><strong>i.</strong></span> <span class='ocrx_word' id='word_1_329' title='bbox 1462 3382 1582 3440; x_wconf 87' lang='lat' dir='ltr'><strong>candido,</strong></span> <span class='ocrx_word' id='word_1_330' title='bbox 1669 3425 1670 3450; x_wconf 68' lang='lat'><strong>,</strong></span> 
     </span>
     <span class='ocr_line' id='line_1_32' title="bbox 289 3445 1670 3514; baseline 0.003 -21"><span class='ocrx_word' id='word_1_331' title='bbox 289 3445 328 3495; x_wconf 88' lang='lat' dir='ltr'><strong>rrel</strong></span> <span class='ocrx_word' id='word_1_332' title='bbox 347 3461 361 3494; x_wconf 87' lang='lat' dir='ltr'><strong>a</strong></span> <span class='ocrx_word' id='word_1_333' title='bbox 381 3445 491 3494; x_wconf 86' lang='lat' dir='ltr'><strong>nummis</strong></span> <span class='ocrx_word' id='word_1_334' title='bbox 510 3453 616 3494; x_wconf 88' lang='lat' dir='ltr'><strong>uocatrn·</strong></span> <span class='ocrx_word' id='word_1_335' title='bbox 633 3459 764 3506; x_wconf 87' lang='lat' dir='ltr'><strong>numerus,</strong></span> <span class='ocrx_word' id='word_1_336' title='bbox 783 3447 842 3508; x_wconf 88' lang='lat' dir='ltr'><strong>quia</strong></span> <span class='ocrx_word' id='word_1_337' title='bbox 861 3447 929 3510; x_wconf 82' lang='lat' dir='ltr'><strong>(qui)</strong></span> <span class='ocrx_word' id='word_1_338' title='bbox 947 3450 1051 3514; x_wconf 88' lang='lat' dir='ltr'><strong>saepius</strong></span> <span class='ocrx_word' id='word_1_339' title='bbox 1071 3459 1242 3501; x_wconf 88' lang='lat' dir='ltr'><strong>numerantur.</strong></span> <span class='ocrx_word' id='word_1_340' title='bbox 1279 3446 1405 3498; x_wconf 82' lang='lat' dir='ltr'><strong>Numerus</strong></span> <span class='ocrx_word' id='word_1_341' title='bbox 1425 3459 1464 3500; x_wconf 92' lang='lat' dir='ltr'><strong>est</strong></span> <span class='ocrx_word' id='word_1_342' title='bbox 1481 3463 1582 3500; x_wconf 87' lang='lat' dir='ltr'><strong>coacer-</strong></span> <span class='ocrx_word' id='word_1_343' title='bbox 1669 3459 1670 3482; x_wconf 65' lang='lat'><strong>³</strong></span> 
     </span>
     <span class='ocr_line' id='line_1_33' title="bbox 287 3495 1670 3584; baseline 0.004 -22"><span class='ocrx_word' id='word_1_344' title='bbox 287 3515 358 3563; x_wconf 82' lang='lat' dir='ltr'><strong>aratio</strong></span> <span class='ocrx_word' id='word_1_345' title='bbox 377 3513 511 3562; x_wconf 87' lang='lat' dir='ltr'><strong>unitatum.</strong></span> <span class='ocrx_word' id='word_1_346' title='bbox 535 3509 679 3576; x_wconf 85' lang='lat' dir='ltr'><strong>Singularis</strong></span> <span class='ocrx_word' id='word_1_347' title='bbox 699 3527 819 3564; x_wconf 89' lang='lat' dir='ltr'><strong>numerus</strong></span> <span class='ocrx_word' id='word_1_348' title='bbox 837 3529 888 3564; x_wconf 93' lang='lat' dir='ltr'><strong>non</strong></span> <span class='ocrx_word' id='word_1_349' title='bbox 909 3516 1012 3581; x_wconf 88' lang='lat' dir='ltr'><strong>proprie</strong></span> <span class='ocrx_word' id='word_1_350' title='bbox 1024 3517 1123 3574; x_wconf 91' lang='lat' dir='ltr'><strong>dicitur,</strong></span> <span class='ocrx_word' id='word_1_351' title='bbox 1142 3515 1202 3578; x_wconf 85' lang='lat' dir='ltr'><strong>quia</strong></span> <span class='ocrx_word' id='word_1_352' title='bbox 1221 3529 1271 3566; x_wconf 88' lang='lat' dir='ltr'><strong>nou</strong></span> <span class='ocrx_word' id='word_1_353' title='bbox 1284 3527 1384 3567; x_wconf 86' lang='lat' dir='ltr'><strong>curistat</strong></span> <span class='ocrx_word' id='word_1_354' title='bbox 1401 3531 1433 3565; x_wconf 82' lang='lat' dir='ltr'><strong>ex</strong></span> <span class='ocrx_word' id='word_1_355' title='bbox 1451 3517 1580 3584; x_wconf 81' lang='lat' dir='ltr'><strong>pluribus:</strong></span> <span class='ocrx_word' id='word_1_356' title='bbox 1669 3495 1670 3574; x_wconf 60' lang='lat' dir='ltr'><strong>l</strong></span> 
     </span>
     <span class='ocr_line' id='line_1_34' title="bbox 287 3580 1670 3656; baseline 0.002 -25"><span class='ocrx_word' id='word_1_357' title='bbox 287 3581 355 3632; x_wconf 89' lang='lat' dir='ltr'><strong>sicut</strong></span> <span class='ocrx_word' id='word_1_358' title='bbox 371 3591 455 3630; x_wconf 87' lang='lat' dir='ltr'><strong>autem</strong></span> <span class='ocrx_word' id='word_1_359' title='bbox 474 3580 647 3630; x_wconf 87' lang='lat' dir='ltr'><strong>nominatiuus</strong></span> <span class='ocrx_word' id='word_1_360' title='bbox 666 3594 716 3630; x_wconf 89' lang='lat' dir='ltr'><strong>non</strong></span> <span class='ocrx_word' id='word_1_361' title='bbox 736 3583 840 3647; x_wconf 85' lang='lat' dir='ltr'><strong>proprie</strong></span> <span class='ocrx_word' id='word_1_362' title='bbox 858 3583 950 3633; x_wconf 86' lang='lat' dir='ltr'><strong>dicitur</strong></span> <span class='ocrx_word' id='word_1_363' title='bbox 966 3597 1057 3647; x_wconf 87' lang='lat' dir='ltr'><strong>casus,</strong></span> <span class='ocrx_word' id='word_1_364' title='bbox 1081 3583 1128 3634; x_wconf 88' lang='lat' dir='ltr'><strong>sed</strong></span> <span class='ocrx_word' id='word_1_365' title='bbox 1149 3585 1210 3647; x_wconf 88' lang='lat' dir='ltr'><strong>quia</strong></span> <span class='ocrx_word' id='word_1_366' title='bbox 1233 3584 1265 3634; x_wconf 88' lang='lat' dir='ltr'><strong>ab</strong></span> <span class='ocrx_word' id='word_1_367' title='bbox 1288 3584 1331 3634; x_wconf 91' lang='lat' dir='ltr'><strong>iiio</strong></span> <span class='ocrx_word' id='word_1_368' title='bbox 1349 3585 1393 3635; x_wconf 87' lang='lat' dir='ltr'><strong>aiii</strong></span> <span class='ocrx_word' id='word_1_369' title='bbox 1411 3585 1501 3635; x_wconf 82' lang='lat' dir='ltr'><strong>cadere</strong></span> <span class='ocrx_word' id='word_1_370' title='bbox 1519 3586 1582 3634; x_wconf 86' lang='lat' dir='ltr'><strong>inci·</strong></span> <span class='ocrx_word' id='word_1_371' title='bbox 1669 3599 1670 3656; x_wconf 67' lang='lat' dir='ltr'><strong>i</strong></span> 
     </span>
     <span class='ocr_line' id='line_1_35' title="bbox 307 3647 1670 3716; baseline 0.007 -19"><span class='ocrx_word' id='word_1_372' title='bbox 307 3650 374 3708; x_wconf 88' lang='lat' dir='ltr'><strong>lunt,</strong></span> <span class='ocrx_word' id='word_1_373' title='bbox 398 3649 456 3699; x_wconf 87' lang='lat' dir='ltr'><strong>ideo</strong></span> <span class='ocrx_word' id='word_1_374' title='bbox 479 3663 553 3697; x_wconf 87' lang='lat' dir='ltr'><strong>casus</strong></span> <span class='ocrx_word' id='word_1_375' title='bbox 577 3647 682 3706; x_wconf 90' lang='lat' dir='ltr'><strong>dicitur,</strong></span> <span class='ocrx_word' id='word_1_376' title='bbox 705 3659 730 3698; x_wconf 88' lang='lat' dir='ltr'><strong>et</strong></span> <span class='ocrx_word' id='word_1_377' title='bbox 746 3649 812 3699; x_wconf 88' lang='lat' dir='ltr'><strong>sieut</strong></span> <span class='ocrx_word' id='word_1_378' title='bbox 830 3665 949 3700; x_wconf 89' lang='lat' dir='ltr'><strong>numerus</strong></span> <span class='ocrx_word' id='word_1_379' title='bbox 969 3666 1088 3702; x_wconf 90' lang='lat' dir='ltr'><strong>numerus</strong></span> <span class='ocrx_word' id='word_1_380' title='bbox 1107 3666 1173 3701; x_wconf 85' lang='lat' dir='ltr'><strong>uirus</strong></span> <span class='ocrx_word' id='word_1_381' title='bbox 1191 3651 1249 3701; x_wconf 89' lang='lat' dir='ltr'><strong>ideo</strong></span> <span class='ocrx_word' id='word_1_382' title='bbox 1266 3652 1360 3702; x_wconf 88' lang='lat' dir='ltr'><strong>dicitnr</strong></span> <span class='ocrx_word' id='word_1_383' title='bbox 1377 3663 1487 3716; x_wconf 76' lang='lat' dir='ltr'><strong>mutum,</strong></span> <span class='ocrx_word' id='word_1_384' title='bbox 1512 3653 1582 3715; x_wconf 88' lang='lat' dir='ltr'><strong>quod</strong></span> <span class='ocrx_word' id='word_1_385' title='bbox 1669 3659 1670 3706; x_wconf 90' lang='lat' dir='ltr'><strong>i</strong></span> 
     </span>
     <span class='ocr_line' id='line_1_36' title="bbox 219 3663 1670 3799; baseline 0.003 -34"><span class='ocrx_word' id='word_1_386' title='bbox 219 3776 222 3786; x_wconf 37' lang='grc' dir='ltr'><strong><em>Ι</em></strong></span> <span class='ocrx_word' id='word_1_387' title='bbox 287 3663 346 3766; x_wconf 49' lang='lat' dir='ltr'><strong>lons</strong></span> <span class='ocrx_word' id='word_1_388' title='bbox 365 3717 399 3796; x_wconf 77' lang='lat' dir='ltr'><strong>sit</strong></span> <span class='ocrx_word' id='word_1_389' title='bbox 416 3725 441 3766; x_wconf 95' lang='lat' dir='ltr'><strong>et</strong></span> <span class='ocrx_word' id='word_1_390' title='bbox 459 3717 532 3781; x_wconf 84' lang='lat' dir='ltr'><strong>origo</strong></span> <span class='ocrx_word' id='word_1_391' title='bbox 551 3729 724 3776; x_wconf 89' lang='lat' dir='ltr'><strong>numerorum,</strong></span> <span class='ocrx_word' id='word_1_392' title='bbox 742 3717 777 3766; x_wconf 89' lang='lat' dir='ltr'><strong>ita</strong></span> <span class='ocrx_word' id='word_1_393' title='bbox 795 3728 819 3767; x_wconf 90' lang='lat' dir='ltr'><strong>et</strong></span> <span class='ocrx_word' id='word_1_394' title='bbox 836 3717 975 3783; x_wconf 84' lang='lat' dir='ltr'><strong>singularis</strong></span> <span class='ocrx_word' id='word_1_395' title='bbox 992 3733 1114 3799; x_wconf 85' lang='lat' dir='ltr'><strong>pumerus</strong></span> <span class='ocrx_word' id='word_1_396' title='bbox 1132 3727 1252 3798; x_wconf 76' lang='lat' dir='ltr'><strong>uocatur,</strong></span> <span class='ocrx_word' id='word_1_397' title='bbox 1274 3720 1335 3783; x_wconf 90' lang='lat' dir='ltr'><strong>quia</strong></span> <span class='ocrx_word' id='word_1_398' title='bbox 1357 3719 1463 3787; x_wconf 89' lang='lat' dir='ltr'><strong>pluralis</strong></span> <span class='ocrx_word' id='word_1_399' title='bbox 1483 3721 1581 3770; x_wconf 87' lang='lat' dir='ltr'><strong>numeri</strong></span> <span class='ocrx_word' id='word_1_400' title='bbox 1669 3727 1670 3784; x_wconf 64' lang='lat' dir='ltr'>j</span> 
     </span>
     <span class='ocr_line' id='line_1_37' title="bbox 286 3784 1670 3919; baseline 0.002 -18"><span class='ocrx_word' id='word_1_401' title='bbox 286 3794 426 3916; x_wconf 48' lang='lat' dir='ltr'><strong>qqprqrpcgp.</strong></span> <span class='ocrx_word' id='word_1_402' title='bbox 438 3852 456 3902; x_wconf 88' lang='lat' dir='ltr'><strong>i.</strong></span> <span class='ocrx_word' id='word_1_403' title='bbox 474 3784 677 3901; x_wconf 39' lang='lat' dir='ltr'><strong>distillarbmmenlb</strong></span> <span class='ocrx_word' id='word_1_404' title='bbox 686 3785 1163 3917; x_wconf 49' lang='lat' dir='ltr'><strong>qqpqqqqqqstqqllpduerlqtssttttotmninml&#39;l</strong></span> <span class='ocrx_word' id='word_1_405' title='bbox 1171 3786 1305 3919; x_wconf 43' lang='lat' dir='ltr'><strong>3inae</strong></span> <span class='ocrx_word' id='word_1_406' title='bbox 1322 3790 1487 3906; x_wconf 50' lang='grc' dir='ltr'><strong>ιιιιῒίιιοηαίξε4</strong></span> <span class='ocrx_word' id='word_1_407' title='bbox 1504 3787 1582 3904; x_wconf 46' lang='lat' dir='ltr'><strong>huzal,</strong></span> <span class='ocrx_word' id='word_1_408' title='bbox 1669 3835 1670 3868; x_wconf 34' lang='lat' dir='ltr'><strong>l</strong></span> 
     </span>
     <span class='ocr_line' id='line_1_38' title="bbox 288 3911 1670 3989; baseline 0.003 -21"><span class='ocrx_word' id='word_1_409' title='bbox 288 3918 427 3978; x_wconf 87' lang='lat' dir='ltr'><strong>uelamine,</strong></span> <span class='ocrx_word' id='word_1_410' title='bbox 444 3933 576 3982; x_wconf 78' lang='lat' dir='ltr'><strong>suprascr.</strong></span> <span class='ocrx_word' id='word_1_411' title='bbox 595 3919 613 3970; x_wconf 87' lang='lat' dir='ltr'><strong>i.</strong></span> <span class='ocrx_word' id='word_1_412' title='bbox 632 3917 693 3968; x_wconf 89' lang='lat' dir='ltr'><strong>oraii</strong></span> <span class='ocrx_word' id='word_1_413' title='bbox 797 3921 830 3970; x_wconf 74' lang='lat'><strong>22</strong></span> <span class='ocrx_word' id='word_1_414' title='bbox 849 3919 957 3986; x_wconf 84' lang='lat' dir='ltr'><strong>oratius]</strong></span> <span class='ocrx_word' id='word_1_415' title='bbox 977 3922 1063 3988; x_wconf 78' lang='lat' dir='ltr'><strong>Epod.</strong></span> <span class='ocrx_word' id='word_1_416' title='bbox 1083 3921 1172 3972; x_wconf 82' lang='lat' dir='ltr'><em>XVII</em></span> <span class='ocrx_word' id='word_1_417' title='bbox 1189 3924 1235 3973; x_wconf 68' lang='lat'><strong>⁴8:</strong></span> <span class='ocrx_word' id='word_1_418' title='bbox 1263 3921 1434 3974; x_wconf 87' lang='lat' dir='ltr'><strong>Nouendiaies</strong></span> <span class='ocrx_word' id='word_1_419' title='bbox 1451 3923 1582 3989; x_wconf 85' lang='lat' dir='ltr'><strong>dissipare</strong></span> <span class='ocrx_word' id='word_1_420' title='bbox 1669 3911 1670 3972; x_wconf 58' lang='grc' dir='ltr'><strong>Ῡ</strong></span> 
     </span>
     <span class='ocr_line' id='line_1_39' title="bbox 286 3981 1582 4054; baseline 0.002 -19"><span class='ocrx_word' id='word_1_421' title='bbox 286 3986 415 4052; x_wconf 87' lang='lat' dir='ltr'><strong>pulueres.</strong></span> <span class='ocrx_word' id='word_1_422' title='bbox 484 3987 518 4036; x_wconf 80' lang='lat'><strong>23</strong></span> <span class='ocrx_word' id='word_1_423' title='bbox 535 3981 666 4053; x_wconf 86' lang='lat' dir='ltr'><strong>puiueres]</strong></span> <span class='ocrx_word' id='word_1_424' title='bbox 686 3985 720 4036; x_wconf 84' lang='lat' dir='ltr'><strong>Ia</strong></span> <span class='ocrx_word' id='word_1_425' title='bbox 737 4003 825 4052; x_wconf 72' lang='lat' dir='ltr'><strong>marga</strong></span> <span class='ocrx_word' id='word_1_426' title='bbox 845 3989 1009 4039; x_wconf 87' lang='lat' dir='ltr'><strong>nouendiales</strong></span> <span class='ocrx_word' id='word_1_427' title='bbox 1028 4005 1112 4040; x_wconf 89' lang='lat' dir='ltr'><strong>nonus</strong></span> <span class='ocrx_word' id='word_1_428' title='bbox 1130 3991 1185 4040; x_wconf 88' lang='lat' dir='ltr'><strong>dies</strong></span> <span class='ocrx_word' id='word_1_429' title='bbox 1198 4001 1245 4052; x_wconf 90' lang='lat' dir='ltr'><strong>est,</strong></span> <span class='ocrx_word' id='word_1_430' title='bbox 1258 3991 1396 4054; x_wconf 80' lang='lat' dir='ltr'><strong>quiniqui)</strong></span> <span class='ocrx_word' id='word_1_431' title='bbox 1409 3990 1582 4041; x_wconf 79' lang='lat' dir='ltr'><strong>celebrabatur</strong></span> 
     </span>
     <span class='ocr_line' id='line_1_40' title="bbox 286 4054 1670 4124; baseline 0.003 -20"><span class='ocrx_word' id='word_1_432' title='bbox 286 4068 354 4104; x_wconf 85' lang='lat' dir='ltr'><strong>norro</strong></span> <span class='ocrx_word' id='word_1_433' title='bbox 372 4055 414 4104; x_wconf 90' lang='lat' dir='ltr'><strong>die</strong></span> <span class='ocrx_word' id='word_1_434' title='bbox 431 4055 456 4102; x_wconf 92' lang='lat' dir='ltr'><strong>in</strong></span> <span class='ocrx_word' id='word_1_435' title='bbox 475 4054 591 4115; x_wconf 79' lang='lat' dir='ltr'><strong>exequiis</strong></span> <span class='ocrx_word' id='word_1_436' title='bbox 609 4063 775 4108; x_wconf 89' lang='lat' dir='ltr'><strong>mortuorum.</strong></span> <span class='ocrx_word' id='word_1_437' title='bbox 812 4054 874 4105; x_wconf 87' lang='lat' dir='ltr'><strong>Octo</strong></span> <span class='ocrx_word' id='word_1_438' title='bbox 898 4057 964 4108; x_wconf 92' lang='lat' dir='ltr'><strong>enim</strong></span> <span class='ocrx_word' id='word_1_439' title='bbox 986 4058 1076 4108; x_wconf 86' lang='lat' dir='ltr'><strong>diebus</strong></span> <span class='ocrx_word' id='word_1_440' title='bbox 1099 4059 1249 4108; x_wconf 88' lang='lat' dir='ltr'><strong>seruabatur</strong></span> <span class='ocrx_word' id='word_1_441' title='bbox 1266 4072 1361 4124; x_wconf 89' lang='lat' dir='ltr'><strong>corpus</strong></span> <span class='ocrx_word' id='word_1_442' title='bbox 1379 4070 1405 4107; x_wconf 89' lang='lat' dir='ltr'><strong>et</strong></span> <span class='ocrx_word' id='word_1_443' title='bbox 1421 4058 1579 4120; x_wconf 80' lang='lat' dir='ltr'><strong>abluebatur,</strong></span> <span class='ocrx_word' id='word_1_444' title='bbox 1669 4083 1670 4118; x_wconf 55' lang='lat' dir='ltr'><strong>q</strong></span> 
     </span>
     <span class='ocr_line' id='line_1_41' title="bbox 286 4120 1580 4191; baseline 0.003 -19"><span class='ocrx_word' id='word_1_445' title='bbox 286 4137 355 4174; x_wconf 88' lang='lat' dir='ltr'><strong>nono</strong></span> <span class='ocrx_word' id='word_1_446' title='bbox 374 4136 435 4172; x_wconf 89' lang='lat' dir='ltr'><strong>uero</strong></span> <span class='ocrx_word' id='word_1_447' title='bbox 452 4121 494 4172; x_wconf 89' lang='lat' dir='ltr'><strong>die</strong></span> <span class='ocrx_word' id='word_1_448' title='bbox 511 4120 693 4172; x_wconf 85' lang='lat' dir='ltr'><strong>incendebatur</strong></span> <span class='ocrx_word' id='word_1_449' title='bbox 709 4133 734 4172; x_wconf 87' lang='lat' dir='ltr'><strong>et</strong></span> <span class='ocrx_word' id='word_1_450' title='bbox 750 4124 788 4172; x_wconf 89' lang='lat' dir='ltr'><strong>sic</strong></span> <span class='ocrx_word' id='word_1_451' title='bbox 806 4123 1024 4190; x_wconf 73' lang='lat' dir='ltr'><strong>sepeliebatur-</strong></span> <span class='ocrx_word' id='word_1_452' title='bbox 1037 4123 1150 4191; x_wconf 85' lang='lat' dir='ltr'><strong>Sanguis</strong></span> <span class='ocrx_word' id='word_1_453' title='bbox 1162 4125 1254 4176; x_wconf 88' lang='lat' dir='ltr'><strong>dicitur</strong></span> <span class='ocrx_word' id='word_1_454' title='bbox 1271 4142 1286 4175; x_wconf 90' lang='lat' dir='ltr'><strong>a</strong></span> <span class='ocrx_word' id='word_1_455' title='bbox 1304 4127 1443 4176; x_wconf 89' lang='lat' dir='ltr'><strong>sanciendo</strong></span> <span class='ocrx_word' id='word_1_456' title='bbox 1461 4141 1492 4176; x_wconf 83' lang='lat' dir='ltr'><strong>eo</strong></span> <span class='ocrx_word' id='word_1_457' title='bbox 1510 4127 1580 4189; x_wconf 91' lang='lat' dir='ltr'><strong>quod</strong></span> 
     </span>
    </p>
   </div>
   <div class='ocr_carea' id='block_1_4' title="bbox 286 4257 521 4272">
    <p class='ocr_par' dir='ltr' id='par_1_4' title="bbox 286 4257 521 4272">
     <span class='ocr_line' id='line_1_42' title="bbox 286 4257 521 4272; baseline 0.004 -5"><span class='ocrx_word' id='word_1_458' title='bbox 286 4257 521 4272; x_wconf 61' lang='grc' dir='ltr'><strong>ιιι-·-ι-ιι-------ι-ῠ-ι·-ι</strong></span> 
     </span>
    </p>
   </div>
   <div class='ocr_carea' id='block_1_5' title="bbox 283 4359 1670 4918">
    <p class='ocr_par' dir='ltr' id='par_1_5' title="bbox 283 4359 1670 4918">
     <span class='ocr_line' id='line_1_43' title="bbox 355 4359 1670 4434; baseline 0.002 -21"><span class='ocrx_word' id='word_1_459' title='bbox 355 4360 370 4413; x_wconf 76' lang='lat' dir='ltr'><strong>i</strong></span> <span class='ocrx_word' id='word_1_460' title='bbox 390 4359 481 4412; x_wconf 76' lang='lat' dir='ltr'><strong>diersa</strong></span> <span class='ocrx_word' id='word_1_461' title='bbox 498 4359 594 4412; x_wconf 81' lang='lat' dir='ltr'><strong>codicia</strong></span> <span class='ocrx_word' id='word_1_462' title='bbox 612 4359 754 4412; x_wconf 78' lang='lat' dir='ltr'><strong>Beroeneta</strong></span> <span class='ocrx_word' id='word_1_463' title='bbox 773 4362 860 4425; x_wconf 67' lang='lat' dir='ltr'><strong>odiis.</strong></span> <span class='ocrx_word' id='word_1_464' title='bbox 880 4359 914 4412; x_wconf 67' lang='lat' dir='ltr'><strong>db</strong></span> <span class='ocrx_word' id='word_1_465' title='bbox 931 4378 1011 4429; x_wconf 78' lang='lat' dir='ltr'><strong>marg.</strong></span> <span class='ocrx_word' id='word_1_466' title='bbox 1029 4363 1090 4414; x_wconf 66' lang='lat' dir='ltr'><strong>siae</strong></span> <span class='ocrx_word' id='word_1_467' title='bbox 1109 4359 1234 4414; x_wconf 87' lang='lat' dir='ltr'><strong>Numerus</strong></span> <span class='ocrx_word' id='word_1_468' title='bbox 1253 4373 1292 4414; x_wconf 90' lang='lat' dir='ltr'><strong>est</strong></span> <span class='ocrx_word' id='word_1_469' title='bbox 1308 4365 1434 4415; x_wconf 90' lang='lat' dir='ltr'><strong>unitatum</strong></span> <span class='ocrx_word' id='word_1_470' title='bbox 1453 4363 1578 4426; x_wconf 87' lang='lat' dir='ltr'><strong>collectio,</strong></span> <span class='ocrx_word' id='word_1_471' title='bbox 1669 4405 1670 4434; x_wconf 19' lang='lat' dir='ltr'><strong>q</strong></span> 
     </span>
     <span class='ocr_line' id='line_1_44' title="bbox 286 4427 1579 4494; baseline 0.003 -16"><span class='ocrx_word' id='word_1_472' title='bbox 286 4427 352 4479; x_wconf 82' lang='lat' dir='ltr'><strong>eiciat</strong></span> <span class='ocrx_word' id='word_1_473' title='bbox 369 4428 484 4494; x_wconf 86' lang='lat' dir='ltr'><strong>quidam,</strong></span> <span class='ocrx_word' id='word_1_474' title='bbox 502 4442 608 4478; x_wconf 88' lang='lat' dir='ltr'><strong>aceruus</strong></span> <span class='ocrx_word' id='word_1_475' title='bbox 627 4443 659 4478; x_wconf 82' lang='lat' dir='ltr'><strong>ex</strong></span> <span class='ocrx_word' id='word_1_476' title='bbox 677 4429 764 4478; x_wconf 92' lang='lat' dir='ltr'><strong>multis</strong></span> <span class='ocrx_word' id='word_1_477' title='bbox 782 4430 922 4480; x_wconf 88' lang='lat' dir='ltr'><strong>unitatibus</strong></span> <span class='ocrx_word' id='word_1_478' title='bbox 939 4431 1059 4481; x_wconf 87' lang='lat' dir='ltr'><strong>collectus</strong></span> <span class='ocrx_word' id='word_1_479' title='bbox 1077 4431 1145 4494; x_wconf 88' lang='lat' dir='ltr'><strong>(cum</strong></span> <span class='ocrx_word' id='word_1_480' title='bbox 1165 4432 1265 4494; x_wconf 83' lang='lat' dir='ltr'><strong>iectus).</strong></span> <span class='ocrx_word' id='word_1_481' title='bbox 1289 4431 1387 4483; x_wconf 86' lang='lat' dir='ltr'><strong>Dicitur</strong></span> <span class='ocrx_word' id='word_1_482' title='bbox 1405 4433 1472 4483; x_wconf 89' lang='lat' dir='ltr'><strong>enim</strong></span> <span class='ocrx_word' id='word_1_483' title='bbox 1492 4449 1579 4483; x_wconf 78' lang='lat' dir='ltr'><strong>nunte-</strong></span> 
     </span>
     <span class='ocr_line' id='line_1_45' title="bbox 286 4492 1670 4563; baseline 0.002 -17"><span class='ocrx_word' id='word_1_484' title='bbox 286 4511 330 4548; x_wconf 92' lang='lat' dir='ltr'><strong>rus</strong></span> <span class='ocrx_word' id='word_1_485' title='bbox 348 4513 364 4547; x_wconf 87' lang='lat' dir='ltr'><strong>a</strong></span> <span class='ocrx_word' id='word_1_486' title='bbox 382 4494 539 4546; x_wconf 83' lang='lat' dir='ltr'><strong>numerando</strong></span> <span class='ocrx_word' id='word_1_487' title='bbox 557 4496 597 4546; x_wconf 91' lang='lat' dir='ltr'><strong>uei</strong></span> <span class='ocrx_word' id='word_1_488' title='bbox 615 4511 630 4544; x_wconf 83' lang='lat' dir='ltr'><strong>a</strong></span> <span class='ocrx_word' id='word_1_489' title='bbox 649 4492 768 4546; x_wconf 86' lang='lat' dir='ltr'><strong>Numeria</strong></span> <span class='ocrx_word' id='word_1_490' title='bbox 787 4497 835 4547; x_wconf 89' lang='lat' dir='ltr'><strong>dea</strong></span> <span class='ocrx_word' id='word_1_491' title='bbox 853 4512 1025 4563; x_wconf 85' lang='lat' dir='ltr'><strong>paganorum,</strong></span> <span class='ocrx_word' id='word_1_492' title='bbox 1049 4515 1114 4562; x_wconf 88' lang='lat' dir='ltr'><strong>quae</strong></span> <span class='ocrx_word' id='word_1_493' title='bbox 1136 4499 1215 4550; x_wconf 89' lang='lat' dir='ltr'><strong>lertur</strong></span> <span class='ocrx_word' id='word_1_494' title='bbox 1238 4515 1368 4550; x_wconf 88' lang='lat' dir='ltr'><strong>numerum</strong></span> <span class='ocrx_word' id='word_1_495' title='bbox 1387 4501 1521 4553; x_wconf 87' lang='lat' dir='ltr'><strong>inuenisse</strong></span> <span class='ocrx_word' id='word_1_496' title='bbox 1539 4500 1578 4550; x_wconf 90' lang='lat' dir='ltr'><strong>uel</strong></span> <span class='ocrx_word' id='word_1_497' title='bbox 1669 4527 1670 4534; x_wconf 26' lang='grc' dir='ltr'><strong>κ</strong></span> 
     </span>
     <span class='ocr_line' id='line_1_46' title="bbox 285 4563 1577 4631; baseline 0.002 -16"><span class='ocrx_word' id='word_1_498' title='bbox 285 4563 402 4616; x_wconf 83' lang='lat' dir='ltr'><strong>aNuma</strong></span> <span class='ocrx_word' id='word_1_499' title='bbox 419 4563 545 4630; x_wconf 89' lang='lat' dir='ltr'><strong>Pompilio</strong></span> <span class='ocrx_word' id='word_1_500' title='bbox 563 4563 687 4630; x_wconf 84' lang='lat' dir='ltr'><strong>(penp-),</strong></span> <span class='ocrx_word' id='word_1_501' title='bbox 711 4566 755 4628; x_wconf 89' lang='lat' dir='ltr'><strong>qui</strong></span> <span class='ocrx_word' id='word_1_502' title='bbox 777 4563 825 4615; x_wconf 90' lang='lat' dir='ltr'><strong>luit</strong></span> <span class='ocrx_word' id='word_1_503' title='bbox 847 4576 935 4616; x_wconf 89' lang='lat' dir='ltr'><strong>auctor</strong></span> <span class='ocrx_word' id='word_1_504' title='bbox 953 4567 1114 4617; x_wconf 71' lang='lat' dir='ltr'><strong>numerandis</strong></span> <span class='ocrx_word' id='word_1_505' title='bbox 1141 4568 1238 4631; x_wconf 89' lang='lat' dir='ltr'><strong>antiqui</strong></span> <span class='ocrx_word' id='word_1_506' title='bbox 1263 4569 1404 4618; x_wconf 86' lang='lat' dir='ltr'><strong>nescientes</strong></span> <span class='ocrx_word' id='word_1_507' title='bbox 1433 4584 1577 4631; x_wconf 86' lang='lat' dir='ltr'><strong>nrrmerarc,</strong></span> 
     </span>
     <span class='ocr_line' id='line_1_47' title="bbox 285 4633 1670 4700; baseline 0.005 -20"><span class='ocrx_word' id='word_1_508' title='bbox 285 4633 378 4698; x_wconf 87' lang='lat' dir='ltr'><strong>iapiiiis</strong></span> <span class='ocrx_word' id='word_1_509' title='bbox 397 4634 482 4682; x_wconf 84' lang='lat' dir='ltr'><strong>omnia</strong></span> <span class='ocrx_word' id='word_1_510' title='bbox 500 4633 684 4697; x_wconf 69' lang='lat' dir='ltr'><strong>amputabant,</strong></span> <span class='ocrx_word' id='word_1_511' title='bbox 704 4633 730 4681; x_wconf 92' lang='lat' dir='ltr'><strong>in</strong></span> <span class='ocrx_word' id='word_1_512' title='bbox 747 4633 903 4683; x_wconf 88' lang='lat' dir='ltr'><strong>aduersitate</strong></span> <span class='ocrx_word' id='word_1_513' title='bbox 920 4635 1015 4700; x_wconf 85' lang='lat' dir='ltr'><strong>nigris,</strong></span> <span class='ocrx_word' id='word_1_514' title='bbox 1040 4637 1065 4683; x_wconf 92' lang='lat' dir='ltr'><strong>in</strong></span> <span class='ocrx_word' id='word_1_515' title='bbox 1084 4637 1254 4700; x_wconf 85' lang='lat' dir='ltr'><strong>prosperitate</strong></span> <span class='ocrx_word' id='word_1_516' title='bbox 1271 4637 1402 4698; x_wconf 87' lang='lat' dir='ltr'><strong>candidis,</strong></span> <span class='ocrx_word' id='word_1_517' title='bbox 1422 4637 1491 4686; x_wconf 84' lang='lat' dir='ltr'><strong>trude</strong></span> <span class='ocrx_word' id='word_1_518' title='bbox 1507 4637 1577 4686; x_wconf 89' lang='lat' dir='ltr'><strong>Per·</strong></span> <span class='ocrx_word' id='word_1_519' title='bbox 1669 4647 1670 4656; x_wconf 61' lang='lat'>¹</span> 
     </span>
     <span class='ocr_line' id='line_1_48' title="bbox 286 4699 1578 4767; baseline 0.005 -18"><span class='ocrx_word' id='word_1_520' title='bbox 286 4702 368 4754; x_wconf 86' lang='lat' dir='ltr'><strong>sius:</strong></span> <span class='ocrx_word' id='word_1_521' title='bbox 387 4701 479 4764; x_wconf 62' lang='lat' dir='ltr'><strong>ritune,</strong></span> <span class='ocrx_word' id='word_1_522' title='bbox 499 4699 618 4764; x_wconf 85' lang='lat' dir='ltr'><strong>Macrine,</strong></span> <span class='ocrx_word' id='word_1_523' title='bbox 635 4699 701 4750; x_wconf 90' lang='lat' dir='ltr'><strong>diem</strong></span> <span class='ocrx_word' id='word_1_524' title='bbox 722 4715 825 4750; x_wconf 83' lang='lat' dir='ltr'><strong>numera</strong></span> <span class='ocrx_word' id='word_1_525' title='bbox 843 4702 946 4751; x_wconf 86' lang='lat' dir='ltr'><strong>meliore</strong></span> <span class='ocrx_word' id='word_1_526' title='bbox 964 4702 1071 4767; x_wconf 64' lang='lat' dir='ltr'><strong>lapillo)</strong></span> <span class='ocrx_word' id='word_1_527' title='bbox 1162 4705 1195 4753; x_wconf 77' lang='lat'><strong>22</strong></span> <span class='ocrx_word' id='word_1_528' title='bbox 1215 4705 1306 4756; x_wconf 79' lang='lat' dir='ltr'><strong>Glosrc</strong></span> <span class='ocrx_word' id='word_1_529' title='bbox 1323 4705 1419 4756; x_wconf 80' lang='lat' dir='ltr'><strong>codicis</strong></span> <span class='ocrx_word' id='word_1_530' title='bbox 1437 4704 1578 4755; x_wconf 78' lang='lat' dir='ltr'><strong>Beraeaats</strong></span> 
     </span>
     <span class='ocr_line' id='line_1_49' title="bbox 283 4765 1670 4836; baseline 0.004 -20"><span class='ocrx_word' id='word_1_531' title='bbox 283 4767 305 4830; x_wconf 77' lang='lat' dir='ltr'><strong>s.</strong></span> <span class='ocrx_word' id='word_1_532' title='bbox 323 4765 358 4816; x_wconf 68' lang='lat' dir='ltr'><strong>lb</strong></span> <span class='ocrx_word' id='word_1_533' title='bbox 375 4785 455 4834; x_wconf 79' lang='lat' dir='ltr'><strong>marg,</strong></span> <span class='ocrx_word' id='word_1_534' title='bbox 472 4769 532 4818; x_wconf 75' lang='lat' dir='ltr'><strong>sia:</strong></span> <span class='ocrx_word' id='word_1_535' title='bbox 561 4765 631 4818; x_wconf 85' lang='lat' dir='ltr'><strong>Ciuis</strong></span> <span class='ocrx_word' id='word_1_536' title='bbox 649 4769 737 4817; x_wconf 89' lang='lat' dir='ltr'><strong>iterum</strong></span> <span class='ocrx_word' id='word_1_537' title='bbox 757 4769 886 4833; x_wconf 84' lang='lat' dir='ltr'><strong>singulare</strong></span> <span class='ocrx_word' id='word_1_538' title='bbox 904 4780 954 4830; x_wconf 86' lang='lat' dir='ltr'><strong>est,</strong></span> <span class='ocrx_word' id='word_1_539' title='bbox 974 4771 1093 4833; x_wconf 82' lang='lat' dir='ltr'><strong>quamuis</strong></span> <span class='ocrx_word' id='word_1_540' title='bbox 1111 4771 1210 4836; x_wconf 83' lang='lat' dir='ltr'><strong>legatur</strong></span> <span class='ocrx_word' id='word_1_541' title='bbox 1227 4773 1253 4821; x_wconf 91' lang='lat' dir='ltr'><strong>in</strong></span> <span class='ocrx_word' id='word_1_542' title='bbox 1273 4773 1366 4822; x_wconf 85' lang='lat' dir='ltr'><strong>oratio:</strong></span> <span class='ocrx_word' id='word_1_543' title='bbox 1394 4771 1575 4824; x_wconf 78' lang='lat' dir='ltr'><strong>‘Nouendiaies</strong></span> <span class='ocrx_word' id='word_1_544' title='bbox 1669 4777 1670 4814; x_wconf 56' lang='lat' dir='ltr'><strong>i</strong></span> 
     </span>
     <span class='ocr_line' id='line_1_50' title="bbox 284 4831 1670 4918; baseline 0.002 -32"><span class='ocrx_word' id='word_1_545' title='bbox 284 4835 403 4887; x_wconf 80' lang='lat' dir='ltr'><strong>cineres’.</strong></span> <span class='ocrx_word' id='word_1_546' title='bbox 1669 4831 1670 4918; x_wconf 53' lang='lat' dir='ltr'><strong>l</strong></span> 
     </span>
    </p>
   </div>
   <div class='ocr_carea' id='block_1_6' title="bbox 0 0 1682 5574">
    <p class='ocr_par' dir='ltr' id='par_1_6' title="bbox 0 0 1682 5574">
     <span class='ocr_line' id='line_1_51' title="bbox 0 0 1682 5574; baseline 0 0"><span class='ocrx_word' id='word_1_547' title='bbox 0 0 1682 5574; x_wconf 95' lang='lat' dir='ltr'><strong> </strong></span> 
     </span>
    </p>
   </div>
  </div>
 </body>
</html>
