3352 5556
632 385 857 442 Pmscrtuue
1286 398 1404 455 cmxv

97 579 308 660 scrupulosus,
338 579 417 662 quod
444 579 519 660 lapis
541 579 671 642 calcatus
693 577 921 642 sollicitudinem
945 588 1037 641 creat.
1082 578 1131 640 Sic
1155 589 1184 642 et
1206 579 1403 660 scrupulosae

97 685 266 744 sententiae
289 699 395 760 magua
418 680 584 742 sollicitudo
607 680 774 752 atlbibetur,
799 691 831 742 ut
854 682 1000 742 enodetur
1023 685 1108 761 (aen—
1130 683 1221 760 com).
1267 731 1272 744 .

185 821 214 881 p.
242 799 270 872 1,
295 797 336 862 10
357 800 546 862 Enucleatlus
569 798 680 880 laen—J]
704 802 852 880 apertius,
876 809 1003 861 tractum
1027 807 1073 861 est
1095 818 1112 860 a
1135 801 1312 862 tenuissimo
1337 819 1402 862 cor·

97 906 155 964 tice
180 921 302 964 nucum.

183 1039 213 1100 p.
233 1019 282 1092 10,
301 1017 340 1082 15
363 1039 418 1081 nec
434 1020 567 1100 produci
588 1005 611 1081 Ᾰ
635 1004 664 1082 8.
688 1005 737 1102 l'.]
761 1021 823 1082 Hoc
839 1021 942 1096 sciant,
966 1022 1017 1101 qui
1033 1020 1145 1082 addunt
1167 1023 1255 1082 istam
1271 1020 1400 1102 liquidis.

185 1159 215 1218 p.
241 1139 291 1212 ll,
314 1137 452 1212 6·Quam
476 1139 554 1222 apud
577 1123 684 1200 tuot.
708 1139 759 1222 lb]
792 1139 848 1200 Sed
873 1159 930 1202 unu
954 1139 1158 1220 appellabatur
1182 1139 1400 1220 l-biturcod.).

185 1279 215 1340 p.
231 1255 284 1330 24,
301 1255 321 1320 9
336 1259 453 1339 Pytisso
475 1259 622 1338 quidam
645 1258 750 1319 uolunt
765 1258 950 1336 ‘frequenter
965 1263 1061 1339 spuo’,
1083 1259 1230 1338 quidam
1251 1259 1400 1340 ‘frequen
1451 1329 1452 1334 .

97 1373 142 1422 ter
174 1366 260 1443 poto’
285 1363 351 1422 siue
373 1366 489 1442 ‘potum
511 1359 640 1442 potando
663 1365 819 1422 consumo’
841 1379 893 1423 seu
917 1363 1046 1441 ‘saepius
1069 1359 1167 1422 blbo’:
1196 1360 1265 1422 inde
1293 1361 1402 1423 dicitur

96 1464 216 1544 pituita,
240 1463 318 1526 idest
339 1463 456 1544 flegma.

188 1586 217 1648 p.
240 1563 291 1638 32,
314 1566 335 1630 5
357 1566 438 1628 lnter
460 1585 492 1628 se
515 1566 609 1627 coisse
632 1553 715 1634 uiros
730 1564 764 1636 Q.
782 1562 831 1646 0.]
855 1563 982 1636 Quidam
1005 1565 1122 1628 codices
1145 1569 1235 1644 ‘que’,
1259 1565 1310 1628 sed
1335 1585 1396 1626 me·

95 1668 153 1730 lios
180 1671 236 1730 ‘ct'
259 1667 420 1730 secundum
445 1667 524 1729 lrunc
547 1674 576 1729 et
598 1667 785 1738 Seruium,
809 1667 898 1746 (lrnnc
920 1685 1039 1728 seruum
1062 1669 1146 1742 cod„
1174 1667 1218 1742 cs.
1242 1667 1330 1729 Sero.
1355 1670 1399 1728 ad

3 1789 4 1844 ι
102 1775 201 1846 Vero.
226 1773 300 1832 Aen.
322 1771 399 1841 XII,
425 1771 489 1848 709)
513 1779 545 1831 ut
567 1771 658 1830 uiros.
682 1788 705 1829 s.
730 1767 882 1848 liquescat.
927 1770 998 1830 Cum
1022 1769 1204 1849 apostrophe
1225 1768 1335 1832 dicitur
1350 1769 1399 1832 illa

98 1875 209 1952 ligura,
236 1892 310 1952 quac
333 1881 379 1933 est
398 1874 448 1944 ita,
471 1879 503 1932 ut
525 1879 554 1932 et
577 1871 681 1952 (utut)
706 1871 830 1940 ‘uitlen',
855 1870 930 1932 idest
951 1889 1017 1931 cum
1040 1873 1245 1937 conuersione.

189 2011 219 2071 p.
244 1987 295 2061 58,
317 1987 359 2052 23
383 1998 412 2052 ut
429 1989 539 2051 bonurn
555 1987 689 2070 animal]
718 1987 791 2051 Nam
808 1987 916 2050 animal
931 1989 1039 2052 animal
1055 1988 1201 2070 (animale)
1219 1997 1272 2062 est,
1296 2008 1399 2070 quam·

99 2111 195 2171 quam
220 2091 330 2154 bonum
353 2100 403 2152 aut
425 2089 535 2153 malum
563 2090 704 2162 addatur,
733 2110 791 2154 non
821 2093 1004 2153 consumitur
1032 2093 1178 2170 priuatam
1207 2092 1399 2156 substantiam

3 2233 4 2238 .
98 2195 220 2272 l-ciaml
238 2193 486 2274 singularitatem:
509 2201 539 2254 et
554 2193 715 2264 bominem,
732 2193 809 2272 quod
826 2203 871 2256 est
885 2193 1068 2256 substantiae
1084 2193 1203 2276 (-ciae),
1227 2203 1256 2257 et
1270 2205 1397 2276 poetam,

3 2279 4 2300 ³
99 2295 185 2378 quud
208 2306 255 2358 est
275 2295 430 2377 qualitatis,
454 2293 578 2356 ostendo
601 2295 704 2356 diceus
726 2294 914 2374 ‘virgilium

3 2399 4 2408 ἵ
190 2433 221 2495 p.
244 2411 295 2485 58,
317 2411 360 2476 26
381 2433 456 2495 quae
478 2413 647 2494 philosophi
670 2425 766 2478 atoma
789 2413 921 2496 uocant}
960 2415 1003 2478 td
1027 2425 1166 2478 neutrum
1188 2434 1297 2496 genus,
1320 2418 1400 2497 quod

3 2507 4 2548 3
98 2527 148 2580 est
179 2529 326 2587 atomum,
355 2535 388 2578 se
417 2517 533 2578 confert
560 2517 663 2578 dicens
692 2519 801 2597 ‘quae’.
847 2517 905 2586 Sed
935 2517 1001 2597 (que
1025 2517 1067 2598 se)
1096 2527 1213 2580 atomus
1235 2519 1400 2582 secundum

97 2620 275 2681 Seruium
304 2620 363 2694 (od
383 2621 449 2682 Ecl.
481 2620 539 2696 VI,
565 2623 617 2698 31)
646 2620 780 2681 feminini
807 2620 924 2698 generis
946 2627 1000 2681 est.
1044 2622 1139 2682 Atouri
1169 2621 1239 2682 dicti
1267 2630 1336 2683 sunt
1364 2640 1399 2682 eo

99 2721 185 2802 quod
207 2721 294 2802 τομῇ
317 2721 414 2802 (temo)
437 2720 516 2783 idest
537 2723 670 2784 sectione
693 2729 822 2784 careant.
868 2721 942 2784 Sunt
966 2723 1045 2784 euim
1069 2721 1211 2802 quaedam
1234 2725 1397 2785 minutissi-

98 2843 169 2884 mae
199 2831 298 2902 partes
327 2823 416 2894 adeo,
444 2832 477 2885 ut
504 2841 561 2884 nec
588 2825 671 2885 uisus
699 2824 740 2884 eis
768 2823 832 2886 dari
854 2824 962 2903 possit,
992 2841 1066 2903 quas
1088 2827 1174 2886 etiam
1199 2825 1399 2888 Lucretius

102 2923 290 3002 [lucrecluml
323 2927 454 2987 minores
482 2941 547 2988 esse
575 2925 646 2986 dicit
674 2924 732 2986 illis
754 2925 939 3010 corpusculis
962 2926 1073 3007 (cop—l,
1102 2945 1177 3008 quae
1207 2926 1345 2990 uidentur
1367 2930 1397 2988 iu

103 3027 198 3088 radiis
219 3026 290 3088 selis
311 3045 366 3106 per
388 3027 550 3090 fenestram
571 3027 686 3096 inlusis,
709 3028 754 3102 cf.
777 3028 865 3090 Sero.
889 3031 910 3090 l.
934 3031 955 3090 l.

191 3147 221 3210 p.
247 3125 314 3200 150,
340 3127 379 3192 13
401 3128 477 3194 fiber
499 3128 608 3191 animal
630 3128 706 3192 idest
729 3129 831 3193 bcuer.

191 3251 220 3312 p.
244 3227 315 3302 207,
342 3228 381 3292 10
402 3231 563 3294 Titinnius:
588 3231 659 3313 quid
681 3231 793 3313 rogas]
828 3231 964 3294 Fortasse
986 3234 1178 3296 concubitum
1200 3235 1333 3315 rogabat.

192 3351 220 3413 p.
243 3330 314 3402 221,
342 3332 380 3394 14
401 3334 474 3396 llien
490 3335 652 3404 testiculus,
670 3333 747 3396 unde
764 3333 937 3398 Plautus:
960 3335 1063 3414 glaber
1077 3345 1141 3399 erat
1156 3345 1302 3420 tamquam
1319 3340 1396 3401 rien.

190 3454 219 3516 p.
243 3431 313 3506 222,
335 3432 379 3497 20
399 3433 552 3516 Aduncae]
580 3437 641 3498 Vna
663 3454 732 3515 pars
754 3445 783 3498 et
804 3435 993 3516 interlegitur
1014 3457 1126 3500 cumae
1149 3439 1238 3520 l-ue).

190 3556 220 3618 p.
244 3533 315 3607 297,
340 3533 380 3599 16
402 3536 571 3619 Mnestheo]
601 3538 759 3600 Seruius
787 3537 881 3600 uoluit
909 3540 1114 3604 ‘Menestheo’
1138 3551 1260 3621 propter
1283 3554 1396 3604 rectam

105 3641 293 3701 scansionem
316 3641 404 3701 metri
427 3640 482 3715 (cs.
504 3639 591 3702 Seru.
616 3643 660 3702 ud
680 3643 755 3702 Aen.
776 3643 819 3711 Χ,
845 3646 923 3718 129).

185 3759 215 3819 p.
233 3737 305 3812 322,
323 3738 363 3802 19
385 3740 474 3802 Lelex
490 3743 636 3804 Graecum
653 3751 697 3804 est
712 3741 829 3804 Siculus
844 3761 921 3804 unus
944 3763 980 3805 ex
996 3743 1094 3805 Sicilia
1110 3751 1140 3804 et
1154 3744 1275 3806 forsitan
1293 3747 1397 3807 Graeci

105 3843 191 3905 aliam
217 3845 455 3906 terminationem
479 3841 588 3906 babent
608 3846 640 3904 in
662 3844 804 3905 leminlno
826 3863 937 3924 genere
959 3863 1050 3926 super
1073 3846 1139 3909 boc.

185 3965 216 4026 p.
240 3943 312 4016 418,
336 3943 356 4007 8
386 3942 533 4014 Quantum
561 3946 597 4007 ad
626 3965 713 4008 usum
741 3947 891 4010 iuniorum
921 3947 1123 4027 (lonicorum),
1152 3949 1229 4029 apud
1260 3951 1397 4030 antiquos

101 4047 213 4130 lupitcr
239 4047 326 4110 liuius
348 4047 488 4126 luppitris
510 4047 558 4108 uel
581 4046 719 4128 lupiteris
741 4050 803 4110 luit.

185 4170 217 4231 p.
240 4147 313 4221 438,
341 4149 379 4213 15
400 4149 486 4211 labor
507 4147 599 4232 uado]
628 4150 708 4211 llaec
730 4152 788 4212 duo
810 4153 989 4231 interposuit
1017 4154 1121 4214 tertiae
1142 4152 1234 4214 uerba
1257 4155 1397 4231 coniuga-

104 4254 192 4314 tiouis
214 4265 245 4314 et
268 4271 372 4314 eorum
388 4255 561 4332 composita,
584 4260 618 4313 ut
631 4270 724 4332 pauca
741 4255 827 4314 etiam
844 4253 975 4330 alterius,
998 4273 1086 4333 quam
1107 4257 1222 4334 primae
1245 4265 1274 4316 et
1288 4274 1395 4316 secun·

103 4355 156 4416 dae
178 4375 245 4418 esse
267 4357 299 4416 in
321 4355 536 4434 compositione
558 4372 618 4415 non
641 4356 782 4416 mutantia
804 4374 819 4416 a
843 4339 1031 4424 monstraret,

186 4478 215 4538 p.
239 4453 320 4527 438,
343 4452 385 4518 22
413 4453 565 4536 l’aclscer]
594 4473 696 4536 pacem
720 4456 807 4518 lario.
836 4458 1048 4536 ‘Depeciscor'
1077 4457 1157 4520 idem
1185 4459 1263 4536 quod
1292 4467 1323 4520 ct
1343 4478 1395 4540 pa·

104 4563 211 4630 necor,
236 4557 415 4640 quemquam
439 4558 558 4622 Scotti
581 4558 712 4620 tradant:
737 4559 920 4640 ‘depeciscor
943 4561 1123 4623 contrarium
1146 4563 1304 4640 paciscor'.

184 4681 215 4742 p.
240 4657 318 4730 488,
344 4656 384 4721 19
411 4659 490 4741 cleo]
519 4661 615 4731 socio,
647 4661 716 4721 inde
745 4661 838 4723 cliens
864 4663 976 4723 socius:
1004 4663 1048 4724 sic
1077 4663 1198 4724 Scotti
1226 4662 1289 4738 (cs.
1318 4681 1397 4740 quoe

102 4765 246 4828 uertens
267 4782 308 4824 ce
329 4765 431 4824 eodem
452 4761 558 4826 codice
576 4761 763 4824 Eiresidlcnsi
780 4762 944 4843 proposuit
959 4764 1068 4840 praef.
1083 4783 1115 4840 p.
1133 4765 1248 4826 XXIX
1261 4774 1323 4827 not.
1346 4772 1396 4826 109

102 4879 128 4932 rt
149 4869 189 4936 II.
213 4865 348 4932 Keilr'um
367 4883 473 4946 propr.
497 4867 626 4944 Ertonp.
655 4873 728 4926 rste
744 4884 781 4946 p.
804 4867 855 4930 IX
874 4870 951 4956 seq.)
