3352 5556
596 389 822 443 Puteolanus.
1212 403 1359 452 CLXXVII

148 599 176 659 p.
204 575 310 648 tuuc
331 586 364 640 ut
385 575 541 657 reliquias]
566 591 621 638 nec
643 577 801 638 dicendum
825 587 871 638 est
893 574 1080 656 belliquias’.
1125 575 1208 656 ipsae
1230 575 1358 657 syllabae

83 691 178 742 rectum
201 683 360 762 requirunt
382 681 527 750 ordinem,
552 683 584 742 ut
599 679 750 759 Thymber
772 679 912 760 (timber),
936 677 1015 742 unde
1038 679 1161 740 minime
1182 678 1290 741 dicitur
1305 697 1359 740 uo·

82 786 179 846 raiuus
202 783 389 864 ‘Thymbre'
415 783 558 862 (timbre),
587 781 639 843 sed
664 780 835 862 ‘Thymber’
860 779 1000 861 (timber).
1045 780 1165 842 Litteris
1188 798 1260 842 uero
1283 782 1358 842 acci·

82 885 140 946 tunt
158 887 229 946 tria:
254 903 363 948 nomen
385 885 478 962 figura
502 891 641 964 potestas,
666 881 775 961 quibus
797 885 820 942 si
837 883 972 944 ordinem
995 881 1160 954 subtrahas,
1183 891 1358 963 potestatem

82 987 132 1048 sine
151 987 245 1048 dubio
267 988 366 1050 aufers
388 985 516 1066 (aufert).
562 984 651 1046 Verbi
673 986 778 1063 gratia,
802 987 826 1046 si
849 1005 864 1046 r
887 993 954 1046 ante
976 1004 1005 1065 p,
1030 993 1059 1045 et
1073 983 1181 1046 deinde
1204 983 1359 1056 ascribas,

82 1091 184 1168 quando
210 1089 284 1152 uelis
307 1106 361 1168 pre
384 1088 459 1168 (pre)
484 1088 692 1168 pronuntiare,
716 1087 895 1148 elementum
920 1087 1031 1166 tigurar
1055 1104 1112 1146 non
1137 1095 1259 1155 sonant,
1282 1085 1360 1148 unde
1488 1101 1492 1118 ¹

83 1211 125 1252 neo
144 1194 344 1253 nominantur.
392 1190 484 1270 {gitur
507 1187 557 1252 tali
579 1188 668 1250 modo
691 1190 722 1249 ut
745 1187 948 1250 barbarismus
971 1207 1007 1249 ex
1022 1188 1225 1250 accidentibus
1247 1187 1359 1250 littera-

84 1313 135 1354 mm
157 1305 186 1356 et
211 1292 400 1374 syliabarum.

151 1417 177 1476 p.
200 1393 280 1464 245,
302 1391 343 1456 23
372 1395 472 1456 Necne
502 1415 556 1474 per
588 1391 805 1473 inductionem]
835 1391 912 1454 idest
940 1411 995 1472 per
1022 1390 1268 1472 subpositionem.
1313 1393 1361 1454 ln·

82 1499 166 1558 turbo
189 1498 310 1578 quidem
334 1498 364 1556 in
387 1515 486 1571 seusu,
510 1497 676 1576 suppositio
700 1513 772 1555 uero
797 1511 852 1573 per
874 1503 988 1556 rectum
1012 1493 1147 1565 ordinem
1170 1496 1199 1556 in
1223 1503 1360 1556 constru-

82 1603 173 1660 ctione.
221 1599 293 1660 Nam
316 1597 388 1659 illuri
413 1595 603 1677 virgilianum
625 1600 665 1658 ita
686 1596 869 1675 iungendum
887 1607 943 1658 est:
967 1599 1008 1657 ‘te
1031 1605 1128 1658 umen
1152 1615 1258 1659 nemus
1273 1616 1360 1659 omne

8 1707 10 1718 ’
81 1711 163 1772 canet,
186 1704 215 1762 si
237 1701 303 1780 quis
326 1700 399 1762 baec
421 1719 554 1780 quoqne,
579 1702 685 1780 siquis
707 1708 812 1780 captus
833 1717 935 1760 amore
959 1697 1060 1778 legat’.
1105 1699 1239 1761 Cicero
1262 1708 1360 1762 nmen

81 1803 201 1863 indubia
217 1821 260 1870 re,
276 1820 443 1882 quanquam
459 1811 492 1862 et·
504 1821 557 1881 per
572 1801 773 1862 inductionem
788 1800 948 1862 indicatiuo
963 1819 1035 1862 usus
1050 1809 1095 1862 est
1110 1801 1169 1875 (cs.
1181 1819 1217 1877 p.
1236 1809 1305 1877 246,
1315 1806 1359 1878 6).

150 1925 178 1985 p.
202 1901 276 1974 371,
298 1900 341 1966 20
368 1903 569 1985 Gradiensque
597 1903 667 1966 deas
689 1904 892 1983 supereminet
914 1899 1043 1983 omnes]
1079 1901 1222 1964 Similiter
1244 1907 1360 1984 ‘super-

8 1989 9 2080 ]
82 2008 178 2068 eminet
200 2005 340 2067 dimidio'
370 2007 511 2076 dicimus,
541 2004 659 2086 quando
680 2005 918 2085 ‘supereminet'
947 2022 1002 2083 pro
1029 2004 1175 2084 ‘superat’
1198 2006 1359 2085 accipitur;
1410 1995 1417 2004 ’

79 2108 144 2188 quoti
166 2115 269 2169 antem
291 2107 440 2168 interdum
463 2126 518 2188 pro
540 2107 597 2170 boc
619 2108 791 2188 accipiatur,
815 2105 892 2186 apud
908 2104 1108 2185 Virgilium
1130 2105 1232 2169 claret.

151 2208 277 2271 couno
291 2228 327 2286 p.
354 2217 410 2269 152
430 2237 472 2260 =
494 2212 554 2272 not.
578 2210 600 2270 I
612 2227 648 2285 p.
673 2217 722 2286 11,
748 2218 785 2270 5:
811 2208 995 2288 Quamquam
1024 2209 1136 2286 antiqui
1158 2209 1359 2271 Romanorum

8 2351 9 2384 ι
78 2311 171 2372 Aeolus
201 2319 360 2392 sequentes
386 2311 400 2371 i
424 2309 489 2373 loco
517 2310 706 2390 aspirationis
733 2309 900 2388 ponebant,
931 2316 964 2370 ut
990 2310 1025 2371 tis
1053 2329 1107 2391 pru
1131 2310 1178 2372 bis
1200 2312 1267 2391 (pru
1290 2312 1358 2392 uis).

8 2427 9 2436 ³
79 2411 258 2475 Etmaxime
286 2431 351 2474 cum
380 2424 563 2476 consonante
591 2411 768 2475 recusabant
796 2431 862 2472 eam
895 2413 1104 2491 aspirationem
1137 2413 1290 2492 proferre,
1326 2421 1360 2474 ut

77 2515 184 2592 pbilius.

148 2637 178 2698 p.
202 2613 275 2686 202,
299 2613 338 2678 18
360 2615 443 2677 Vnde
464 2623 604 2678 accentus
631 2635 750 2698 quoque
773 2635 839 2677 cum
863 2624 997 2696 tempore
1021 2615 1168 2696 mutatur]
1195 2626 1228 2678 ut
1251 2617 1359 2678 ‘italia'

78 2719 133 2789 [iter
158 2717 247 2800 alia),
278 2720 347 2798 quia
381 2721 408 2779 si
434 2735 451 2778 a
480 2726 557 2780 esset
584 2717 721 2798 tongum,
748 2718 912 2780 secundum
940 2718 1123 2781 Graecorum
1152 2721 1359 2788 auctoritatem

76 2818 148 2882 ltalia
170 2819 303 2900 (italiam)
326 2820 502 2882 diceremus.

154 2925 227 2984 Vol.
250 2921 541 3000 IIp.ttt,13uel
564 2922 733 2984 nominibus
755 2939 780 2984 v.
805 2918 847 3004 p]
874 2921 1101 2984 Proueminibus
1123 2925 1275 3003 quidam
1297 2944 1359 2985 co·

75 3023 168 3084 dices
199 3043 261 3085 nou
288 3023 399 3086 babent
427 3023 563 3105 (abent),
599 3027 665 3105 quia
701 3027 854 3086 uocatiuus
887 3026 1072 3104 pronominis
1105 3042 1158 3104 per
1188 3043 1220 3086 se
1253 3025 1358 3106 plenus

8 3177 10 3200 ‚
74 3135 205 3188 nonest.

8 3219 10 3242 ⁵
148 3249 177 3308 p.
205 3225 325 3298 107,8
353 3229 396 3290 bb
424 3227 499 3289 urbe
527 3227 569 3308 c.]
605 3229 667 3290 Hoc
695 3227 791 3290 sulum
818 3227 987 3308 exemptum
1014 3226 1182 3308 (exemplo)
1211 3231 1355 3301 firmatur,

74 3330 143 3390 unde
165 3337 291 3410 putatur
314 3347 377 3391 esse
400 3328 577 3391 Sallustii
599 3330 752 3410 praedicto
775 3329 919 3412 exemplo.

148 3452 178 3513 p.
208 3429 278 3503 135,
301 3431 320 3493 t
343 3449 404 3509 seq.
435 3430 507 3493 itenr
530 3433 659 3512 speciale
682 3433 794 3513 absque
816 3431 948 3511 generali
973 3431 1121 3513 (specialia
1136 3432 1248 3512 absque
1268 3451 1376 3512 gene.

75 3534 158 3613 raba),
182 3555 260 3616 quae
283 3537 370 3596 etiam
393 3538 423 3596 in
448 3537 542 3614 prima
565 3536 741 3597 formatione
765 3535 905 3596 diuinitus
927 3536 1010 3614 quasi
1026 3535 1147 3614 propria
1163 3534 1262 3597 babita
1278 3545 1356 3606 sunt,

74 3640 174 3718 quippe
200 3656 268 3698 curn
292 3635 405 3714 singula
429 3645 614 3698 crearentur.
658 3637 701 3697 Ex
724 3636 779 3697 boc
802 3635 869 3697 loco
892 3643 1147 3714 argumentantur,
1174 3637 1357 3700 Priscianum

74 3738 298 3802 tinistianitatis
327 3739 439 3816 (crist)
468 3740 598 3800 tenuisse
626 3736 818 3817 religionem,
847 3757 915 3800 cum
944 3747 1042 3798 tamen
1065 3747 1196 3806 constet,
1228 3758 1358 3819 paganus

74 3859 183 3920 quoque
209 3842 341 3902 diuinam
365 3849 493 3902 mentem
516 3841 594 3902 louis
616 3843 765 3920 accepisse
788 3841 901 3921 (sem),
926 3841 1088 3903 Mineruam
1111 3839 1195 3902 dcam
1218 3841 1360 3904 uidelicet

74 3945 188 4014 artium.
214 3963 291 4026 quae
314 3963 348 4006 ex
372 3947 468 4024 capite
490 3943 572 4006 louis
594 3945 715 4022 tingitur
737 3951 907 4021 procreata.
931 3945 998 4021 quia
1015 3961 1103 4004 omne
1123 3945 1274 4022 ingenium
1289 3963 1357 4005 sen·

74 4048 144 4108 suala
168 4051 252 4108 iuxta
276 4047 450 4126 partitiones
473 4047 611 4124 (-ciones)
635 4044 837 4106 membrorum
859 4046 989 4125 poeticas
1011 4045 1042 4105 in
1066 4044 1190 4107 cerebro
1213 4055 1266 4109 est.

148 4167 177 4228 p.
206 4147 277 4218 150,
304 4145 343 4208 16
366 4149 427 4208 Vna
451 4147 614 4226 eademque
638 4166 665 4207 u.
689 4147 727 4226 s]
757 4145 837 4208 Ordo
861 4155 919 4208 est:
948 4147 1024 4208 idest
1053 4147 1130 4224 quod
1158 4147 1248 4209 babet
1270 4165 1357 4209 unam

76 4255 144 4327 tuna)
158 4249 327 4328 eademque
343 4265 417 4310 uoce
432 4248 657 4327 significandum
674 4247 885 4330 (significanda)
903 4249 1183 4310 demonstrationem
1201 4251 1356 4328 t-cionem)

76 4355 99 4410 nt
118 4371 141 4413 r.
165 4373 194 4415 a.
220 4370 247 4412 c.
271 4371 296 4414 s.
334 4349 385 4412 Est
408 4360 505 4412 autern
527 4349 776 4429 ‘significandum’
799 4351 924 4430 gerundi
943 4351 1040 4412 modo.
1085 4349 1237 4422 Quidam
1260 4362 1358 4414 tamen

76 4453 320 4533 ‘significandum'
344 4451 567 4533 participialiter
589 4453 748 4533 accipiunt.

148 4575 179 4637 p.
207 4553 279 4625 151,
305 4555 321 4616 l
346 4551 423 4617 Satis
445 4552 670 4635 necessarium]
706 4553 786 4617 Ordo
808 4553 967 4617 uerborum
990 4556 1155 4635 permixtus
1177 4564 1230 4626 cst,
1252 4558 1294 4618 sic
1317 4565 1360 4619 ta·

78 4675 134 4718 nan
157 4660 310 4736 iungitur:
335 4659 402 4737 quia
426 4655 497 4736 (qui)
521 4657 600 4718 enim
623 4658 756 4718 cernitur
777 4659 925 4736 Augustus
947 4656 1010 4738 (aut
1031 4659 1087 4738 tus)
1117 4676 1172 4738 per
1197 4675 1361 4739 pronomen

77 4757 137 4822 ‘tric'
159 4761 236 4822 satis
259 4759 457 4822 necessarium
488 4777 559 4820 usus
587 4768 631 4819 cst
653 4758 906 4820 demonstratione
929 4759 1181 4841 (demonstrem),
1210 4779 1285 4842 quae
1308 4779 1360 4824 no·

79 4863 146 4921 niue
169 4864 190 4923 i.
217 4879 248 4922 n.
272 4879 304 4940 p.
326 4861 391 4939 (qua
414 4881 429 4924 a
454 4861 540 4922 nome
564 4861 583 4921 i.
609 4879 637 4920 ιι.
661 4861 709 4942 p).

142 4961 244 5003 unauna.
256 4969 311 5002 naa.
324 4959 405 5007 Sanan.
869 5021 872 5026 Ι
1135 4983 1161 5018 m
