3316 5566
295 337 356 405 130
809 339 876 393 nes
894 340 1071 394 suenrus

291 538 362 613 aput
389 530 509 593 Latinos
537 526 595 603 dos
624 531 654 590 in
683 529 729 590 dis
756 538 938 592 conuertunt
959 541 988 591 et
1011 531 1117 592 tertiae
1145 529 1350 592 declinationis
1373 539 1454 600 sunt,
1475 537 1505 590 ut
1526 523 1574 590 Oi·

291 630 413 705 δίπους
444 632 506 693 τοῦ
541 627 722 702 Οἰδίποδος
750 631 797 692 bio
826 632 959 714 Oedipus
987 632 1074 694 lruius
1103 631 1278 711 Oedipodis,
1308 634 1351 692 sic
1380 626 1574 710 Μελάμπους

291 733 354 795 τοῦ
376 730 606 814 Μελάμποδος
628 731 676 794 bic
698 733 862 813 Melampus
885 733 973 796 buius
995 732 1199 814 Melampodis.

375 836 536 914 llucusque
565 835 786 896 Priscianus
819 835 856 896 de
889 843 993 916 quarta
1021 835 1220 898 declinatione
1249 837 1303 897 ista
1332 834 1474 898 disseruit
1498 844 1525 894 et
1547 837 1574 896 io

290 938 392 1016 regerla
422 946 545 1020 quartae
574 936 780 999 declinationis
808 939 896 999 etiam
920 936 968 998 illa
993 939 1111 1000 nomina
1134 939 1164 1000 in
1187 956 1222 999 us
1245 938 1425 1011 desinentia,
1453 955 1524 1024 quap
1543 935 1593 995 aas

290 1039 452 1100 secundam
480 1039 528 1101 uel
557 1040 592 1100 ad
622 1041 738 1100 tertiam
768 1037 995 1100 declinationem
1019 1041 1168 1119 pertinere
1191 1039 1315 1110 debent,
1343 1039 1480 1102 ostendit
1521 1037 1574 1098 lloe

253 1221 255 1225 ι
290 1150 388 1203 autem
411 1141 553 1203 adnotare
576 1140 732 1212 debemus,
764 1141 842 1221 quod
865 1140 978 1203 nullum
1003 1159 1110 1204 nomen
1133 1149 1255 1222 quartae
1278 1142 1484 1204 declinationis
1504 1157 1573 1200 corn·

290 1262 379 1306 mnne
408 1244 535 1306 duorum
564 1240 612 1304 uel
641 1244 729 1304 bium
752 1261 895 1322 generum
919 1252 969 1303 aut
992 1245 1193 1322 promiscuum
1216 1241 1265 1306 nel
1287 1245 1436 1306 incertum
1458 1241 1574 1303 inueniri

289 1355 399 1426 potest,
429 1363 485 1407 neo
513 1353 652 1406 neutrum
681 1343 774 1406 ullum
804 1363 913 1407 nomen
942 1346 972 1405 in
1001 1361 1037 1406 us
1064 1354 1185 1424 quartae
1207 1343 1429 1414 declinationis.
1458 1345 1513 1406 nisi
1536 1359 1573 1410 ea,

288 1451 416 1529 quaein
440 1468 458 1509 u
482 1449 690 1514 terminantur,
721 1463 775 1507 nee
803 1446 924 1508 mobilia
954 1449 1033 1508 inter
1062 1446 1120 1507 duo
1148 1455 1200 1508 aut
1220 1449 1274 1508 tria
1298 1465 1408 1526 genera
1431 1449 1462 1506 in
1485 1451 1574 1524 quarta
1586 1458 1603 1494 n

288 1550 490 1612 declinatione
514 1550 644 1611 inueniri
666 1557 807 1628 possunt,
831 1551 888 1609 nisi
911 1549 1032 1610 sicinina
1054 1551 1220 1629 participiis
1243 1547 1365 1616 similia,
1389 1567 1467 1626 quae
1490 1557 1575 1608 tamen

288 1654 343 1714 llxa
373 1661 402 1713 et
431 1653 516 1713 fortia
545 1659 627 1722 sunt,
656 1649 774 1728 qnando
803 1659 927 1728 quartae
956 1649 1164 1712 declinationis
1191 1651 1316 1720 luerint,
1346 1649 1466 1730 quando
1489 1657 1574 1711 anatem

285 1757 445 1835 participia
476 1752 594 1816 mobilia
624 1761 706 1822 sunt,
741 1753 806 1812 sine
835 1751 925 1814 dubio
953 1753 1103 1814 secundae
1134 1750 1342 1814 declinationis
1379 1753 1485 1840 dunt*
1511 1751 1575 1811 liena

286 1859 363 1917 scire
385 1855 492 1916 debes:
514 1857 544 1917 in
570 1853 740 1916 nominibus
755 1863 878 1932 quartae
901 1854 1107 1916 declinationis
1128 1863 1179 1915 aut
1201 1853 1314 1917 nullum
1337 1863 1387 1914 aut
1410 1870 1480 1914 raro
1502 1855 1575 1913 inue-

286 1961 350 2021 nies
372 1975 483 2019 nomeu
506 1955 684 2018 aduerbium
707 1974 723 2016 a
745 1973 777 2017 se
801 1955 920 2018 iaciens.
1587 1964 1605 2002 1⁵

371 2093 497 2164 Quintae
520 2091 727 2154 declinationis
750 2093 868 2152 nomina
892 2101 963 2172 quot
991 2112 1101 2172 genera
1123 2093 1233 2154 babent
1255 2101 1285 2154 et
1307 2099 1378 2170 quot
1401 2093 1575 2154 terminatio·

285 2215 339 2257 nes
362 2204 391 2255 et
413 2203 485 2274 eyuot
507 2193 676 2255 terminales
698 2193 831 2256 litteras?
859 2192 964 2255 Omnia
989 2195 1106 2255 nomina
1129 2195 1251 2274 quintae
1273 2192 1481 2255 declinationis
1497 2211 1575 2254 unam

285 2299 526 2359 terminationem
550 2293 661 2355 babere
684 2295 833 2364 uidentur,
858 2295 915 2357 hoc
939 2304 983 2356 est
1005 2315 1050 2365 es,
1082 2305 1110 2358 et
1132 2315 1219 2358 unam
1244 2294 1373 2357 litteram
1397 2294 1574 2357 terminalem

284 2419 311 2467 s,
337 2407 366 2459 et
390 2415 479 2458 unnm
504 2415 612 2476 genus,
636 2396 693 2458 boc
717 2405 762 2458 est
784 2397 969 2458 femininum.
1016 2397 1119 2460 Omnia
1144 2399 1222 2458 enim
1245 2399 1365 2458 nomina
1388 2398 1510 2475 quintae
1531 2397 1576 2456 de·

284 2499 450 2561 clinationis
473 2498 614 2559 feminina
639 2506 709 2559 sunt
730 2499 759 2559 in
782 2517 815 2559 es
836 2499 1011 2578 productam
1035 2499 1213 2568 desinentia,
1237 2511 1361 2579 excepto
1378 2517 1437 2560 uno
1453 2499 1606 2571 nomine,tt

289 2600 368 2682 quod
390 2602 497 2661 incerti
521 2601 641 2678 generis
663 2617 728 2661 esse
751 2599 867 2671 dicitur,
892 2607 925 2664 nt
946 2600 995 2661 bic
1017 2609 1047 2663 et
1067 2600 1142 2661 baec
1164 2601 1242 2672 dies,
1271 2599 1322 2662 sed
1345 2601 1376 2662 in
1399 2599 1507 2680 plurali
1529 2619 1576 2660 nu·

287 2722 370 2764 mero
393 2701 552 2762 masculini
575 2703 708 2779 generis
737 2703 774 2762 de
797 2721 856 2782 quo
881 2702 999 2763 nomine
1021 2710 1123 2782 postea
1147 2701 1280 2764 dicemus
1303 2711 1391 2763 etex
1414 2721 1449 2763 eo
1472 2721 1575 2781 conpo·

284 2807 372 2866 situm
395 2822 487 2866 unum
512 2802 721 2873 mascnlinum,
752 2812 783 2864 nt
812 2805 859 2864 laic
883 2805 1022 2864 meridies
1045 2803 1133 2866 buius
1154 2803 1298 2865 meridiei.
1345 2804 1386 2864 lle
1409 2803 1463 2866 bac
1487 2813 1575 2865 autem

283 2909 386 2989 quinta
409 2905 605 2968 declinatione
629 2905 806 2967 Claudius
833 2907 873 2968 ita
897 2908 1083 2985 pronuntiat:
1121 2905 1279 2978 Quintae
1308 2904 1576 2967 declinationis

284 3010 431 3070 nomina
460 3016 562 3077 sunt,
592 3026 745 3088 qnorum
774 3009 976 3086 genetibus
1005 3006 1213 3086 singularis
1240 3009 1276 3067 in
1302 3007 1336 3066 ei
1360 3006 1515 3076 desinit,
1543 3013 1606 3066 οῑῑἦ

284 3113 374 3174 baec
407 3112 556 3192 species
586 3109 697 3170 buius
730 3111 891 3187 speciei:
927 3109 1038 3172 buius
1075 3111 1340 3182 nominatiuus¹
1368 3107 1577 3170 huiusmodi

283 3233 432 3294 semper
468 3211 696 3291 producitur
733 3212 767 3270 iu
804 3211 934 3272 ultima
966 3210 1122 3293 syllaba,
1154 3222 1192 3273 ut
1226 3211 1315 3272 bace
1338 3213 1444 3272 acies
1472 3211 1577 3272 buius

284 3318 389 3378 aciei.
435 3315 518 3376 Hanc
546 3311 681 3374 nonnulli
705 3314 852 3390 quintam,
883 3311 1016 3374 nonnulli
1040 3314 1258 3375 circumflexam
1281 3316 1447 3374 nominant.
1493 3311 1578 3374 Nobis

284 3427 382 3479 tamen
405 3418 507 3497 quinta
531 3413 723 3495 adprobanda
746 3420 790 3476 est
812 3423 937 3496 propter
959 3415 1093 3476 ordinem
1111 3424 1140 3476 et
1156 3433 1312 3476 numerum
1327 3414 1485 3483 uenalium,
1508 3432 1577 3494 qnae

283 3529 353 3579 sunt
374 3519 522 3598 quinque,
552 3536 567 3576 a
592 3515 699 3595 quibus
721 3515 856 3577 ordinem
880 3527 1060 3596 acceperunt
1084 3520 1214 3598 quinque
1238 3515 1463 3578 declinationes.
1508 3517 1608 3576 trema

283 3619 503 3681 Priscianus
537 3617 622 3680 dicit:
657 3619 772 3696 ‘quinta
802 3617 958 3682 declinatio
986 3618 1076 3680 babet
1104 3638 1191 3680 unam
1221 3619 1461 3679 terminationem
1490 3621 1522 3678 in
1548 3635 1578 3676 es

282 3721 473 3800 productam,
497 3721 581 3782 carius
603 3721 759 3798 geneliuus
783 3723 812 3781 in
837 3723 864 3781 ei
887 3721 996 3782 diuisas
1019 3720 1146 3800 syllabas
1168 3721 1291 3796 desinit,
1315 3728 1347 3780 ut
1369 3719 1417 3782 bic
1440 3717 1577 3780 meridies

284 3822 373 3882 liuius
395 3821 560 3882 meridiei’.
602 3821 729 3893 Quintae
752 3821 958 3884 declinationis
980 3841 1056 3903 quae
1079 3832 1123 3885 est
1145 3821 1274 3901 agnitio?
1308 3821 1388 3883 llaec
1411 3829 1469 3882 cst:
1499 3821 1578 3881 cuins

283 3925 483 3986 nominatione
507 3934 535 3984 et
558 3925 713 3984 uocatiuus
735 3924 892 4003 singularis
915 3933 944 3985 et
967 3925 1165 3986 nonrinatiuus
1181 3932 1211 3985 et
1225 3925 1420 3986 accusativus
1442 3929 1471 3984 et
1495 3939 1578 3984 uoca-

283 4029 362 4087 tiuus
385 4024 508 4106 pluralis
530 4027 561 4086 in
585 4045 616 4086 es
639 4025 816 4105 productam
838 4045 956 4106 semper
979 4025 1132 4094 desinunt,
1155 4033 1189 4086 ut
1210 4025 1284 4086 baec
1306 4025 1397 4086 iacies
1411 4031 1443 4086 et
1457 4043 1475 4084 ο
1490 4023 1609 4084 taurese

282 4137 312 4190 et
335 4129 390 4189 bae
413 4129 503 4188 iacies
526 4133 555 4188 et
577 4127 631 4188 bas
654 4128 744 4190 iacies
767 4137 796 4190 et
818 4147 835 4190 o
858 4129 963 4198 iacies;
987 4129 1144 4207 genetiuus
1166 4134 1264 4189 autem
1288 4136 1317 4189 et
1339 4127 1456 4189 datiuus
1478 4128 1575 4205 singu·

282 4229 353 4292 laris
381 4231 501 4308 quintae
532 4227 739 4291 declinationis
765 4231 796 4290 in
825 4231 853 4291 ei
880 4230 991 4292 diuisas
1024 4227 1151 4310 syllabas
1180 4231 1395 4299 terminantur,
1430 4239 1462 4291 ut
1493 4229 1577 4290 buius

286 4349 514 4358 ffl—
1219 4344 1233 4376 P

352 4419 364 4466 1
385 4415 479 4465 latinns
532 4425 560 4464 nt
578 4405 673 4480 ydyyto
693 4404 800 4479 yclrnius
819 4411 1029 4480 oyAy't‘l'OAOC
1049 4416 1088 4466 bic
1105 4427 1130 4467 et
1147 4433 1197 4484 pns
1215 4415 1293 4466 lanius
1311 4416 1445 4484 codipodie
1510 4416 1576 4466 Psic

281 4485 423 4549 melampos
442 4484 518 4533 liniam
537 4484 706 4550 melampodis
725 4483 766 4533 bio
782 4484 924 4562 melampus
943 4483 1019 4535 hanins
1037 4485 1206 4551 melampodis
1269 4484 1412 4534 ddeseruit
1462 4485 1576 4548 bquaraa

281 4553 447 4601 dates-tiam
517 4553 665 4603 Birrnenire
734 4554 814 4602 aneo
831 4567 892 4601 nram
912 4551 989 4602 rrllnm
1058 4553 1227 4604 declinatione
1314 4555 1345 4603 11
1364 4553 1479 4603 irruenire
1546 4551 1576 4600 ld

281 4620 361 4681 quod,
380 4628 420 4670 ter
491 4623 521 4671 19
539 4633 564 4670 ct
581 4636 658 4671 arnerrn
677 4635 761 4686 geraus
780 4631 804 4670 et
822 4635 900 4670 renum
918 4635 1001 4686 geraus
1052 4623 1085 4672 22
1103 4623 1206 4671 riornina
1259 4618 1361 4686 postea]
1380 4621 1575 4685 rs.p.133,12

281 4687 315 4744 94
333 4685 465 4752 Claudius]
487 4689 545 4737 Non
563 4697 637 4738 catat
654 4690 694 4738 dic
710 4691 780 4739 leena
797 4690 823 4738 in
841 4689 952 4740 editione
974 4689 1172 4742 Vindobonenri.
1240 4689 1349 4740 dicimus
1424 4691 1458 4741 23
1476 4687 1576 4738 meridie

281 4755 315 4802 Pl
334 4753 364 4801 be
382 4755 449 4802 acies
518 4757 549 4805 at
569 4753 726 4820 Priscianus]
745 4757 779 4818 rs.
798 4757 829 4805 de
847 4758 943 4806 nomine
962 4763 1010 4807 ete.
1027 4775 1054 4822 p.
1069 4760 1129 4821 447,
1143 4759 1189 4812 16,·
1207 4759 1268 4820 448,
1280 4761 1318 4807 33
1364 4759 1574 4816 terminationem,

281 4837 329 4874 om.
349 4822 374 4869 in
443 4823 476 4870 33
494 4825 537 4883 qni
555 4835 593 4872 est
661 4825 695 4873 at
713 4833 738 4874 et
753 4826 915 4872 scenendune
933 4840 980 4876 om.
1049 4828 1082 4875 35
1100 4826 1227 4875 desinient
1295 4825 1328 4875 aa
1345 4835 1371 4873 et
1388 4823 1449 4890 lans]
1470 4837 1496 4876 at
1513 4841 1541 4874 es
