3346 5558
596 375 838 430 untuutrrcr.
1328 369 1371 435 49

159 567 387 644 coniugationes
409 564 570 626 uerborum
592 571 662 625 sunt
685 571 760 632 tres,
788 563 866 624 idest
887 581 920 624 as
936 565 1023 631 esis,
1047 579 1123 641 quae
1146 571 1245 623 tamen
1268 579 1373 623 omnes

80 669 106 726 in
133 667 277 728 secundae
306 684 451 745 personae
481 653 678 727 declinatione
701 666 900 746 requirendae
921 671 998 726 sunt.
1044 664 1086 726 lle
1108 663 1216 745 quibos
1239 665 1263 725 si
1286 683 1318 725 as
1341 666 1371 725 in

81 769 221 830 secundae
255 787 399 847 personae
430 770 587 830 terminata
615 768 705 829 luerit
732 767 946 836 declinatione.
980 767 1107 846 primam
1136 785 1202 828 esse
1231 767 1371 844 coniuga-

81 873 183 930 tionem
217 873 354 940 noueris,
384 871 408 931 si
438 889 470 930 cs
497 871 527 930 in
557 869 690 931 eiusdem
718 867 856 930 similiter
882 887 1030 948 personae
1058 869 1151 930 luerit
1173 867 1374 929 declinatione

61 974 170 1040 sinite,
200 973 361 1034 secundam
392 972 631 1050 coniugationem
665 989 730 1032 osse
759 987 915 1048 cognosco.
961 971 992 1030 Si
1020 973 1047 1032 is
1074 987 1192 1050 quoque
1220 969 1250 1032 in
1280 971 1374 1049 ipsius

83 1091 218 1150 personae
250 1071 448 1134 declinatione
478 1073 558 1134 linita
587 1074 691 1142 luerit.
727 1076 843 1134 tertiam
875 1074 1113 1151 coniugationem
1143 1070 1281 1133 similiter
1311 1088 1374 1132 esse

84 1193 134 1234 rton
162 1174 287 1236 dubites.
333 1174 390 1236 Sed
420 1183 448 1234 et
476 1177 502 1236 si
532 1171 685 1252 quodlibet
713 1173 840 1236 uerbum
862 1173 917 1236 sub
941 1177 1055 1254 primae
1077 1192 1222 1254 personae
1244 1171 1374 1234 declina·

85 1277 154 1334 tione
181 1277 381 1354 interrogatus
409 1275 519 1347 lucris,
549 1284 657 1355 quotae
685 1277 903 1355 coniugationis
925 1295 991 1338 esse
1013 1275 1135 1346 debeat,
1167 1283 1198 1338 tu
1222 1275 1258 1337 ad
1281 1272 1374 1336 decli-

86 1381 223 1438 nationem
258 1376 407 1438 secundae
441 1395 585 1456 personae
614 1376 708 1438 debes
741 1377 918 1447 adtendere,
953 1377 1004 1438 ubi
1026 1395 1145 1439 omnem
1169 1377 1302 1438 eiusdem
1330 1377 1375 1436 rei

59 1495 75 1528 n
86 1479 211 1540 ordinem
236 1479 369 1559 praelata
393 1481 505 1558 poteris
528 1477 737 1560 explanatione
759 1498 950 1558 cognoscere.

160 1579 256 1642 Verba
280 1587 378 1642 autern
403 1583 517 1660 primae
540 1581 758 1659 coniugationis
781 1581 854 1643 baec
876 1590 959 1643 sunt:
983 1583 1083 1642 ieiuno
1107 1601 1160 1643 oro
1183 1579 1274 1660 nigilo
1290 1597 1376 1658 prae·

86 1683 143 1742 dico
173 1680 307 1762 supplico
340 1683 517 1742 commendo
547 1684 667 1744 insinuo
696 1681 763 1744 uolo
793 1682 829 1744 de
858 1682 958 1745 uolatu
987 1682 1074 1744 laudo
1104 1683 1172 1745 leuo
1199 1682 1269 1744 lauo
1297 1682 1376 1743 dono

86 1783 197 1844 aedifico
220 1791 292 1846 noto
315 1792 384 1844 nato
406 1802 494 1864 spero
516 1793 562 1844 sto
585 1783 705 1845 ambulo
728 1783 842 1846 lubrico
863 1783 962 1846 iudico
985 1784 1084 1864 flagito
1106 1803 1173 1846 amo
1189 1802 1264 1845 uoco
1280 1782 1376 1844 exalto

87 1885 175 1944 erulto
207 1882 320 1945 insulto
353 1893 437 1945 ructo
471 1884 604 1964 persulto
639 1903 772 1964 prouoco
805 1886 916 1965 derogo
945 1886 1057 1964 adrogo
1085 1901 1216 1966 prorogo
1239 1881 1376 1963 'subrogo

62 2001 78 2037 u
89 2005 219 2066 exaspera
252 1985 348 2047 clamo
381 1985 516 2048 declamo
549 1987 658 2049 inclino
692 1985 802 2066 capulo
834 1987 984 2048 iollammo
1017 1985 1133 2066 llagello
1164 1989 1271 2064 sagitto
1302 1984 1377 2046 duro

90 2105 230 2148 murmuro
246 2105 347 2168 pugno
368 2105 487 2168 supero.
527 2087 633 2150 Omnia
656 2088 729 2150 baec
752 2089 844 2151 uerba
868 2091 898 2150 in
922 2091 979 2152 dne
1002 2089 1210 2150 declinationis
1231 2103 1378 2168 personae

89 2189 223 2250 secundae
246 2207 277 2250 as
295 2188 404 2250 babent
426 2197 456 2250 et
478 2190 544 2251 ideo
566 2191 680 2270 primae
703 2193 919 2271 coniugatiouis
942 2198 1026 2259 sunt,
1052 2199 1081 2253 et
1103 2207 1306 2272 quaecumque
1329 2187 1377 2249 bis

89 2289 182 2350 similia
206 2291 326 2360 luerint,
350 2293 463 2372 primae
486 2293 703 2371 coniugationis
718 2300 816 2354 eruut.

164 2390 256 2452 Verba
288 2401 385 2453 autem
413 2395 634 2471 coniugationis
662 2395 809 2456 secundae
837 2395 911 2458 hacc
940 2405 1022 2457 sunt:
1057 2395 1147 2457 uideo
1173 2395 1266 2457 doceo
1296 2391 1378 2454 calco

66 2509 184 2553 amoueo
211 2491 293 2554 soleo
322 2493 432 2574 impleo
456 2495 566 2556 suadeo
589 2495 714 2575 conpleo
736 2497 825 2558 sedeo
848 2499 930 2558 iaceo
954 2514 1034 2575 egeo.
1080 2497 1159 2558 llaec
1183 2499 1261 2557 enim
1286 2493 1378 2556 uerba

93 2611 120 2652 es
143 2592 248 2656 babent
269 2598 301 2656 io
325 2597 382 2658 ime
404 2596 614 2658 declinationis
638 2615 782 2677 personae
805 2598 952 2658 secundae
976 2607 1005 2658 et
1026 2596 1092 2659 ideo
1116 2597 1265 2660 secundae
1289 2594 1379 2656 decli·

21 2715 22 2718 ¹
91 2697 206 2758 nationis
234 2705 320 2768 sunt,
350 2707 379 2758 et
405 2717 608 2780 quaecumque
643 2698 690 2758 bis
723 2698 830 2761 similia
860 2700 986 2770 luerint,
1021 2699 1168 2760 secundae
1196 2699 1379 2777 coniugatio-

91 2797 131 2856 nls
150 2807 240 2860 erunt.

166 2899 282 2962 Tertiae
305 2909 403 2962 autem
426 2902 643 2980 coniugationis
666 2902 757 2964 uerba
782 2903 855 2965 baec
878 2911 963 2964 sunt:
987 2901 1054 2980 lego
1077 2923 1113 2962 eo
1136 2902 1182 2962 aio
1205 2918 1279 2980 cogo
1303 2901 1380 2962 clueo

68 2999 160 3060 slacio
190 3020 279 3063 curro
311 3001 380 3064 uolo
408 3002 445 3064 de
475 3001 626 3065 uoluntate
654 3021 709 3082 ago
736 3005 848 3083 aspicio
876 3006 965 3066 iuruo
993 3001 1104 3082 inpello
1132 3000 1278 3081 compello
1307 3001 1379 3063 bibo

94 3100 158 3160 uado
180 3101 263 3162 trabo
285 3110 366 3183 peto.
411 3103 489 3164 llaec
513 3105 591 3166 enirn
616 3104 707 3166 uerba
731 3109 830 3168 omnia
854 3109 880 3167 is
903 3105 1013 3166 babent
1036 3107 1066 3165 in
1090 3106 1148 3166 linc
1171 3102 1381 3166 declinationis

94 3219 222 3278 personae
250 3205 398 3266 secundae
421 3214 451 3266 et
472 3206 540 3267 ideo
568 3209 672 3270 tertiae
701 3209 921 3285 coniugationis
944 3215 1030 3277 sunt,
1055 3214 1084 3268 et
1107 3223 1311 3286 quaecumque
1335 3205 1380 3265 bis

95 3304 188 3366 similia
208 3307 334 3376 luerint,
359 3309 462 3369 tertiae
485 3309 700 3387 coniugationis
723 3319 821 3370 erunt.

167 3407 279 3468 Genera
298 3407 474 3478 uerborum,
492 3429 566 3491 quac
583 3419 612 3472 et
626 3411 857 3488 significationes
873 3411 1023 3480 dicuntur,
1040 3418 1109 3471 sunt
1124 3412 1267 3488 quinque,
1284 3411 1378 3470 actiua

74 3510 196 3582 spassina
219 3517 323 3571 neutra
346 3510 525 3590 deponentia
549 3514 726 3574 communia.
765 3513 866 3573 lictiua
890 3520 968 3582 sunt,
992 3529 1066 3590 quae
1088 3513 1118 3571 in
1136 3529 1153 3568 ο
1168 3508 1295 3572 litteram
1320 3517 1380 3570 ter·

29 3657 30 3664 ,
100 3609 229 3672 ninantur
258 3622 288 3672 et
315 3620 436 3690 accepta
459 3629 474 3671 r
497 3612 591 3674 littera
622 3614 734 3676 iaciunt
760 3632 796 3674 err
826 3633 859 3674 se
886 3615 1020 3693 passiua,
1051 3620 1083 3673 ut
1108 3613 1174 3673 dico
1198 3611 1282 3673 dicor
1305 3611 1381 3672 duco

100 3707 176 3772 ducor
198 3723 283 3790 porto
306 3722 411 3793 portor
432 3714 597 3791 consrinpo
619 3716 792 3792 eonfringor
814 3717 903 3774 laedo
925 3713 1035 3775 laedor.
1074 3713 1194 3774 Passiua
1216 3721 1285 3773 sunt
1306 3729 1381 3790 quac

100 3810 120 3870 in
139 3831 154 3873 r
173 3813 300 3875 litteram
330 3815 527 3876 terminantur
556 3823 586 3876 et
615 3835 648 3877 ea
671 3815 786 3878 sublata
809 3815 938 3878 redeunt
959 3817 988 3876 in
1012 3817 1124 3888 antina,
1152 3822 1186 3878 ttt
1208 3814 1293 3876 dicor
1314 3814 1382 3877 dico

103 3943 310 3959 ⁸5——

151 4033 165 4084 2
185 4033 287 4086 Verbo:
305 4035 337 4084 de
355 4035 449 4096 quibus
467 4061 499 4070 -
519 4035 548 4084 ll
570 4035 654 4084 Verbo
673 4045 758 4084 autem
776 4051 822 4086 om.
842 4031 868 4082 B
946 4037 961 4088 'l
979 4034 1025 4084 sed
1044 4033 1094 4087 etsl
1113 4031 1146 4100 A]
1166 4035 1225 4084 An:
1243 4035 1282 4084 sic
1299 4044 1324 4084 et
1336 4035 1381 4109 pil

105 4097 336 4168 toepunoumem
356 4108 377 4150 A
448 4103 708 4152 11Verosentntt
755 4115 782 4152 ut
800 4103 885 4152 ieiuno
905 4116 950 4152 oro
969 4103 1076 4168 praedio
1095 4101 1179 4167 uigelo
1198 4102 1297 4168 castigo
1317 4116 1381 4168 rogo

104 4171 202 4234 suppleto
220 4171 373 4220 commendo
393 4173 477 4220 omnio
496 4171 558 4220 lutee
578 4169 760 4224 uerbaeto.B
813 4171 916 4236 predico
934 4173 957 4220 Α
1028 4172 1058 4220 16
1076 4169 1295 4220 deolioacionisli
1350 4171 1381 4220 l‘l

104 4238 244 4288 tasiliabom
263 4237 284 4288 B
337 4240 525 4304 coniugationia
544 4251 605 4288 sunt
622 4238 685 4290 hoec
704 4251 728 4288 et
746 4237 785 4288 bis
804 4237 898 4287 similia
916 4253 1092 4302 quaecumque
1110 4238 1207 4304 primae
1225 4238 1381 4302 coniugatio-

106 4303 236 4357 uissuntB
309 4309 340 4357 lii
360 4306 444 4356 Verbo
462 4308 570 4357 enimA
623 4307 750 4358 secundae
768 4305 998 4371 coniugationisB
1052 4321 1079 4356 ot
1097 4307 1176 4356 doceo
1195 4304 1266 4356 soleo
1286 4305 1381 4370 impleo

106 4367 157 4434 tirso
172 4389 263 4426 moneo
281 4373 370 4424 lerueo
388 4374 458 4424 caleo
478 4389 567 4424 maneo
588 4375 675 4425 uideor
694 4375 790 4426 soardeo
814 4377 891 4424 sedeo
908 4389 972 4440 egeo
992 4376 1062 4425 iaceo
1081 4373 1143 4424 haec
1163 4373 1238 4423 uerba
1258 4389 1285 4422 es
1303 4374 1381 4438 sylla·

107 4433 178 4510 btuB
246 4444 279 4492 21
302 4441 403 4492 Verbo:
423 4453 447 4492 et
465 4443 522 4492 ideo
540 4469 572 4479 -
590 4443 781 4508 coniugationis
801 4451 874 4493 erunt
891 4459 939 4496 om.
958 4441 978 4490 B
1065 4444 1098 4492 24
1115 4442 1199 4492 Verba
1218 4451 1302 4490 nutem
1320 4457 1382 4490 con-

107 4511 219 4570 tunsionis
242 4509 375 4561 terciaeB
427 4520 456 4560 ut
479 4511 536 4576 lego
559 4512 617 4562 dieo
637 4512 739 4577 aspicio
762 4510 827 4562 lucio
851 4524 925 4560 curro
949 4508 1050 4559 conlido
1073 4509 1136 4558 haec
1159 4510 1244 4558 omnio
1263 4509 1341 4558 uerba
1359 4511 1382 4560 is

107 4575 205 4632 sitiebam
222 4577 355 4629 babentB
423 4579 457 4629 26
474 4577 526 4628 libo
545 4581 568 4628 A
619 4581 651 4630 27
670 4579 799 4630 terciaeB
852 4593 1028 4642 quaecumque
1045 4578 1085 4627 bis
1105 4577 1198 4628 similia
1217 4577 1317 4639 suotB‚
1335 4595 1382 4630 oro.

109 4647 254 4698 ttettertiee
271 4646 461 4712 coniugationis
479 4657 560 4697 erunt.
664 4650 697 4698 30
715 4648 861 4698 communia
882 4647 1035 4712 deponentia
1061 4645 1102 4694 ΑΒ
1164 4647 1247 4696 ectiuo
1267 4645 1382 4696 uerboB

109 4715 273 4766 tuaeotittt
342 4715 375 4766 82
393 4713 776 4781 portoreonlringorledord
829 4714 978 4780 confringor
995 4713 1066 4763 ledor
1083 4713 1169 4764 oncll
1221 4714 1384 4776 quaerlitt.

109 4769 122 4820 Β
168 4785 198 4834 33
216 4782 389 4900 ιεοιοὲοοοιΒΒ
434 4782 573 4833 rediuntli
626 4793 653 4832 ut
670 4783 743 4834 dicor
760 4785 825 4833 duco
843 4793 933 4850 portor
951 4792 1026 4847 porto
1047 4783 1064 4828 Α
1087 4791 1115 4830 ut
1131 4781 1202 4832 dicor
1219 4782 1276 4832 dico
1296 4793 1385 4849 portor

110 4853 161 4902 torto
176 4851 254 4900 ducor
291 4864 337 4899 uco

127 4924 203 4974 im.
216 4943 268 4976 ur.
281 4932 365 4974 suren.
1163 4937 1180 4986 4
