3352 5556
283 394 392 448 cmv
801 379 850 432 DE
869 379 1055 440 nunwnno

279 583 364 638 recte
386 572 477 647 uidit,
502 571 537 634 ill
554 569 627 646 fieri
648 572 840 632 nullomodo
857 589 956 650 posse,
981 581 1014 634 ul
1034 571 1116 648 inde,
1141 576 1223 650 quoa
1240 568 1273 635 in
1288 573 1355 637 coti.
1373 571 1465 637 Bern.
1488 579 1582 639 semel

280 681 326 756 (p.
353 683 418 750 tot,
446 675 493 754 25)
516 673 664 752 scriplum
690 672 731 734 sil
752 673 918 750 ‘olomuz
949 676 1007 736 hoc
1033 675 1131 751 ipsum
1158 675 1224 737 eius
1249 673 1446 753 qiammattci
1470 697 1580 741 nomen

275 779 375 854 [tuuc
397 778 609 852 concludatur,
634 774 707 852 quia
729 776 844 838 unates
864 775 940 838 locis
961 775 1033 838 aliis
1055 779 1101 854 (p.
1127 784 1191 850 107,
1216 785 1265 838 tl.
1283 785 1332 854 28)
1356 777 1468 841 diserte
1490 783 1580 843 ‘Fla-

279 881 405 944 uianus’
432 883 545 955 leqttur
571 887 601 938 et
627 876 660 938 in
688 876 824 940 omnihus
850 877 977 956 insuper
1001 877 1287 955 qrammaticormn.
1317 889 1460 957 quotquot
1480 885 1518 943 ete
1539 901 1582 943 eu

277 1001 313 1046 re
334 989 453 1050 entant,
476 979 640 1057 excerptis.
686 980 790 1055 lleque
810 989 910 1042 tamen
932 979 1052 1053 cautu
1080 980 1155 1058 quin
1181 1000 1293 1044 reuera
1316 982 1446 1045 Flauius
1468 971 1580 1045 Chari-

277 1086 343 1148 sius
363 1084 585 1158 intelleqendus
606 1079 655 1156 sit,
679 1079 766 1142 cuius
787 1098 892 1142 nomen
914 1085 964 1143 uel
986 1091 1148 1159 temporum
1170 1081 1290 1145 iniuria
1310 1086 1361 1144 nel
1381 1093 1415 1146 nt
1437 1104 1580 1162 conqrna

279 1189 430 1266 quaedam
454 1182 674 1246 notissimorum
697 1181 730 1245 in
759 1184 849 1245 retus
874 1182 1086 1259 qrammuticis
1113 1183 1264 1246 nominum
1285 1187 1487 1248 consonantia
1502 1207 1579 1264 per-

275 1295 434 1364 ficeretur,
462 1285 494 1347 in
525 1283 673 1346 Flauiani
696 1285 831 1359 formam
859 1303 920 1346 non
947 1284 1046 1348 minus
1066 1288 1216 1348 detortum
1237 1295 1295 1358 est,
1323 1305 1412 1365 quarn
1441 1290 1580 1352 Marini

286 1388 458 1466 Victorini,
492 1405 577 1464 quern
607 1385 834 1449 Maximianum
861 1386 957 1450 medii
983 1387 1055 1450 aeui
1081 1389 1215 1450 homines
1243 1392 1449 1467 appellauere.
1496 1392 1582 1464 (tuna

280 1495 363 1570 quoa
383 1511 444 1554 non
466 1493 559 1552 sunm
574 1487 756 1551 maanus
772 1488 849 1550 artis
869 1489 1095 1565 qrammolicae
1116 1498 1209 1568 captu
1230 1499 1322 1568 atquc
1337 1483 1496 1571 princeps,
1521 1498 1581 1554 sed

280 1591 477 1656 l'ominianus
492 1609 619 1671 quoquc,
646 1589 855 1661 Terentianus,
880 1592 1131 1668 Fortunatianus,
1157 1591 1356 1669 Papirianus‚
1377 1594 1574 1670 Valerianus,

283 1696 438 1769 lulianus,
468 1693 588 1769 reliqua
609 1693 877 1771 qrammaticorum
898 1695 1007 1757 cohors
1028 1697 1150 1770 eadem,
1182 1702 1215 1756 ut
1237 1695 1294 1756 hoc
1321 1697 1469 1758 uacohlo
1490 1707 1577 1768 alar,

282 1797 435 1862 rtotttinnm
451 1796 617 1875 parilitate
636 1798 794 1871 quatient?
837 1796 960 1873 Itaque,
990 1796 1019 1858 si
1045 1796 1099 1859 illo
1120 1796 1198 1858 artis
1220 1797 1384 1860 Bernensis
1406 1816 1579 1878 anonymae

283 1905 350 1964 loco
371 1902 406 1962 oh
429 1896 576 1961 ‘Claudii’
598 1897 874 1973 nominissormam
890 1897 1065 1961 ‘Flauiani’
1088 1916 1194 1960 nomen
1209 1917 1229 1959 a
1243 1897 1374 1962 librario
1387 1899 1420 1962 in
1443 1899 1576 1962 ‘Flauii‘

278 2007 410 2080 qianam
432 2008 578 2062 mutatum
601 2008 654 2075 est,
678 2019 736 2062 cur
757 2019 818 2063 non
840 2000 921 2064 idem
942 1999 1014 2062 olim
1025 2001 1144 2076 sactum
1159 2019 1221 2063 esse
1234 1983 1410 2077 statuamus,
1434 2012 1467 2064 ut
1489 2004 1576 2064 ‘Fla-

281 2105 360 2168 uius’
383 2107 419 2166 oh
442 2099 640 2164 ‘Geminiani’
662 2101 843 2179 praesertim
872 2101 1003 2164 nominis
1019 2102 1282 2180 propinquitatem
1305 2102 1338 2164 in
1362 2103 1576 2166 ‘Flauianum’

279 2201 462 2287 ct¹tlerel?*)
509 2202 589 2276 Quia
609 2208 731 2266 aman?
775 2207 854 2267 Num
868 2203 948 2268 illud
961 2223 1078 2282 quoque
1091 2203 1227 2281 coqilari
1241 2212 1353 2282 potest,
1376 2205 1574 2276 Flauianum,

279 2327 363 2384 quern
388 2307 553 2368 Muellerus
575 2305 665 2380 quasi
685 2324 764 2368 traua
791 2307 923 2383 quodam
950 2308 1110 2384 splendore
1136 2305 1355 2382 circumstetit,
1385 2307 1477 2370 Pauli
1499 2307 1575 2368 hiu-

278 2409 349 2472 coni
375 2406 554 2485 maqistrum
582 2417 690 2470 octauo
722 2411 844 2471 saeculo
872 2407 1021 2470 uiuentem
1053 2407 1136 2470 inter
1161 2407 1344 2471 scholiorum
1374 2409 1575 2472 Bernensium

278 2521 417 2574 auctores
437 2508 539 2587 recipi
558 2508 713 2586 potuisse?
756 2509 850 2587 Atqui
877 2519 958 2572 recte
986 2509 1104 2572 lleitius
1131 2508 1285 2585 scholion,
1315 2512 1400 2586 quoa
1418 2513 1511 2573 hahes
1532 2516 1578 2572 aa

283 2615 345 2674 h'cl.
377 2615 428 2682 VI,
454 2619 508 2672 62:
532 2602 663 2674 ‘muscus
683 2631 790 2674 namen
812 2614 924 2674 hahae
945 2612 1099 2675 nascentis
1119 2611 1152 2674 in
1181 2611 1297 2674 cortice
1318 2615 1367 2675 uel
1387 2612 1421 2676 in
1439 2613 1575 2692 pariete,

279 2724 311 2778 ut
332 2713 505 2776 Flauianus
525 2712 583 2776 ait’
607 2716 650 2776 ad
671 2713 843 2778 charisium
868 2719 909 2792 (p.
928 2722 975 2789 32,
995 2719 1027 2791 3)
1048 2712 1168 2776 rettulit
1189 2715 1292 2776 Herm.
1315 2717 1338 2776 l.
1361 2717 1382 2776 l.
1427 2716 1505 2776 llam
1520 2715 1577 2792 qni

279 2827 308 2878 et
330 2817 396 2894 ipse
417 2815 451 2878 in
473 2814 597 2878 scholiis
618 2817 824 2880 Bernensihus
844 2820 993 2880 laudatur
1014 2819 1112 2894 Asper
1132 2815 1368 2896 qrammaticus,
1391 2834 1574 2894 quamquam

278 2923 370 2982 multo
391 2917 572 2980 recentioris
599 2917 731 2995 oriqinis
753 2929 815 2998 est,
843 2926 944 2980 tumen
972 2927 1059 2981 secto
1085 2936 1152 2980 eum
1175 2927 1247 2996 pasl
1276 2917 1426 2981 Christian
1452 2922 1576 2981 sacerdo

277 3023 361 3084 ltauet
381 3023 474 3082 multa
496 3020 694 3082 recentiorem
712 3020 813 3096 snuse
833 3019 1132 3082 cathalaunensis
1149 3027 1204 3080 ott
1225 3028 1255 3081 et
1274 3029 1421 3082 uetustate
1434 3029 1464 3082 et
1477 3020 1573 3082 inter-

274 3121 432 3202 palatione
445 3126 653 3197 conhmulnr,
673 3124 718 3197 cs.
735 3140 830 3200 aspro
841 3141 874 3200 p.
891 3124 983 3184 LXX
983 3125 1023 3212 {Y-
1061 3125 1137 3192 Iane,
1161 3131 1194 3184 nl
1209 3121 1354 3200 omittam,
1372 3141 1487 3201 parum
1503 3133 1576 3200 apte

278 3245 340 3288 una
361 3243 428 3287 cum
452 3223 581 3286 Claudio
601 3223 636 3286 in
658 3241 693 3285 re
711 3223 899 3301 qruuissima
920 3228 941 3286 l.
962 3228 983 3287 l.
1008 3225 1194 3286 Flauianum
1215 3224 1331 3286 saeculi
1352 3224 1456 3287 octani
1475 3223 1572 3286 leomi-

278 3347 352 3396 nem,
376 3344 434 3403 quo
455 3330 521 3389 laco
543 3325 737 3388 Priscionum
759 3329 865 3388 saltem
888 3325 1051 3398 nominari,
1074 3325 1103 3388 si
1124 3325 1327 3402 antiquiorem
1348 3331 1450 3406 nollet,
1472 3345 1493 3386 a
1508 3330 1571 3388 col-

276 3434 388 3492 lectore
411 3430 577 3505 oportebat,
601 3437 860 3491 commemoratum
879 3429 968 3508 fore,
997 3437 1083 3490 tanta
1104 3437 1148 3490 est
1170 3428 1306 3491 omnihus
1328 3438 1471 3505 quotquot
1492 3431 1572 3490 Flu—

281 3530 370 3594 uiani
391 3529 513 3592 nomine
533 3538 641 3592 extant
662 3529 739 3593 locis
752 3549 819 3592 cnm
833 3529 974 3592 Charisia
989 3529 1143 3605 odfin-itas,
1168 3540 1200 3592 ut
1220 3549 1259 3592 ne
1280 3550 1357 3594 unus
1379 3529 1500 3608 quaem
1520 3532 1573 3591 ho-

279 3635 329 3696 aie
350 3631 390 3694 sit
411 3632 569 3708 inuentus,
601 3631 673 3707 quin
700 3640 755 3694 aut
781 3634 887 3694 eadem
916 3640 971 3694 aul
996 3631 1154 3694 stmattma
1182 3640 1263 3694 certe
1290 3635 1377 3710 apua
1398 3631 1572 3695 charisium
1660 3711 1661 3716 ἵ

277 3735 476 3814 reperiantur
497 3735 592 3797 aicta.
637 3737 704 3796 Hae
725 3752 784 3812 qua
806 3733 912 3796 melius
933 3733 1138 3810 intelleqntnr‚
1163 3733 1236 3796 istos
1249 3737 1339 3807 lacos,
1362 3753 1436 3811 quas
1449 3733 1573 3810 quidem

276 3837 423 3907 anaema,
445 3837 535 3911 infra
552 3853 727 3914 proponam
750 3855 859 3913 omnes,
883 3855 1009 3913 quorum
1032 3853 1156 3898 numero
1172 3844 1244 3914 past
1264 3836 1362 3899 Keilii
1388 3835 1573 3914 disputatio-

277 3960 343 4003 nem
366 3942 469 4002 Herm.
492 3943 514 4002 l.
538 3943 558 4003 l.
582 3938 698 4016 aliquot
721 3937 794 4001 noni
815 3947 1025 4002 accesserunt:

276 4097 297 4157 I
310 4095 369 4156 Ars
383 4111 535 4172 anonyma
550 4092 715 4154 Bernensis
724 4109 759 4168 p.
776 4099 840 4166 lot,
858 4099 911 4152 28:
1086 4090 1244 4154 Charisius
1259 4111 1295 4170 p.
1322 4100 1370 4167 25,
1396 4099 1427 4154 t:

320 4213 540 4292 Quinquaginta
574 4220 671 4274 aulem
706 4211 782 4274 dune
810 4212 910 4272 termi·
980 4209 1149 4273 Eiieruntur
1164 4219 1262 4272 nutem
1278 4210 1382 4272 ordine
1395 4210 1571 4273 litterarum

278 4318 411 4378 nationes
427 4312 589 4376 secundum
612 4312 831 4375 Flauianum
854 4312 910 4376 hae
937 4315 994 4374 sic:
1025 4331 1078 4393 per
1107 4331 1123 4374 a
1153 4312 1180 4374 ai
1203 4331 1239 4373 nn
1262 4331 1315 4375 ons
1337 4331 1370 4374 or
1391 4331 1445 4374 urs
1466 4330 1499 4375 as
1521 4331 1571 4384 ax,

280 4437 320 4444 “““
687 4433 703 4466 0

344 4499 372 4566 *)
391 4499 453 4551 Nsun
472 4500 534 4564 hoc,
557 4502 626 4565 quod
644 4501 706 4551 mihi
724 4501 861 4565 aliquando
880 4501 905 4551 in
924 4511 1033 4551 mentem
1051 4501 1135 4564 uenit,
1157 4515 1216 4550 aum
1234 4515 1286 4550 non
1304 4499 1427 4564 habeam,
1450 4514 1502 4562 quo
1520 4513 1570 4565 po-

275 4572 401 4621 tissimum
429 4581 580 4634 argumento
599 4585 631 4619 ex
649 4569 788 4620 litterarum
814 4569 923 4620 historin
946 4570 1026 4635 petito
1049 4567 1197 4632 defendam,
1227 4570 1289 4618 sutis
1316 4567 1432 4618 modeste
1453 4567 1570 4632 eloquar,

276 4639 424 4690 Maximiani
442 4647 467 4687 et
485 4637 599 4688 Flauiani
620 4639 764 4688 nominibus
787 4637 897 4688 insusse
921 4653 971 4688 non
995 4638 1067 4702 ipsos
1086 4635 1190 4686 Maximi
1210 4637 1334 4686 Victorini
1353 4646 1378 4686 et
1397 4635 1477 4685 Flauii
1495 4633 1571 4684 Sosi-

274 4709 341 4772 pntri
355 4706 462 4756 Citarisii
482 4706 560 4756 libros
578 4705 718 4756 intellectos
736 4705 827 4766 fuisse,
845 4707 891 4755 sed
910 4704 1084 4755 tantummodo
1103 4704 1297 4770 discipulorum,
1317 4703 1479 4766 quintorum
1498 4703 1572 4754 niro-

243 4797 246 4802 ·
274 4791 330 4824 snm
349 4775 462 4824 doctrina
481 4775 561 4824 inbuti
579 4774 689 4824 tuissent
706 4788 845 4838 eorumque
863 4776 973 4839 scriptu.
992 4783 1020 4822 ut
1037 4787 1084 4838 par
1102 4782 1168 4832 erut,
1187 4783 1214 4822 et
1225 4771 1392 4822 describenda
1410 4783 1527 4821 curarent
1544 4785 1572 4822 et

275 4845 329 4892 sois
348 4843 488 4893 niiorutnuo
507 4844 616 4893 inuentis
636 4843 800 4910 adaugerent.
836 4841 886 4892 Sed
909 4843 971 4891 husa
990 4852 1017 4890 ιιι
1035 4841 1110 4890 nimis
1134 4842 1228 4892 tacens
1246 4841 1363 4906 quaestio
1382 4842 1406 4890 in
1425 4840 1510 4890 niedio
1529 4856 1572 4894 re-

275 4913 412 4976 linquente
430 4925 477 4960 est.
