3354 5580
505 379 652 432 conrors
671 379 874 432 susannem
892 383 934 432 aa.
1308 379 1368 444 185

74 565 270 628 ‘Altiuillsre’
297 566 443 647 appellas,
473 587 540 628 curn
564 569 589 628 si
612 575 799 630 constructor
826 569 890 629 eius
920 585 1027 630 nomen
1056 567 1211 630 habuisset
1239 567 1366 637 ‘Altus’,

75 676 143 730 tune
165 667 351 730 solummodo
373 676 474 748 posset
495 671 534 730 ita
558 670 674 739 uocari,
702 677 735 730 ut
758 668 843 742 uerbi
864 672 957 748 gratia
982 670 1079 730 ‘mons
1101 667 1243 731 Biduini’.
1281 669 1366 732 Nunc

75 777 171 830 antem
193 771 218 831 si
240 771 343 851 nequit
364 770 404 831 ita
427 772 543 840 uocari,
566 772 643 832 siout
659 772 869 832 monasterinm
884 772 1021 850 ‘Magnus
1038 770 1144 833 Locus'
1161 770 1366 850 ‘llagniloeus'

76 873 175 951 nequit
196 872 374 951 nuncupari,
399 871 451 932 sed
475 875 500 933 si
523 872 642 952 decepit
664 883 691 933 te
715 875 934 935 ‘centimanus’
958 872 1192 935 ‘celsithronus’
1216 871 1366 933 ‘altitlrro

52 977 150 1042 ⁵nns'‚
173 973 242 1034 uide
265 973 383 1036 tandem
407 973 579 1054 aliquando,
603 975 682 1055 qnod
706 974 783 1036 ‘alti’
804 975 901 1037 ‘celsi'
925 983 954 1035 et
977 976 1079 1036 ‘senti'
1102 993 1160 1036 non
1184 983 1254 1036 sunt
1276 993 1366 1053 gene·

76 1077 139 1144 tini,
162 1077 213 1136 sed
237 1076 398 1136 aecusatini
556 1124 563 1137 .
583 1124 590 1138 .
610 1124 616 1138 .
639 1074 840 1139 ‘altithronus'
865 1074 1088 1137 ‘celsithronus’
1112 1073 1203 1138 altum
1228 1076 1365 1137 thronum

75 1176 184 1240 habens
207 1186 238 1239 et
259 1176 370 1238 celsum
394 1176 533 1238 thronum
557 1177 684 1248 liabens,
710 1186 739 1238 et
754 1179 965 1239 ‘centimanus’
988 1185 1107 1238 centnm
1124 1195 1227 1238 manus
1242 1157 1366 1238 liabens.

76 1277 142 1337 ldeo
170 1297 242 1340 sane
271 1277 330 1339 dixi
353 1280 466 1338 ‘eenti'
490 1299 554 1340 esse
577 1281 792 1352 aecusatiuum‚
823 1282 891 1359 quia
921 1282 986 1341 eins
1014 1278 1132 1340 uidetur
1155 1279 1251 1340 ollioto
1275 1280 1366 1358 iungi,

76 1380 148 1440 sirnt
183 1379 416 1461 ‘pennipoteus'
454 1388 483 1441 et
527 1383 747 1464 ‘armipotens'
793 1380 913 1442 ablatini
949 1381 997 1443 uel
1035 1383 1129 1460 magis
1171 1383 1301 1460 genetiui
1338 1388 1365 1441 et

47 1494 65 1532 ¹⁰
78 1481 250 1560 armigeri&

166 1685 207 1762 tl.
226 1681 312 1768 70'‘p'l
337 1685 488 1748 ‘Perinde’
513 1689 634 1765 ponitur
656 1689 790 1749 usitatius
812 1705 866 1765 pro
889 1690 1085 1767 ‘propterea’‚
1108 1685 1159 1747 sed
1174 1705 1262 1766 saepe
1279 1705 1364 1765 rope·

78 1786 146 1846 ritur
169 1805 225 1866 pro
244 1787 420 1856 ‘similiter',
438 1787 485 1850 uel
509 1790 583 1858 ‘ita',
608 1791 696 1850 utin
720 1788 869 1866 dialogo
892 1788 1023 1849 Seueri
1047 1788 1089 1848 de
1111 1788 1364 1853 Postumiana:

75 1888 249 1965 ‘perinde
272 1899 382 1970 atquo
405 1908 472 1969 ego
495 1890 705 1970 triumphat
726 1889 890 1968 gaudio'.
1315 1886 1318 1891 ’

157 2123 169 2206 l}
187 2126 207 2186 l.
225 2123 281 2188 71·
310 2192 311 2204 ¹
337 2123 487 2188 interdum
511 2128 547 2188 ab
570 2128 740 2190 auctoribus
762 2125 911 2190 dillrcilior
932 2126 1030 2205 glossa
1061 2129 1187 2204 ponitur,
1218 2146 1305 2209 quam
1328 2128 1367 2187 sit

48 2245 66 2280 n
79 2227 169 2304 ipsum
193 2229 272 2307 quod
295 2232 464 2309 exponitur,
488 2239 522 2291 ut
544 2230 800 2310 llieronyruus:
831 2232 986 2290 ‘terrenus
1008 2229 1085 2290 idost
1107 2227 1250 2290 olroleus!
1294 2227 1364 2290 Tale
1400 2213 1406 2225 ⁶

79 2337 118 2387 est
139 2337 168 2388 et
190 2328 260 2389 illud
285 2330 472 2394 Prisciani
496 2334 525 2392 in
548 2333 783 2413 praepositione:
815 2332 912 2412 ‘prae’
935 2333 1055 2410 ponitur
1079 2349 1133 2409 pro
1156 2329 1228 2407 ‘ab',
1252 2337 1298 2392 ut:
1323 2331 1367 2391 ‘tit

78 2430 178 2491 misera
207 2449 279 2511 prae
308 2437 437 2503 amore',
465 2433 544 2495 idest
565 2431 602 2492 ab
625 2451 741 2502 amore,
763 2429 776 2516 ΙΙ
792 2434 811 2494 l.
830 2429 890 2494 71¹³
911 2427 924 2516 l}
944 2431 996 2493 ubi
1018 2434 1042 2493 si
1065 2440 1235 2512 quaeratur,
1267 2440 1365 2493 utrum

79 2548 165 2592 neone
193 2533 250 2592 diei
279 2536 373 2612 possit
398 2532 453 2595 alia
481 2537 718 2596 construetione:
747 2537 826 2596 ‘est’
855 2533 903 2594 nel
930 2535 1005 2594 ‘luit
1028 2535 1135 2594 misera
1158 2551 1230 2612 prae
1253 2551 1364 2602 amore,

78 2632 147 2692 idest
167 2631 204 2694 ab
226 2637 350 2705 amore’,
382 2636 429 2696 uel
451 2653 555 2696 omnes
577 2634 624 2696 uel
648 2646 729 2697 certe
752 2655 846 2716 paene
869 2655 973 2697 omnes
995 2635 1146 2714 negabunt
1173 2654 1276 2715 posse,
1306 2655 1365 2696 non

48 2740 168 2796 atamen
196 2737 269 2806 rite;
299 2739 344 2799 sio
371 2755 498 2818 namque
526 2744 674 2818 potestat
698 2738 797 2800 dicere
820 2747 848 2800 te
872 2735 995 2799 etillnd
1026 2738 1112 2798 etiarn
1142 2737 1199 2798 diei
1228 2746 1367 2818 potuerat

79 2834 258 2914 regulariter.

154 3041 271 3103 ‘Sedes’
295 3041 470 3105 adnerlrinm
493 3062 551 3105 non
576 3045 724 3124 signifieat
746 3043 933 3115 ‘sodaliter',
956 3043 1008 3104 sed
1031 3041 1205 3104 odoerbium
1230 3050 1276 3104 est
1297 3061 1365 3123 pre·

80 3143 217 3214 ratiunm,
242 3152 275 3204 ut
295 3143 366 3205 illud
391 3147 538 3208 Auiani:

223 3245 302 3314 Dio,
326 3246 450 3317 sodes,
474 3247 645 3325 quidnam
670 3247 819 3327 trepido
842 3245 912 3308 tibi
937 3245 1074 3308 retulit
1095 3265 1194 3308 ursa.

50 3343 137 3404 u‘So’
159 3346 299 3408 uidelicet
320 3347 479 3426 producta,
504 3369 570 3410 oum
595 3351 633 3410 sit
655 3351 684 3409 in
706 3350 824 3412 ‘sodali'
847 3359 994 3429 correpta.

155 3447 236 3510 later
257 3447 493 3512 ‘abrenuntiare'
516 3459 545 3512 et
568 3453 766 3513 ‘renuntiare'
790 3451 847 3512 lroo
871 3453 1004 3520 interest,
1028 3451 1106 3529 qtrod
1124 3449 1365 3510 abrenuntiannrs

81 3545 208 3619 inlicitis,
233 3551 436 3612 renuntiamus
459 3551 557 3615 licitis.
602 3552 852 3616 Abrenuntiarnus
868 3552 990 3614 Diabolo
1013 3564 1042 3614 et
1064 3551 1200 3613 omnibus
1223 3552 1365 3633 operibns

81 3649 137 3710 eins
158 3659 189 3711 et
211 3651 348 3713 omnibus
369 3655 488 3734 pompis
511 3655 568 3724 eis,
598 3658 805 3718 renuntiamus
828 3655 941 3717 diuitiis
964 3663 993 3716 et
1015 3655 1145 3734 propriis
1167 3651 1363 3714 facultatibus.

155 3889 392 3952 ‘Prsesoientia’
416 3894 537 3971 ponitur
560 3892 720 3972 aliquando
743 3913 798 3973 pro
820 3892 1127 3974 praedestinatione,
1157 3900 1190 3952 nt
1212 3899 1258 3952 est
1278 3890 1364 3952 illud:

53 3989 151 4048 n‘non
173 3992 304 4070 reppulit
327 3991 404 4053 lleus
427 3991 543 4073 plebem
567 4011 666 4063 suam,
690 4011 778 4072 qnam
800 3995 966 4074 praesciit’‚
989 3993 1067 4056 idest
1089 3994 1364 4074 ‘praedestinante

83 4087 287 4154 insecundo
310 4092 410 4154 libro
432 4095 471 4155 ad
497 4095 732 4176 Prosperum.
779 4096 839 4158 Nos
861 4104 960 4158 tamen
983 4099 1041 4157 iam
1064 4114 1143 4157 nnnc
1158 4097 1250 4176 ipsam
1268 4097 1366 4174 potins

84 4197 174 4254 tenere
202 4193 346 4256 debemus
373 4195 570 4259 dillerentiam
600 4206 724 4278 propter
751 4198 839 4268 illud,
869 4199 948 4279 quod
977 4200 1066 4260 nimis
1096 4199 1171 4258 male
1201 4199 1237 4258 in
1265 4198 1365 4258 Sma-

86 4309 300 4325 *Q—

143 4377 326 4446 ldltiuillsre]
346 4381 388 4445 Cf.
406 4399 488 4447 supro
498 4401 525 4449 p.
536 4385 620 4446 178,7
671 4386 788 4444 tmere,
806 4399 959 4436 eommons
1012 4385 1120 4445 bidiuini
1178 4383 1365 4433 toelsitronns

84 4443 101 4521 li·
112 4447 255 4515 accusarint]
275 4449 402 4500 Seerramr
413 4451 492 4502 nerda
504 4454 624 4503 nonnullo
635 4453 756 4504 obscura:
776 4463 802 4503 et
813 4454 918 4518 insuper
929 4463 957 4502 ut
969 4454 1095 4517 genetrice
1112 4452 1168 4503 sine
1186 4453 1265 4518 §ento
1284 4453 1322 4500 sio
1339 4452 1364 4500 in

84 4517 175 4570 eruentis
188 4518 227 4567 ·i·
240 4519 265 4567 in
279 4518 381 4568 nomine
394 4519 533 4578 bonefacii,
553 4537 618 4586 qnae
633 4521 748 4584 sortasse
760 4523 797 4572 rie
809 4521 965 4586 explicanda
976 4527 1046 4571 snat:
1065 4531 1090 4570 et
1106 4521 1213 4585 insuper
1231 4529 1259 4568 ut
1276 4523 1366 4584 ‘gene-

85 4579 145 4630 trice’
162 4585 215 4635 siue
232 4588 384 4651 'genetiuo’,
403 4587 442 4636 sio
454 4589 478 4636 ln
492 4603 506 4638 e
518 4589 596 4638 nortis
616 4589 622 4637 i
641 4591 666 4638 ln
685 4590 788 4639 nomine
800 4588 963 4649 ‘Bonilooii’3
984 4604 1041 4638 uam
1058 4589 1090 4638 de
1102 4603 1132 4638 eo
1145 4589 1242 4638 nomine
1260 4589 1302 4638 uel
1316 4602 1367 4652 per
1465 4633 1485 4658 ὓ,

85 4652 141 4698 eret
150 4667 196 4715 per
206 4655 216 4703 ι’
225 4655 324 4718 scripto
336 4657 381 4718 opi
390 4657 501 4706 uidetur.
544 4657 680 4706 ultitronus
692 4657 844 4706 oelsltronns
856 4656 1001 4706 nltitronnm
1017 4655 1111 4704 habens
1125 4666 1150 4704 et
1159 4655 1255 4704 oelsum
1269 4656 1366 4706 trabeas

85 4715 98 4762 9
114 4719 147 4764 uel
165 4735 261 4784 manos,
278 4737 347 4772 corr.
357 4722 443 4787 magia
513 4725 543 4774 12
562 4721 661 4790 Seueri]
681 4727 748 4775 Diod.
766 4723 1035 4777 led.Berr.tom.V1
1050 4740 1078 4788 p.
1091 4724 1176 4774 358A
1235 4725 1280 4774 -14
1292 4723 1366 4790 glosa

87 4782 112 4830 lt
128 4783 256 4855 Prisciani]
277 4789 310 4840 II
325 4807 356 4855 p.
373 4792 442 4854 oo‚5
494 4806 551 4856 pro,
569 4807 670 4857 semper
722 4795 877 4862 ltqnuerat
927 4793 961 4842 20
978 4802 1078 4857 postest
1140 4793 1173 4842 22
1192 4793 1366 4858 praeostiunm

86 4849 113 4900 23
128 4853 226 4922 Anioni]
246 4857 286 4922 Cf.
303 4875 384 4922 supro
399 4875 427 4924 p.
446 4861 505 4924 1⁷4,
525 4863 557 4912 15
625 4861 659 4912 28
677 4875 756 4927 pomp
832 4862 865 4912 29
883 4859 1020 4924 aliqnando
1038 4871 1143 4928 propter
1160 4859 1333 4911 destinatione
