<?xml version="1.0" encoding="UTF-8"?>
<!DOCTYPE html PUBLIC "-//W3C//DTD XHTML 1.0 Transitional//EN"
    "http://www.w3.org/TR/xhtml1/DTD/xhtml1-transitional.dtd">
<html xmlns="http://www.w3.org/1999/xhtml" xml:lang="en" lang="en">
 <head>
  <title>
</title>
<meta http-equiv="Content-Type" content="text/html;charset=utf-8" />
  <meta name='ocr-system' content='tesseract 3.04.00' />
  <meta name='ocr-capabilities' content='ocr_page ocr_carea ocr_par ocr_line ocrx_word'/>
</head>
<body>
  <div class='ocr_page' id='page_1' title='image "./anecdotahelveti00hagegoog_0420.png"; bbox 0 0 3316 5566; ppageno 0'>
   <div class='ocr_carea' id='block_1_1' title="bbox 525 357 1391 422">
    <p class='ocr_par' dir='ltr' id='par_1_1' title="bbox 525 357 1391 422">
     <span class='ocr_line' id='line_1_1' title="bbox 525 357 1391 422; baseline 0.013 -11"><span class='ocrx_word' id='word_1_1' title='bbox 525 361 575 411; x_wconf 84' lang='lat' dir='ltr'><strong>nu</strong></span> <span class='ocrx_word' id='word_1_2' title='bbox 594 359 733 412; x_wconf 80' lang='lat' dir='ltr'><strong>nouum</strong></span> <span class='ocrx_word' id='word_1_3' title='bbox 751 358 956 412; x_wconf 77' lang='lat' dir='ltr'><strong>PRIORIBvs.</strong></span> <span class='ocrx_word' id='word_1_4' title='bbox 1057 387 1065 394; x_wconf 85' lang='lat'><em>-</em></span> <span class='ocrx_word' id='word_1_5' title='bbox 1330 357 1391 422; x_wconf 85' lang='grc'><strong>149</strong></span> 
     </span>
    </p>
   </div>
   <div class='ocr_carea' id='block_1_2' title="bbox 96 545 1390 731">
    <p class='ocr_par' dir='ltr' id='par_1_2' title="bbox 96 545 1390 731">
     <span class='ocr_line' id='line_1_2' title="bbox 97 545 1390 629; baseline -0.002 -19"><span class='ocrx_word' id='word_1_6' title='bbox 97 548 158 610; x_wconf 86' lang='lat' dir='ltr'><strong>tatis</strong></span> <span class='ocrx_word' id='word_1_7' title='bbox 185 549 307 617; x_wconf 89' lang='lat' dir='ltr'><strong>mulier;</strong></span> <span class='ocrx_word' id='word_1_8' title='bbox 337 548 493 610; x_wconf 82' lang='lat' dir='ltr'><strong>extribus</strong></span> <span class='ocrx_word' id='word_1_9' title='bbox 521 545 698 628; x_wconf 85' lang='lat' dir='ltr'><strong>generibus,</strong></span> <span class='ocrx_word' id='word_1_10' title='bbox 730 557 763 610; x_wconf 91' lang='lat' dir='ltr'><strong>ut</strong></span> <span class='ocrx_word' id='word_1_11' title='bbox 790 557 861 629; x_wconf 88' lang='lat' dir='ltr'><strong>puta</strong></span> <span class='ocrx_word' id='word_1_12' title='bbox 884 546 941 609; x_wconf 91' lang='lat' dir='ltr'><strong>hoc</strong></span> <span class='ocrx_word' id='word_1_13' title='bbox 963 546 1077 610; x_wconf 89' lang='lat' dir='ltr'><strong>dicere:</strong></span> <span class='ocrx_word' id='word_1_14' title='bbox 1106 555 1137 609; x_wconf 86' lang='lat' dir='ltr'><strong>tu</strong></span> <span class='ocrx_word' id='word_1_15' title='bbox 1160 547 1207 608; x_wconf 89' lang='lat' dir='ltr'><strong>uir</strong></span> <span class='ocrx_word' id='word_1_16' title='bbox 1229 553 1260 608; x_wconf 91' lang='lat' dir='ltr'><strong>tu</strong></span> <span class='ocrx_word' id='word_1_17' title='bbox 1283 546 1390 608; x_wconf 88' lang='lat' dir='ltr'><strong>mulier</strong></span> 
     </span>
     <span class='ocr_line' id='line_1_3' title="bbox 96 653 333 731; baseline -0.008 -18"><span class='ocrx_word' id='word_1_18' title='bbox 96 662 124 713; x_wconf 90' lang='lat' dir='ltr'><strong>tu</strong></span> <span class='ocrx_word' id='word_1_19' title='bbox 145 653 333 731; x_wconf 80' lang='lat' dir='ltr'><strong>mancipium.</strong></span> 
     </span>
    </p>
   </div>
   <div class='ocr_carea' id='block_1_3' title="bbox 162 767 1391 974">
    <p class='ocr_par' dir='ltr' id='par_1_3' title="bbox 162 767 1391 974">
     <span class='ocr_line' id='line_1_4' title="bbox 162 767 1176 850; baseline -0.007 -15"><span class='ocrx_word' id='word_1_20' title='bbox 162 771 219 836; x_wconf 75' lang='lat' dir='ltr'><strong>De</strong></span> <span class='ocrx_word' id='word_1_21' title='bbox 241 771 382 832; x_wconf 89' lang='lat' dir='ltr'><strong>numeris.</strong></span> <span class='ocrx_word' id='word_1_22' title='bbox 427 769 574 832; x_wconf 82' lang='lat' dir='ltr'><strong>Numerus</strong></span> <span class='ocrx_word' id='word_1_23' title='bbox 596 768 704 832; x_wconf 85' lang='lat' dir='ltr'><strong>accidit</strong></span> <span class='ocrx_word' id='word_1_24' title='bbox 725 768 882 848; x_wconf 82' lang='lat' dir='ltr'><strong>singularis</strong></span> <span class='ocrx_word' id='word_1_25' title='bbox 904 769 968 838; x_wconf 89' lang='lat' dir='ltr'><strong>hic,</strong></span> <span class='ocrx_word' id='word_1_26' title='bbox 990 767 1115 850; x_wconf 84' lang='lat' dir='ltr'><strong>pluralis</strong></span> <span class='ocrx_word' id='word_1_27' title='bbox 1137 768 1176 829; x_wconf 87' lang='lat' dir='ltr'><strong>tu.</strong></span> 
     </span>
     <span class='ocr_line' id='line_1_5' title="bbox 178 889 1391 974; baseline -0.002 -23"><span class='ocrx_word' id='word_1_28' title='bbox 178 891 219 951; x_wconf 80' lang='lat' dir='ltr'><strong>ite</strong></span> <span class='ocrx_word' id='word_1_29' title='bbox 248 891 352 968; x_wconf 76' lang='lat' dir='ltr'><strong>figura.</strong></span> <span class='ocrx_word' id='word_1_30' title='bbox 402 889 515 952; x_wconf 77' lang='lat' dir='ltr'><strong>Accidit</strong></span> <span class='ocrx_word' id='word_1_31' title='bbox 542 890 650 968; x_wconf 80' lang='lat' dir='ltr'><strong>figura,</strong></span> <span class='ocrx_word' id='word_1_32' title='bbox 679 898 712 974; x_wconf 88' lang='lat' dir='ltr'><strong>ut</strong></span> <span class='ocrx_word' id='word_1_33' title='bbox 740 891 771 950; x_wconf 91' lang='lat' dir='ltr'><strong>in</strong></span> <span class='ocrx_word' id='word_1_34' title='bbox 799 891 934 959; x_wconf 88' lang='lat' dir='ltr'><strong>nomine,</strong></span> <span class='ocrx_word' id='word_1_35' title='bbox 963 891 1005 949; x_wconf 91' lang='lat' dir='ltr'><strong>sic</strong></span> <span class='ocrx_word' id='word_1_36' title='bbox 1036 890 1124 948; x_wconf 89' lang='lat' dir='ltr'><strong>etiam</strong></span> <span class='ocrx_word' id='word_1_37' title='bbox 1153 889 1184 949; x_wconf 92' lang='lat' dir='ltr'><strong>in</strong></span> <span class='ocrx_word' id='word_1_38' title='bbox 1213 889 1391 967; x_wconf 78' lang='lat' dir='ltr'><strong>pronomine</strong></span> 
     </span>
    </p>
   </div>
   <div class='ocr_carea' id='block_1_4' title="bbox 77 987 1498 1072">
    <p class='ocr_par' dir='ltr' id='par_1_4' title="bbox 77 987 1498 1072">
     <span class='ocr_line' id='line_1_6' title="bbox 77 987 1498 1072; baseline -0.001 -19"><span class='ocrx_word' id='word_1_39' title='bbox 77 991 217 1072; x_wconf 77' lang='lat' dir='ltr'><strong>esirnpiex</strong></span> <span class='ocrx_word' id='word_1_40' title='bbox 241 1000 270 1053; x_wconf 90' lang='lat' dir='ltr'><strong>et</strong></span> <span class='ocrx_word' id='word_1_41' title='bbox 292 991 453 1071; x_wconf 90' lang='lat' dir='ltr'><strong>conposita.</strong></span> <span class='ocrx_word' id='word_1_42' title='bbox 489 987 649 1072; x_wconf 73' lang='lat' dir='ltr'><strong>Simplex,</strong></span> <span class='ocrx_word' id='word_1_43' title='bbox 673 992 807 1070; x_wconf 79' lang='lat' dir='ltr'><strong>niquis:</strong></span> <span class='ocrx_word' id='word_1_44' title='bbox 836 991 1005 1070; x_wconf 85' lang='lat' dir='ltr'><strong>conposita,</strong></span> <span class='ocrx_word' id='word_1_45' title='bbox 1034 998 1067 1052; x_wconf 93' lang='grc' dir='ltr'><strong>ιιι</strong></span> <span class='ocrx_word' id='word_1_46' title='bbox 1089 991 1222 1069; x_wconf 88' lang='lat' dir='ltr'><strong>quisquis</strong></span> <span class='ocrx_word' id='word_1_47' title='bbox 1245 991 1390 1070; x_wconf 86' lang='lat' dir='ltr'><strong>quispiam</strong></span> <span class='ocrx_word' id='word_1_48' title='bbox 1492 1017 1498 1026; x_wconf 91' lang='lat'><strong>·</strong></span> 
     </span>
    </p>
   </div>
   <div class='ocr_carea' id='block_1_5' title="bbox 99 1095 236 1176">
    <p class='ocr_par' dir='ltr' id='par_1_5' title="bbox 99 1095 236 1176">
     <span class='ocr_line' id='line_1_7' title="bbox 99 1095 236 1176; baseline 0 -20"><span class='ocrx_word' id='word_1_49' title='bbox 99 1095 236 1176; x_wconf 85' lang='lat' dir='ltr'><strong>quisnam.</strong></span> 
     </span>
    </p>
   </div>
   <div class='ocr_carea' id='block_1_6' title="bbox 70 1205 1391 1613">
    <p class='ocr_par' dir='ltr' id='par_1_6' title="bbox 99 1205 1391 1503">
     <span class='ocr_line' id='line_1_8' title="bbox 175 1205 1391 1310; baseline -0.004 -17"><span class='ocrx_word' id='word_1_50' title='bbox 175 1229 322 1293; x_wconf 78' lang='lat' dir='ltr'><strong>Accidunt</strong></span> <span class='ocrx_word' id='word_1_51' title='bbox 343 1248 500 1308; x_wconf 90' lang='lat' dir='ltr'><strong>personae.</strong></span> <span class='ocrx_word' id='word_1_52' title='bbox 545 1205 620 1290; x_wconf 75' lang='lat' dir='ltr'><strong>Sunt</strong></span> <span class='ocrx_word' id='word_1_53' title='bbox 641 1248 802 1310; x_wconf 88' lang='lat' dir='ltr'><strong>personae,</strong></span> <span class='ocrx_word' id='word_1_54' title='bbox 826 1247 901 1306; x_wconf 86' lang='lat' dir='ltr'><strong>quae</strong></span> <span class='ocrx_word' id='word_1_55' title='bbox 925 1227 1004 1289; x_wconf 83' lang='lat' dir='ltr'><strong>finita</strong></span> <span class='ocrx_word' id='word_1_56' title='bbox 1029 1229 1213 1307; x_wconf 90' lang='lat' dir='ltr'><strong>pronomina.</strong></span> <span class='ocrx_word' id='word_1_57' title='bbox 1246 1228 1391 1290; x_wconf 77' lang='lat' dir='ltr'><strong>Accidunt</strong></span> 
     </span>
     <span class='ocr_line' id='line_1_9' title="bbox 99 1328 1389 1413; baseline -0.001 -21"><span class='ocrx_word' id='word_1_58' title='bbox 99 1350 178 1393; x_wconf 88' lang='lat' dir='ltr'><strong>casus</strong></span> <span class='ocrx_word' id='word_1_59' title='bbox 199 1329 441 1413; x_wconf 91' lang='lat' dir='ltr'><strong>pronominibus,</strong></span> <span class='ocrx_word' id='word_1_60' title='bbox 470 1332 546 1392; x_wconf 91' lang='lat' dir='ltr'><strong>sicut</strong></span> <span class='ocrx_word' id='word_1_61' title='bbox 567 1340 596 1392; x_wconf 85' lang='lat' dir='ltr'><strong>et</strong></span> <span class='ocrx_word' id='word_1_62' title='bbox 618 1329 799 1392; x_wconf 89' lang='lat' dir='ltr'><strong>nominibus.</strong></span> <span class='ocrx_word' id='word_1_63' title='bbox 834 1328 904 1406; x_wconf 84' lang='lat' dir='ltr'><strong>†id</strong></span> <span class='ocrx_word' id='word_1_64' title='bbox 928 1349 1091 1411; x_wconf 79' lang='lat' dir='ltr'><strong>pronomen</strong></span> <span class='ocrx_word' id='word_1_65' title='bbox 1115 1331 1145 1391; x_wconf 92' lang='lat' dir='ltr'><strong>iu</strong></span> <span class='ocrx_word' id='word_1_66' title='bbox 1169 1337 1237 1390; x_wconf 89' lang='lat' dir='ltr'><strong>uota</strong></span> <span class='ocrx_word' id='word_1_67' title='bbox 1261 1349 1316 1391; x_wconf 92' lang='lat' dir='ltr'><strong>nec</strong></span> <span class='ocrx_word' id='word_1_68' title='bbox 1338 1330 1389 1391; x_wconf 88' lang='lat' dir='ltr'><strong>ad-</strong></span> 
     </span>
     <span class='ocr_line' id='line_1_10' title="bbox 99 1431 1390 1503; baseline 0 -11"><span class='ocrx_word' id='word_1_69' title='bbox 99 1435 179 1494; x_wconf 85' lang='lat' dir='ltr'><strong>iectio</strong></span> <span class='ocrx_word' id='word_1_70' title='bbox 201 1441 231 1494; x_wconf 89' lang='lat' dir='ltr'><strong>ct</strong></span> <span class='ocrx_word' id='word_1_71' title='bbox 253 1431 322 1496; x_wconf 83' lang='lat' dir='ltr'><strong>nolo</strong></span> <span class='ocrx_word' id='word_1_72' title='bbox 345 1440 473 1494; x_wconf 87' lang='lat' dir='ltr'><strong>tractare</strong></span> <span class='ocrx_word' id='word_1_73' title='bbox 496 1451 551 1494; x_wconf 92' lang='lat' dir='ltr'><strong>nec</strong></span> <span class='ocrx_word' id='word_1_74' title='bbox 574 1432 733 1503; x_wconf 88' lang='lat' dir='ltr'><strong>declinare,</strong></span> <span class='ocrx_word' id='word_1_75' title='bbox 749 1433 801 1494; x_wconf 93' lang='lat' dir='ltr'><strong>sed</strong></span> <span class='ocrx_word' id='word_1_76' title='bbox 819 1432 1021 1493; x_wconf 85' lang='lat' dir='ltr'><strong>tantummodo</strong></span> <span class='ocrx_word' id='word_1_77' title='bbox 1038 1433 1095 1492; x_wconf 91' lang='lat' dir='ltr'><strong>hoc</strong></span> <span class='ocrx_word' id='word_1_78' title='bbox 1117 1432 1198 1492; x_wconf 86' lang='lat' dir='ltr'><strong>dico:</strong></span> <span class='ocrx_word' id='word_1_79' title='bbox 1222 1433 1280 1494; x_wconf 92' lang='lat' dir='ltr'><strong>hoc</strong></span> <span class='ocrx_word' id='word_1_80' title='bbox 1302 1432 1390 1493; x_wconf 88' lang='lat' dir='ltr'><strong>debet</strong></span> 
     </span>
    </p>

    <p class='ocr_par' dir='ltr' id='par_1_7' title="bbox 70 1533 1100 1613">
     <span class='ocr_line' id='line_1_11' title="bbox 70 1533 1100 1613; baseline 0.004 -22"><span class='ocrx_word' id='word_1_81' title='bbox 70 1537 173 1606; x_wconf 79' lang='lat' dir='ltr'><strong>oderi,</strong></span> <span class='ocrx_word' id='word_1_82' title='bbox 195 1534 268 1596; x_wconf 84' lang='lat' dir='ltr'><strong>iilud</strong></span> <span class='ocrx_word' id='word_1_83' title='bbox 292 1533 381 1596; x_wconf 90' lang='lat' dir='ltr'><strong>debet</strong></span> <span class='ocrx_word' id='word_1_84' title='bbox 403 1535 480 1604; x_wconf 89' lang='lat' dir='ltr'><strong>tieri,</strong></span> <span class='ocrx_word' id='word_1_85' title='bbox 505 1544 535 1597; x_wconf 91' lang='lat' dir='ltr'><strong>et</strong></span> <span class='ocrx_word' id='word_1_86' title='bbox 556 1554 616 1596; x_wconf 93' lang='lat' dir='ltr'><strong>nou</strong></span> <span class='ocrx_word' id='word_1_87' title='bbox 639 1534 721 1602; x_wconf 88' lang='lat' dir='ltr'><strong>dico,</strong></span> <span class='ocrx_word' id='word_1_88' title='bbox 746 1552 838 1613; x_wconf 87' lang='lat' dir='ltr'><strong>quare</strong></span> <span class='ocrx_word' id='word_1_89' title='bbox 861 1535 904 1596; x_wconf 90' lang='lat' dir='ltr'><strong>sio</strong></span> <span class='ocrx_word' id='word_1_90' title='bbox 927 1533 1100 1595; x_wconf 88' lang='lat' dir='ltr'><strong>declinatur.</strong></span> 
     </span>
    </p>
   </div>
   <div class='ocr_carea' id='block_1_7' title="bbox 70 1668 1388 2140">
    <p class='ocr_par' dir='ltr' id='par_1_8' title="bbox 100 1668 1388 2057">
     <span class='ocr_line' id='line_1_12' title="bbox 176 1668 1387 1750; baseline -0.001 -18"><span class='ocrx_word' id='word_1_91' title='bbox 176 1671 307 1732; x_wconf 86' lang='lat' dir='ltr'><strong>Dicimus</strong></span> <span class='ocrx_word' id='word_1_92' title='bbox 329 1673 505 1750; x_wconf 81' lang='lat' dir='ltr'><strong>pronomina</strong></span> <span class='ocrx_word' id='word_1_93' title='bbox 528 1679 578 1732; x_wconf 85' lang='lat' dir='ltr'><strong>aut</strong></span> <span class='ocrx_word' id='word_1_94' title='bbox 599 1671 680 1731; x_wconf 82' lang='lat' dir='ltr'><strong>finita</strong></span> <span class='ocrx_word' id='word_1_95' title='bbox 704 1677 754 1732; x_wconf 91' lang='lat' dir='ltr'><strong>aut</strong></span> <span class='ocrx_word' id='word_1_96' title='bbox 776 1673 891 1733; x_wconf 87' lang='lat' dir='ltr'><strong>intinita</strong></span> <span class='ocrx_word' id='word_1_97' title='bbox 919 1687 994 1732; x_wconf 84' lang='lat' dir='ltr'><strong>esse.</strong></span> <span class='ocrx_word' id='word_1_98' title='bbox 1040 1671 1137 1732; x_wconf 85' lang='lat' dir='ltr'><strong>Finita</strong></span> <span class='ocrx_word' id='word_1_99' title='bbox 1159 1677 1229 1731; x_wconf 84' lang='lat' dir='ltr'><strong>suut</strong></span> <span class='ocrx_word' id='word_1_100' title='bbox 1250 1668 1298 1731; x_wconf 88' lang='lat' dir='ltr'><strong>ilia</strong></span> <span class='ocrx_word' id='word_1_101' title='bbox 1323 1671 1387 1740; x_wconf 90' lang='lat' dir='ltr'><strong>tria,</strong></span> 
     </span>
     <span class='ocr_line' id='line_1_13' title="bbox 100 1770 1388 1852; baseline 0 -18"><span class='ocrx_word' id='word_1_102' title='bbox 100 1782 128 1834; x_wconf 93' lang='lat' dir='ltr'><strong>ut</strong></span> <span class='ocrx_word' id='word_1_103' title='bbox 149 1791 202 1852; x_wconf 79' lang='lat' dir='ltr'><strong>ego</strong></span> <span class='ocrx_word' id='word_1_104' title='bbox 225 1780 257 1834; x_wconf 92' lang='lat' dir='ltr'><strong>tu</strong></span> <span class='ocrx_word' id='word_1_105' title='bbox 279 1770 339 1833; x_wconf 87' lang='lat' dir='ltr'><strong>iiie.</strong></span> <span class='ocrx_word' id='word_1_106' title='bbox 384 1772 500 1834; x_wconf 82' lang='lat' dir='ltr'><strong>Infinita</strong></span> <span class='ocrx_word' id='word_1_107' title='bbox 523 1791 596 1834; x_wconf 89' lang='lat' dir='ltr'><strong>uero</strong></span> <span class='ocrx_word' id='word_1_108' title='bbox 618 1773 795 1852; x_wconf 89' lang='lat' dir='ltr'><strong>pronomina</strong></span> <span class='ocrx_word' id='word_1_109' title='bbox 818 1771 871 1834; x_wconf 90' lang='grc'><strong>1111</strong></span> <span class='ocrx_word' id='word_1_110' title='bbox 900 1773 1015 1852; x_wconf 88' lang='lat' dir='ltr'><strong>species</strong></span> <span class='ocrx_word' id='word_1_111' title='bbox 1043 1771 1167 1841; x_wconf 89' lang='lat' dir='ltr'><strong>hahent;</strong></span> <span class='ocrx_word' id='word_1_112' title='bbox 1198 1779 1247 1833; x_wconf 91' lang='lat' dir='ltr'><strong>aut</strong></span> <span class='ocrx_word' id='word_1_113' title='bbox 1273 1773 1388 1834; x_wconf 90' lang='lat' dir='ltr'><strong>intinita</strong></span> 
     </span>
     <span class='ocr_line' id='line_1_14' title="bbox 100 1872 1388 1955; baseline -0.001 -19"><span class='ocrx_word' id='word_1_114' title='bbox 100 1884 162 1936; x_wconf 90' lang='lat' dir='ltr'><strong>sunt</strong></span> <span class='ocrx_word' id='word_1_115' title='bbox 183 1883 233 1936; x_wconf 87' lang='lat' dir='ltr'><strong>aut</strong></span> <span class='ocrx_word' id='word_1_116' title='bbox 255 1875 353 1934; x_wconf 87' lang='lat' dir='ltr'><strong>miuus</strong></span> <span class='ocrx_word' id='word_1_117' title='bbox 376 1892 464 1954; x_wconf 86' lang='lat' dir='ltr'><strong>quam</strong></span> <span class='ocrx_word' id='word_1_118' title='bbox 487 1876 567 1936; x_wconf 86' lang='lat' dir='ltr'><strong>finita</strong></span> <span class='ocrx_word' id='word_1_119' title='bbox 589 1882 640 1935; x_wconf 91' lang='lat' dir='ltr'><strong>aut</strong></span> <span class='ocrx_word' id='word_1_120' title='bbox 661 1873 829 1936; x_wconf 85' lang='lat' dir='ltr'><strong>articularia</strong></span> <span class='ocrx_word' id='word_1_121' title='bbox 853 1883 903 1936; x_wconf 87' lang='lat' dir='ltr'><strong>aut</strong></span> <span class='ocrx_word' id='word_1_122' title='bbox 924 1875 1100 1955; x_wconf 83' lang='lat' dir='ltr'><strong>possession.</strong></span> <span class='ocrx_word' id='word_1_123' title='bbox 1146 1872 1262 1935; x_wconf 83' lang='lat' dir='ltr'><strong>infinita</strong></span> <span class='ocrx_word' id='word_1_124' title='bbox 1286 1874 1388 1936; x_wconf 90' lang='lat' dir='ltr'><strong>dicun·</strong></span> 
     </span>
     <span class='ocr_line' id='line_1_15' title="bbox 101 1975 1388 2057; baseline 0.002 -23"><span class='ocrx_word' id='word_1_125' title='bbox 101 1985 153 2046; x_wconf 89' lang='lat' dir='ltr'><strong>tur,</strong></span> <span class='ocrx_word' id='word_1_126' title='bbox 175 1993 251 2057; x_wconf 89' lang='lat' dir='ltr'><strong>quae</strong></span> <span class='ocrx_word' id='word_1_127' title='bbox 272 1977 391 2054; x_wconf 89' lang='lat' dir='ltr'><strong>penitus</strong></span> <span class='ocrx_word' id='word_1_128' title='bbox 413 1994 473 2037; x_wconf 95' lang='lat' dir='ltr'><strong>nou</strong></span> <span class='ocrx_word' id='word_1_129' title='bbox 496 1976 643 2038; x_wconf 89' lang='lat' dir='ltr'><strong>detiniunt</strong></span> <span class='ocrx_word' id='word_1_130' title='bbox 664 1994 839 2056; x_wconf 88' lang='lat' dir='ltr'><strong>personam,</strong></span> <span class='ocrx_word' id='word_1_131' title='bbox 863 1984 894 2038; x_wconf 89' lang='lat' dir='ltr'><strong>ut</strong></span> <span class='ocrx_word' id='word_1_132' title='bbox 916 1983 986 2057; x_wconf 88' lang='lat' dir='ltr'><strong>puta</strong></span> <span class='ocrx_word' id='word_1_133' title='bbox 1010 1977 1076 2056; x_wconf 90' lang='lat' dir='ltr'><strong>quis</strong></span> <span class='ocrx_word' id='word_1_134' title='bbox 1098 1993 1174 2055; x_wconf 88' lang='lat' dir='ltr'><strong>quae</strong></span> <span class='ocrx_word' id='word_1_135' title='bbox 1196 1977 1291 2056; x_wconf 83' lang='lat' dir='ltr'><strong>quod:</strong></span> <span class='ocrx_word' id='word_1_136' title='bbox 1316 1975 1388 2036; x_wconf 88' lang='lat' dir='ltr'><strong>haec</strong></span> 
     </span>
    </p>

    <p class='ocr_par' dir='ltr' id='par_1_9' title="bbox 70 2080 305 2140">
     <span class='ocr_line' id='line_1_16' title="bbox 70 2080 305 2140; baseline 0.021 -6"><span class='ocrx_word' id='word_1_137' title='bbox 70 2080 204 2140; x_wconf 83' lang='lat' dir='ltr'><strong>uiufinita</strong></span> <span class='ocrx_word' id='word_1_138' title='bbox 227 2086 305 2139; x_wconf 71' lang='lat' dir='ltr'><strong>sunt„</strong></span> 
     </span>
    </p>
   </div>
   <div class='ocr_carea' id='block_1_8' title="bbox 71 2213 1390 3600">
    <p class='ocr_par' dir='ltr' id='par_1_10' title="bbox 101 2213 1390 2601">
     <span class='ocr_line' id='line_1_17' title="bbox 176 2213 1387 2295; baseline 0.002 -20"><span class='ocrx_word' id='word_1_139' title='bbox 176 2213 277 2277; x_wconf 77' lang='lat' dir='ltr'><strong>Minus,</strong></span> <span class='ocrx_word' id='word_1_140' title='bbox 295 2230 383 2292; x_wconf 89' lang='lat' dir='ltr'><strong>quam</strong></span> <span class='ocrx_word' id='word_1_141' title='bbox 407 2214 500 2284; x_wconf 84' lang='lat' dir='ltr'><strong>finita,</strong></span> <span class='ocrx_word' id='word_1_142' title='bbox 530 2232 606 2293; x_wconf 87' lang='lat' dir='ltr'><strong>quac</strong></span> <span class='ocrx_word' id='word_1_143' title='bbox 635 2213 765 2276; x_wconf 91' lang='lat' dir='ltr'><strong>medium</strong></span> <span class='ocrx_word' id='word_1_144' title='bbox 789 2213 898 2295; x_wconf 85' lang='lat' dir='ltr'><strong>aliquid</strong></span> <span class='ocrx_word' id='word_1_145' title='bbox 921 2213 1032 2276; x_wconf 87' lang='lat' dir='ltr'><strong>habent</strong></span> <span class='ocrx_word' id='word_1_146' title='bbox 1053 2216 1132 2275; x_wconf 91' lang='lat' dir='ltr'><strong>inter</strong></span> <span class='ocrx_word' id='word_1_147' title='bbox 1154 2217 1268 2278; x_wconf 83' lang='lat' dir='ltr'><strong>finitum</strong></span> <span class='ocrx_word' id='word_1_148' title='bbox 1292 2222 1321 2276; x_wconf 91' lang='lat' dir='ltr'><strong>et</strong></span> <span class='ocrx_word' id='word_1_149' title='bbox 1342 2217 1387 2277; x_wconf 92' lang='lat' dir='ltr'><strong>in·</strong></span> 
     </span>
     <span class='ocr_line' id='line_1_18' title="bbox 101 2314 1388 2396; baseline 0.001 -20"><span class='ocrx_word' id='word_1_150' title='bbox 101 2317 220 2377; x_wconf 85' lang='lat' dir='ltr'><strong>finitum:</strong></span> <span class='ocrx_word' id='word_1_151' title='bbox 256 2317 355 2377; x_wconf 85' lang='lat' dir='ltr'><strong>minus</strong></span> <span class='ocrx_word' id='word_1_152' title='bbox 381 2317 549 2394; x_wconf 83' lang='lat' dir='ltr'><strong>significant</strong></span> <span class='ocrx_word' id='word_1_153' title='bbox 575 2339 591 2378; x_wconf 91' lang='lat' dir='ltr'><strong>a</strong></span> <span class='ocrx_word' id='word_1_154' title='bbox 620 2317 715 2387; x_wconf 83' lang='lat' dir='ltr'><strong>finito,</strong></span> <span class='ocrx_word' id='word_1_155' title='bbox 745 2314 812 2396; x_wconf 90' lang='lat' dir='ltr'><strong>plus</strong></span> <span class='ocrx_word' id='word_1_156' title='bbox 839 2317 1006 2394; x_wconf 80' lang='lat' dir='ltr'><strong>significant</strong></span> <span class='ocrx_word' id='word_1_157' title='bbox 1033 2316 1069 2377; x_wconf 91' lang='lat' dir='ltr'><strong>ab</strong></span> <span class='ocrx_word' id='word_1_158' title='bbox 1098 2317 1228 2386; x_wconf 86' lang='lat' dir='ltr'><strong>infinito,</strong></span> <span class='ocrx_word' id='word_1_159' title='bbox 1259 2323 1291 2377; x_wconf 88' lang='lat' dir='ltr'><strong>ot</strong></span> <span class='ocrx_word' id='word_1_160' title='bbox 1318 2325 1388 2396; x_wconf 86' lang='lat' dir='ltr'><strong>puta</strong></span> 
     </span>
     <span class='ocr_line' id='line_1_19' title="bbox 102 2417 1390 2498; baseline 0.002 -22"><span class='ocrx_word' id='word_1_161' title='bbox 102 2419 189 2498; x_wconf 73' lang='lat' dir='ltr'><strong>‘ipse’t</strong></span> <span class='ocrx_word' id='word_1_162' title='bbox 212 2417 330 2496; x_wconf 88' lang='lat' dir='ltr'><strong>quando</strong></span> <span class='ocrx_word' id='word_1_163' title='bbox 347 2419 434 2498; x_wconf 80' lang='lat' dir='ltr'><strong>‘ipse&#39;</strong></span> <span class='ocrx_word' id='word_1_164' title='bbox 451 2419 532 2488; x_wconf 87' lang='lat' dir='ltr'><strong>dico,</strong></span> <span class='ocrx_word' id='word_1_165' title='bbox 556 2435 653 2497; x_wconf 88' lang='lat' dir='ltr'><strong>noque</strong></span> <span class='ocrx_word' id='word_1_166' title='bbox 669 2419 742 2487; x_wconf 86' lang='lat' dir='ltr'><strong>scis,</strong></span> <span class='ocrx_word' id='word_1_167' title='bbox 766 2418 802 2479; x_wconf 92' lang='lat' dir='ltr'><strong>de</strong></span> <span class='ocrx_word' id='word_1_168' title='bbox 826 2434 884 2495; x_wconf 89' lang='lat' dir='ltr'><strong>qno</strong></span> <span class='ocrx_word' id='word_1_169' title='bbox 907 2417 1004 2479; x_wconf 88' lang='lat' dir='ltr'><strong>dicam</strong></span> <span class='ocrx_word' id='word_1_170' title='bbox 1019 2419 1042 2492; x_wconf 88' lang='lat'><em>†</em></span> <span class='ocrx_word' id='word_1_171' title='bbox 1058 2417 1106 2480; x_wconf 91' lang='lat' dir='ltr'><strong>uel</strong></span> <span class='ocrx_word' id='word_1_172' title='bbox 1129 2419 1268 2490; x_wconf 78' lang='lat' dir='ltr'><strong>deeris,</strong></span> <span class='ocrx_word' id='word_1_173' title='bbox 1292 2435 1390 2497; x_wconf 89' lang='lat' dir='ltr'><strong>neque</strong></span> 
     </span>
     <span class='ocr_line' id='line_1_20' title="bbox 102 2517 1386 2601; baseline 0.002 -23"><span class='ocrx_word' id='word_1_174' title='bbox 102 2521 197 2600; x_wconf 84' lang='lat' dir='ltr'><strong>itemm</strong></span> <span class='ocrx_word' id='word_1_175' title='bbox 221 2521 291 2582; x_wconf 90' lang='lat' dir='ltr'><strong>lieet</strong></span> <span class='ocrx_word' id='word_1_176' title='bbox 313 2519 368 2580; x_wconf 93' lang='lat' dir='ltr'><strong>tibi</strong></span> <span class='ocrx_word' id='word_1_177' title='bbox 391 2521 507 2598; x_wconf 84' lang='lat' dir='ltr'><strong>uagari:</strong></span> <span class='ocrx_word' id='word_1_178' title='bbox 532 2523 609 2601; x_wconf 83' lang='lat' dir='ltr'><strong>‘ipse</strong></span> <span class='ocrx_word' id='word_1_179' title='bbox 632 2521 670 2582; x_wconf 93' lang='lat' dir='ltr'><strong>sit</strong></span> <span class='ocrx_word' id='word_1_180' title='bbox 694 2519 740 2581; x_wconf 78' lang='lat' dir='ltr'><strong>arei</strong></span> <span class='ocrx_word' id='word_1_181' title='bbox 763 2517 836 2590; x_wconf 83' lang='lat' dir='ltr'><strong>itle’,</strong></span> <span class='ocrx_word' id='word_1_182' title='bbox 860 2519 913 2580; x_wconf 89' lang='lat' dir='ltr'><strong>sed</strong></span> <span class='ocrx_word' id='word_1_183' title='bbox 929 2519 965 2580; x_wconf 93' lang='lat' dir='ltr'><strong>ad</strong></span> <span class='ocrx_word' id='word_1_184' title='bbox 981 2538 1049 2580; x_wconf 88' lang='lat' dir='ltr'><strong>euru</strong></span> <span class='ocrx_word' id='word_1_185' title='bbox 1066 2520 1180 2582; x_wconf 79' lang='lat' dir='ltr'><strong>reseres</strong></span> <span class='ocrx_word' id='word_1_186' title='bbox 1195 2522 1288 2599; x_wconf 89' lang='lat' dir='ltr'><strong>ipsam</strong></span> <span class='ocrx_word' id='word_1_187' title='bbox 1312 2538 1386 2590; x_wconf 92' lang='lat' dir='ltr'><strong>rem,</strong></span> 
     </span>
    </p>

    <p class='ocr_par' dir='ltr' id='par_1_11' title="bbox 71 2620 1389 3109">
     <span class='ocr_line' id='line_1_21' title="bbox 71 2620 1389 2702; baseline 0.002 -24"><span class='ocrx_word' id='word_1_188' title='bbox 71 2622 145 2699; x_wconf 74' lang='lat' dir='ltr'><strong>oqui</strong></span> <span class='ocrx_word' id='word_1_189' title='bbox 165 2624 220 2683; x_wconf 87' lang='lat' dir='ltr'><strong>inm</strong></span> <span class='ocrx_word' id='word_1_190' title='bbox 244 2629 330 2682; x_wconf 89' lang='lat' dir='ltr'><strong>notus</strong></span> <span class='ocrx_word' id='word_1_191' title='bbox 352 2630 411 2692; x_wconf 87' lang='lat' dir='ltr'><strong>est,</strong></span> <span class='ocrx_word' id='word_1_192' title='bbox 435 2631 467 2683; x_wconf 90' lang='grc' dir='ltr'><strong>ιιι</strong></span> <span class='ocrx_word' id='word_1_193' title='bbox 489 2633 573 2701; x_wconf 88' lang='lat' dir='ltr'><strong>puta:</strong></span> <span class='ocrx_word' id='word_1_194' title='bbox 598 2620 758 2700; x_wconf 79' lang='lat' dir='ltr'><strong>‘Vergilius</strong></span> <span class='ocrx_word' id='word_1_195' title='bbox 773 2623 895 2701; x_wconf 79' lang='lat' dir='ltr'><strong>scripsit</strong></span> <span class='ocrx_word' id='word_1_196' title='bbox 911 2621 1055 2692; x_wconf 84' lang='lat' dir='ltr'><strong>Bucolica,</strong></span> <span class='ocrx_word' id='word_1_197' title='bbox 1079 2624 1143 2701; x_wconf 88' lang='lat' dir='ltr'><strong>ipse</strong></span> <span class='ocrx_word' id='word_1_198' title='bbox 1161 2623 1280 2702; x_wconf 87' lang='lat' dir='ltr'><strong>scripsit</strong></span> <span class='ocrx_word' id='word_1_199' title='bbox 1295 2622 1389 2683; x_wconf 83' lang='lat' dir='ltr'><strong>Geor·</strong></span> 
     </span>
     <span class='ocr_line' id='line_1_22' title="bbox 103 2721 1388 2805; baseline 0.004 -24"><span class='ocrx_word' id='word_1_200' title='bbox 103 2725 186 2800; x_wconf 83' lang='lat' dir='ltr'><strong>gica’,</strong></span> <span class='ocrx_word' id='word_1_201' title='bbox 215 2725 266 2800; x_wconf 85' lang='lat' dir='ltr'><strong>qui</strong></span> <span class='ocrx_word' id='word_1_202' title='bbox 293 2724 393 2803; x_wconf 75' lang='lat' dir='ltr'><strong>‘ipse’</strong></span> <span class='ocrx_word' id='word_1_203' title='bbox 422 2723 486 2784; x_wconf 89' lang='lat' dir='ltr'><strong>sine</strong></span> <span class='ocrx_word' id='word_1_204' title='bbox 509 2722 599 2784; x_wconf 91' lang='lat' dir='ltr'><strong>dubio</strong></span> <span class='ocrx_word' id='word_1_205' title='bbox 623 2721 849 2802; x_wconf 67' lang='lat' dir='ltr'><strong>Vergilionem,</strong></span> <span class='ocrx_word' id='word_1_206' title='bbox 879 2723 973 2804; x_wconf 89' lang='lat' dir='ltr'><strong>quod,</strong></span> <span class='ocrx_word' id='word_1_207' title='bbox 1004 2723 1121 2801; x_wconf 90' lang='lat' dir='ltr'><strong>quaudo</strong></span> <span class='ocrx_word' id='word_1_208' title='bbox 1149 2723 1275 2785; x_wconf 90' lang='lat' dir='ltr'><strong>dicimus</strong></span> <span class='ocrx_word' id='word_1_209' title='bbox 1305 2723 1388 2805; x_wconf 79' lang='lat' dir='ltr'><strong>‘ipsc</strong></span> 
     </span>
     <span class='ocr_line' id='line_1_23' title="bbox 102 2823 1388 2905; baseline 0.002 -20"><span class='ocrx_word' id='word_1_210' title='bbox 102 2827 239 2905; x_wconf 87' lang='lat' dir='ltr'><strong>scripsit’,</strong></span> <span class='ocrx_word' id='word_1_211' title='bbox 265 2843 320 2904; x_wconf 86' lang='lat' dir='ltr'><strong>pro</strong></span> <span class='ocrx_word' id='word_1_212' title='bbox 344 2825 462 2886; x_wconf 91' lang='lat' dir='ltr'><strong>nomine</strong></span> <span class='ocrx_word' id='word_1_213' title='bbox 485 2827 614 2904; x_wconf 90' lang='lat' dir='ltr'><strong>positum</strong></span> <span class='ocrx_word' id='word_1_214' title='bbox 637 2823 808 2904; x_wconf 79' lang='lat' dir='ltr'><strong>‘Vergilius’</strong></span> <span class='ocrx_word' id='word_1_215' title='bbox 831 2843 889 2886; x_wconf 92' lang='lat' dir='ltr'><strong>uon</strong></span> <span class='ocrx_word' id='word_1_216' title='bbox 912 2833 996 2905; x_wconf 90' lang='lat' dir='ltr'><strong>potes</strong></span> <span class='ocrx_word' id='word_1_217' title='bbox 1016 2826 1130 2886; x_wconf 82' lang='lat' dir='ltr'><strong>reterre</strong></span> <span class='ocrx_word' id='word_1_218' title='bbox 1153 2825 1189 2886; x_wconf 92' lang='lat' dir='ltr'><strong>ad</strong></span> <span class='ocrx_word' id='word_1_219' title='bbox 1213 2827 1388 2887; x_wconf 82' lang='lat' dir='ltr'><strong>Ciceronem</strong></span> 
     </span>
     <span class='ocr_line' id='line_1_24' title="bbox 102 2923 1388 3012; baseline 0.002 -26"><span class='ocrx_word' id='word_1_220' title='bbox 102 2927 199 2988; x_wconf 88' lang='lat' dir='ltr'><strong>autad</strong></span> <span class='ocrx_word' id='word_1_221' title='bbox 221 2926 397 2996; x_wconf 89' lang='lat' dir='ltr'><strong>Salustium,</strong></span> <span class='ocrx_word' id='word_1_222' title='bbox 417 2926 473 3010; x_wconf 27' lang='lat' dir='ltr'><strong>&#39;sed</strong></span> <span class='ocrx_word' id='word_1_223' title='bbox 497 2927 532 2988; x_wconf 92' lang='lat' dir='ltr'><strong>ad</strong></span> <span class='ocrx_word' id='word_1_224' title='bbox 556 2925 645 2998; x_wconf 86' lang='lat' dir='ltr'><strong>iilud,</strong></span> <span class='ocrx_word' id='word_1_225' title='bbox 670 2927 754 2988; x_wconf 89' lang='lat' dir='ltr'><strong>cuius</strong></span> <span class='ocrx_word' id='word_1_226' title='bbox 775 2945 884 2988; x_wconf 91' lang='lat' dir='ltr'><strong>nomeu</strong></span> <span class='ocrx_word' id='word_1_227' title='bbox 907 2929 1062 3008; x_wconf 89' lang='lat' dir='ltr'><strong>proprium</strong></span> <span class='ocrx_word' id='word_1_228' title='bbox 1084 2923 1388 3012; x_wconf 60' lang='grc'><strong>101111101143111-</strong></span> 
     </span>
     <span class='ocr_line' id='line_1_25' title="bbox 102 3025 1385 3109; baseline 0.002 -21"><span class='ocrx_word' id='word_1_229' title='bbox 102 3047 226 3090; x_wconf 87' lang='lat' dir='ltr'><strong>naueras.</strong></span> <span class='ocrx_word' id='word_1_230' title='bbox 271 3028 334 3089; x_wconf 88' lang='lat' dir='ltr'><strong>Hoc</strong></span> <span class='ocrx_word' id='word_1_231' title='bbox 356 3029 502 3109; x_wconf 89' lang='lat' dir='ltr'><strong>possimus</strong></span> <span class='ocrx_word' id='word_1_232' title='bbox 525 3027 562 3088; x_wconf 93' lang='lat' dir='ltr'><strong>de</strong></span> <span class='ocrx_word' id='word_1_233' title='bbox 584 3025 635 3089; x_wconf 86' lang='lat' dir='ltr'><strong>iiio</strong></span> <span class='ocrx_word' id='word_1_234' title='bbox 658 3031 834 3108; x_wconf 87' lang='lat' dir='ltr'><strong>pronomine</strong></span> <span class='ocrx_word' id='word_1_235' title='bbox 857 3037 1000 3091; x_wconf 85' lang='lat' dir='ltr'><strong>tractare:</strong></span> <span class='ocrx_word' id='word_1_236' title='bbox 1030 3029 1155 3090; x_wconf 89' lang='lat' dir='ltr'><strong>hoc&#39;est</strong></span> <span class='ocrx_word' id='word_1_237' title='bbox 1177 3029 1276 3090; x_wconf 91' lang='lat' dir='ltr'><strong>miuus</strong></span> <span class='ocrx_word' id='word_1_238' title='bbox 1298 3048 1385 3108; x_wconf 88' lang='lat' dir='ltr'><strong>quam</strong></span> 
     </span>
    </p>

    <p class='ocr_par' dir='ltr' id='par_1_12' title="bbox 72 3130 1387 3600">
     <span class='ocr_line' id='line_1_26' title="bbox 72 3130 1386 3212; baseline 0.005 -26"><span class='ocrx_word' id='word_1_239' title='bbox 72 3131 219 3203; x_wconf 78' lang='lat' dir='ltr'><strong>cunnum,</strong></span> <span class='ocrx_word' id='word_1_240' title='bbox 242 3132 360 3212; x_wconf 77' lang='lat' dir='ltr'><strong>quodes</strong></span> <span class='ocrx_word' id='word_1_241' title='bbox 383 3149 548 3210; x_wconf 87' lang='lat' dir='ltr'><strong>pronomen</strong></span> <span class='ocrx_word' id='word_1_242' title='bbox 571 3130 700 3192; x_wconf 85' lang='lat' dir='ltr'><strong>retertur</strong></span> <span class='ocrx_word' id='word_1_243' title='bbox 715 3131 751 3192; x_wconf 90' lang='lat' dir='ltr'><strong>ad</strong></span> <span class='ocrx_word' id='word_1_244' title='bbox 768 3149 875 3193; x_wconf 93' lang='lat' dir='ltr'><strong>nomen</strong></span> <span class='ocrx_word' id='word_1_245' title='bbox 892 3133 1100 3210; x_wconf 84' lang='lat' dir='ltr'><strong>praemissum:</strong></span> <span class='ocrx_word' id='word_1_246' title='bbox 1124 3130 1242 3192; x_wconf 82' lang='lat' dir='ltr'><strong>‘Cicero</strong></span> <span class='ocrx_word' id='word_1_247' title='bbox 1258 3133 1386 3210; x_wconf 82' lang='lat' dir='ltr'><strong>scripsit,</strong></span> 
     </span>
     <span class='ocr_line' id='line_1_27' title="bbox 101 3231 1386 3316; baseline 0.004 -26"><span class='ocrx_word' id='word_1_248' title='bbox 101 3233 157 3310; x_wconf 87' lang='lat' dir='ltr'><strong>ipse</strong></span> <span class='ocrx_word' id='word_1_249' title='bbox 179 3235 264 3294; x_wconf 90' lang='lat' dir='ltr'><strong>etiam</strong></span> <span class='ocrx_word' id='word_1_250' title='bbox 289 3232 345 3294; x_wconf 89' lang='lat' dir='ltr'><strong>hoc</strong></span> <span class='ocrx_word' id='word_1_251' title='bbox 368 3231 458 3294; x_wconf 85' lang='lat' dir='ltr'><strong>iecit&#39;.</strong></span> <span class='ocrx_word' id='word_1_252' title='bbox 504 3231 651 3311; x_wconf 88' lang='lat' dir='ltr'><strong>Numquid</strong></span> <span class='ocrx_word' id='word_1_253' title='bbox 680 3233 782 3313; x_wconf 76' lang='lat' dir='ltr'><strong>‘ipse’</strong></span> <span class='ocrx_word' id='word_1_254' title='bbox 808 3251 931 3313; x_wconf 90' lang='lat' dir='ltr'><strong>possum</strong></span> <span class='ocrx_word' id='word_1_255' title='bbox 958 3232 1136 3312; x_wconf 83' lang='lat' dir='ltr'><strong>intellegere</strong></span> <span class='ocrx_word' id='word_1_256' title='bbox 1162 3251 1220 3316; x_wconf 94' lang='lat' dir='ltr'><strong>pro</strong></span> <span class='ocrx_word' id='word_1_257' title='bbox 1243 3233 1386 3296; x_wconf 82' lang='lat' dir='ltr'><strong>Cicerone</strong></span> 
     </span>
     <span class='ocr_line' id='line_1_28' title="bbox 102 3333 1387 3416; baseline 0.002 -22"><span class='ocrx_word' id='word_1_258' title='bbox 102 3333 274 3414; x_wconf 63' lang='lat' dir='ltr'><strong>‘vergiliust</strong></span> <span class='ocrx_word' id='word_1_259' title='bbox 318 3334 432 3397; x_wconf 85' lang='lat' dir='ltr'><strong>Pendet</strong></span> <span class='ocrx_word' id='word_1_260' title='bbox 454 3353 469 3394; x_wconf 91' lang='lat' dir='ltr'><strong>a</strong></span> <span class='ocrx_word' id='word_1_261' title='bbox 492 3333 647 3415; x_wconf 87' lang='lat' dir='ltr'><strong>superiore</strong></span> <span class='ocrx_word' id='word_1_262' title='bbox 670 3336 800 3396; x_wconf 89' lang='lat' dir='ltr'><strong>nominc.</strong></span> <span class='ocrx_word' id='word_1_263' title='bbox 846 3335 909 3396; x_wconf 89' lang='lat' dir='ltr'><strong>Hoc</strong></span> <span class='ocrx_word' id='word_1_264' title='bbox 937 3342 983 3396; x_wconf 88' lang='lat' dir='ltr'><strong>est</strong></span> <span class='ocrx_word' id='word_1_265' title='bbox 1006 3353 1077 3414; x_wconf 83' lang='lat' dir='ltr'><strong>crgo</strong></span> <span class='ocrx_word' id='word_1_266' title='bbox 1100 3353 1265 3416; x_wconf 87' lang='lat' dir='ltr'><strong>pronomen</strong></span> <span class='ocrx_word' id='word_1_267' title='bbox 1288 3335 1387 3397; x_wconf 89' lang='lat' dir='ltr'><strong>minus</strong></span> 
     </span>
     <span class='ocr_line' id='line_1_29' title="bbox 103 3436 1383 3518; baseline 0.003 -22"><span class='ocrx_word' id='word_1_268' title='bbox 103 3455 180 3514; x_wconf 80' lang='lat' dir='ltr'><strong>quam</strong></span> <span class='ocrx_word' id='word_1_269' title='bbox 206 3439 337 3500; x_wconf 83' lang='lat' dir='ltr'><strong>finitum:</strong></span> <span class='ocrx_word' id='word_1_270' title='bbox 367 3437 681 3498; x_wconf 90' lang='lat' dir='ltr'><strong>commemorationem</strong></span> <span class='ocrx_word' id='word_1_271' title='bbox 705 3436 775 3497; x_wconf 86' lang='lat' dir='ltr'><strong>tacit</strong></span> <span class='ocrx_word' id='word_1_272' title='bbox 803 3439 866 3498; x_wconf 89' lang='lat' dir='ltr'><strong>eius</strong></span> <span class='ocrx_word' id='word_1_273' title='bbox 894 3455 1054 3518; x_wconf 84' lang='lat' dir='ltr'><strong>personae,</strong></span> <span class='ocrx_word' id='word_1_274' title='bbox 1083 3436 1120 3499; x_wconf 89' lang='lat' dir='ltr'><strong>de</strong></span> <span class='ocrx_word' id='word_1_275' title='bbox 1143 3455 1200 3516; x_wconf 88' lang='lat' dir='ltr'><strong>qua</strong></span> <span class='ocrx_word' id='word_1_276' title='bbox 1222 3439 1280 3499; x_wconf 81' lang='lat' dir='ltr'><strong>ianr</strong></span> <span class='ocrx_word' id='word_1_277' title='bbox 1303 3436 1383 3500; x_wconf 89' lang='lat' dir='ltr'><strong>locu·</strong></span> 
     </span>
     <span class='ocr_line' id='line_1_30' title="bbox 102 3545 212 3600; baseline 0.045 -4"><span class='ocrx_word' id='word_1_278' title='bbox 102 3545 142 3598; x_wconf 91' lang='lat' dir='ltr'><strong>tus</strong></span> <span class='ocrx_word' id='word_1_279' title='bbox 162 3548 212 3600; x_wconf 74' lang='lat' dir='ltr'><strong>est„</strong></span> 
     </span>
    </p>
   </div>
   <div class='ocr_carea' id='block_1_9' title="bbox 75 3655 1385 4061">
    <p class='ocr_par' dir='ltr' id='par_1_13' title="bbox 75 3655 1385 3940">
     <span class='ocr_line' id='line_1_31' title="bbox 75 3655 1384 3736; baseline 0.002 -16"><span class='ocrx_word' id='word_1_280' title='bbox 75 3669 94 3708; x_wconf 73' lang='lat' dir='ltr'><strong>t&gt;</strong></span> <span class='ocrx_word' id='word_1_281' title='bbox 175 3655 338 3720; x_wconf 77' lang='lat' dir='ltr'><strong>Articuiare</strong></span> <span class='ocrx_word' id='word_1_282' title='bbox 367 3657 489 3728; x_wconf 90' lang='lat' dir='ltr'><strong>dicitur,</strong></span> <span class='ocrx_word' id='word_1_283' title='bbox 519 3656 596 3736; x_wconf 87' lang='lat' dir='ltr'><strong>quod</strong></span> <span class='ocrx_word' id='word_1_284' title='bbox 625 3655 790 3719; x_wconf 88' lang='lat' dir='ltr'><strong>declinatur·</strong></span> <span class='ocrx_word' id='word_1_285' title='bbox 819 3677 885 3719; x_wconf 90' lang='lat' dir='ltr'><strong>cum</strong></span> <span class='ocrx_word' id='word_1_286' title='bbox 910 3658 1029 3718; x_wconf 90' lang='lat' dir='ltr'><strong>nomine</strong></span> <span class='ocrx_word' id='word_1_287' title='bbox 1051 3665 1171 3718; x_wconf 89' lang='lat' dir='ltr'><strong>etcum</strong></span> <span class='ocrx_word' id='word_1_288' title='bbox 1193 3661 1384 3734; x_wconf 81' lang='lat' dir='ltr'><strong>pronomine:</strong></span> 
     </span>
     <span class='ocr_line' id='line_1_32' title="bbox 104 3758 1385 3838; baseline 0.005 -23"><span class='ocrx_word' id='word_1_289' title='bbox 104 3775 159 3818; x_wconf 86' lang='lat' dir='ltr'><strong>cam</strong></span> <span class='ocrx_word' id='word_1_290' title='bbox 179 3763 310 3822; x_wconf 74' lang='lat' dir='ltr'><strong>nomme:</strong></span> <span class='ocrx_word' id='word_1_291' title='bbox 347 3760 395 3820; x_wconf 89' lang='lat' dir='ltr'><strong>hic</strong></span> <span class='ocrx_word' id='word_1_292' title='bbox 417 3761 530 3820; x_wconf 81' lang='lat' dir='ltr'><strong>Aeneas</strong></span> <span class='ocrx_word' id='word_1_293' title='bbox 553 3758 641 3820; x_wconf 85' lang='lat' dir='ltr'><strong>huius</strong></span> <span class='ocrx_word' id='word_1_294' title='bbox 662 3762 793 3829; x_wconf 78' lang='lat' dir='ltr'><strong>Aeneae:</strong></span> <span class='ocrx_word' id='word_1_295' title='bbox 825 3777 892 3820; x_wconf 86' lang='lat' dir='ltr'><strong>curn</strong></span> <span class='ocrx_word' id='word_1_296' title='bbox 916 3760 1092 3838; x_wconf 89' lang='lat' dir='ltr'><strong>pronomine</strong></span> <span class='ocrx_word' id='word_1_297' title='bbox 1120 3759 1300 3822; x_wconf 85' lang='lat' dir='ltr'><strong>declinatur:</strong></span> <span class='ocrx_word' id='word_1_298' title='bbox 1336 3761 1385 3824; x_wconf 85' lang='lat' dir='ltr'><strong>hic</strong></span> 
     </span>
     <span class='ocr_line' id='line_1_33' title="bbox 104 3857 387 3940; baseline 0.018 -24"><span class='ocrx_word' id='word_1_299' title='bbox 104 3857 158 3937; x_wconf 89' lang='lat' dir='ltr'><strong>ipse</strong></span> <span class='ocrx_word' id='word_1_300' title='bbox 177 3861 262 3923; x_wconf 89' lang='lat' dir='ltr'><strong>huius</strong></span> <span class='ocrx_word' id='word_1_301' title='bbox 283 3863 387 3940; x_wconf 89' lang='lat' dir='ltr'><strong>ipsius.</strong></span> 
     </span>
    </p>

    <p class='ocr_par' dir='ltr' id='par_1_14' title="bbox 176 3980 1385 4061">
     <span class='ocr_line' id='line_1_34' title="bbox 176 3980 1385 4061; baseline 0.003 -20"><span class='ocrx_word' id='word_1_302' title='bbox 176 3981 361 4050; x_wconf 87' lang='lat' dir='ltr'><strong>Possessiua,</strong></span> <span class='ocrx_word' id='word_1_303' title='bbox 399 3998 474 4060; x_wconf 89' lang='lat' dir='ltr'><strong>quae</strong></span> <span class='ocrx_word' id='word_1_304' title='bbox 503 3997 556 4041; x_wconf 92' lang='lat' dir='ltr'><strong>nos</strong></span> <span class='ocrx_word' id='word_1_305' title='bbox 589 3980 699 4060; x_wconf 81' lang='lat' dir='ltr'><strong>aliquid</strong></span> <span class='ocrx_word' id='word_1_306' title='bbox 730 3980 884 4061; x_wconf 87' lang='lat' dir='ltr'><strong>possidere</strong></span> <span class='ocrx_word' id='word_1_307' title='bbox 917 3981 1097 4059; x_wconf 81' lang='lat' dir='ltr'><strong>significant,</strong></span> <span class='ocrx_word' id='word_1_308' title='bbox 1135 3989 1168 4042; x_wconf 87' lang='lat' dir='ltr'><strong>ut</strong></span> <span class='ocrx_word' id='word_1_309' title='bbox 1202 3999 1284 4044; x_wconf 90' lang='lat' dir='ltr'><strong>meus</strong></span> <span class='ocrx_word' id='word_1_310' title='bbox 1317 3991 1385 4046; x_wconf 91' lang='lat' dir='ltr'><strong>tuus</strong></span> 
     </span>
    </p>
   </div>
   <div class='ocr_carea' id='block_1_10' title="bbox 79 4080 1383 4264">
    <p class='ocr_par' dir='ltr' id='par_1_15' title="bbox 79 4080 1383 4264">
     <span class='ocr_line' id='line_1_35' title="bbox 106 4080 1383 4162; baseline 0.007 -25"><span class='ocrx_word' id='word_1_311' title='bbox 106 4091 194 4142; x_wconf 82' lang='lat' dir='ltr'><strong>noster</strong></span> <span class='ocrx_word' id='word_1_312' title='bbox 220 4090 320 4144; x_wconf 89' lang='lat' dir='ltr'><strong>uester</strong></span> <span class='ocrx_word' id='word_1_313' title='bbox 349 4089 378 4143; x_wconf 89' lang='lat' dir='ltr'><strong>et</strong></span> <span class='ocrx_word' id='word_1_314' title='bbox 401 4080 465 4156; x_wconf 80' lang='lat' dir='ltr'><strong>alia.</strong></span> <span class='ocrx_word' id='word_1_315' title='bbox 511 4082 586 4143; x_wconf 88' lang='lat' dir='ltr'><strong>Istue</strong></span> <span class='ocrx_word' id='word_1_316' title='bbox 614 4089 683 4143; x_wconf 92' lang='lat' dir='ltr'><strong>suut</strong></span> <span class='ocrx_word' id='word_1_317' title='bbox 710 4085 827 4162; x_wconf 90' lang='lat' dir='ltr'><strong>species</strong></span> <span class='ocrx_word' id='word_1_318' title='bbox 854 4085 985 4144; x_wconf 91' lang='lat' dir='ltr'><strong>omnium</strong></span> <span class='ocrx_word' id='word_1_319' title='bbox 1013 4083 1234 4162; x_wconf 90' lang='lat' dir='ltr'><strong>pronominum.</strong></span> <span class='ocrx_word' id='word_1_320' title='bbox 1278 4085 1383 4146; x_wconf 83' lang='lat' dir='ltr'><strong>Omnia</strong></span> 
     </span>
     <span class='ocr_line' id='line_1_36' title="bbox 79 4183 1330 4264; baseline 0.004 -23"><span class='ocrx_word' id='word_1_321' title='bbox 79 4186 265 4257; x_wconf 75' lang='lat' dir='ltr'><strong>t⁵prouomina</strong></span> <span class='ocrx_word' id='word_1_322' title='bbox 288 4191 341 4245; x_wconf 91' lang='lat' dir='ltr'><strong>aut</strong></span> <span class='ocrx_word' id='word_1_323' title='bbox 362 4184 442 4244; x_wconf 87' lang='lat' dir='ltr'><strong>finita</strong></span> <span class='ocrx_word' id='word_1_324' title='bbox 464 4191 534 4244; x_wconf 89' lang='lat' dir='ltr'><strong>sunt</strong></span> <span class='ocrx_word' id='word_1_325' title='bbox 555 4192 606 4246; x_wconf 92' lang='lat' dir='ltr'><strong>aut</strong></span> <span class='ocrx_word' id='word_1_326' title='bbox 627 4185 751 4246; x_wconf 88' lang='lat' dir='ltr'><strong>infinita.</strong></span> <span class='ocrx_word' id='word_1_327' title='bbox 796 4184 891 4246; x_wconf 89' lang='lat' dir='ltr'><strong>Finita</strong></span> <span class='ocrx_word' id='word_1_328' title='bbox 913 4193 992 4255; x_wconf 86' lang='lat' dir='ltr'><strong>snut,</strong></span> <span class='ocrx_word' id='word_1_329' title='bbox 1015 4192 1047 4246; x_wconf 90' lang='lat' dir='ltr'><strong>ut</strong></span> <span class='ocrx_word' id='word_1_330' title='bbox 1069 4203 1124 4264; x_wconf 78' lang='lat' dir='ltr'><strong>ego</strong></span> <span class='ocrx_word' id='word_1_331' title='bbox 1146 4193 1179 4246; x_wconf 90' lang='lat' dir='ltr'><strong>tu</strong></span> <span class='ocrx_word' id='word_1_332' title='bbox 1200 4183 1251 4247; x_wconf 86' lang='lat' dir='ltr'><strong>iile</strong></span> <span class='ocrx_word' id='word_1_333' title='bbox 1274 4193 1330 4246; x_wconf 89' lang='lat' dir='ltr'><strong>etc.</strong></span> 
     </span>
    </p>
   </div>
   <div class='ocr_carea' id='block_1_11' title="bbox 110 4367 316 4380">
    <p class='ocr_par' dir='ltr' id='par_1_16' title="bbox 110 4367 316 4380">
     <span class='ocr_line' id='line_1_37' title="bbox 110 4367 316 4380; baseline 0.005 -1"><span class='ocrx_word' id='word_1_334' title='bbox 110 4367 316 4380; x_wconf 42' lang='lat' dir='ltr'><strong>*ffi-</strong></span> 
     </span>
    </p>
   </div>
   <div class='ocr_carea' id='block_1_12' title="bbox 109 4504 1386 4915">
    <p class='ocr_par' dir='ltr' id='par_1_17' title="bbox 109 4504 1386 4915">
     <span class='ocr_line' id='line_1_38' title="bbox 145 4504 1383 4573; baseline 0.001 -18"><span class='ocrx_word' id='word_1_335' title='bbox 145 4505 370 4561; x_wconf 77' lang='lat' dir='ltr'><strong>‚ddenumeribns</strong></span> <span class='ocrx_word' id='word_1_336' title='bbox 405 4506 440 4557; x_wconf 86' lang='lat' dir='ltr'><strong>hii</strong></span> <span class='ocrx_word' id='word_1_337' title='bbox 492 4504 643 4570; x_wconf 83' lang='lat' dir='ltr'><strong>9neolcum</strong></span> <span class='ocrx_word' id='word_1_338' title='bbox 679 4507 826 4557; x_wconf 78' lang='lat' dir='ltr'><strong>teutomodo</strong></span> <span class='ocrx_word' id='word_1_339' title='bbox 880 4505 1056 4558; x_wconf 80' lang='lat' dir='ltr'><strong>todeclinatio</strong></span> <span class='ocrx_word' id='word_1_340' title='bbox 1109 4508 1138 4556; x_wconf 85' lang='lat'><strong>11</strong></span> <span class='ocrx_word' id='word_1_341' title='bbox 1151 4517 1200 4556; x_wconf 90' lang='lat' dir='ltr'><strong>tres</strong></span> <span class='ocrx_word' id='word_1_342' title='bbox 1253 4507 1383 4573; x_wconf 74' lang='lat' dir='ltr'><strong>idpseni-</strong></span> 
     </span>
     <span class='ocr_line' id='line_1_39' title="bbox 109 4573 1386 4643; baseline 0.009 -29"><span class='ocrx_word' id='word_1_343' title='bbox 109 4577 142 4619; x_wconf 81' lang='lat' dir='ltr'><strong>tus</strong></span> <span class='ocrx_word' id='word_1_344' title='bbox 200 4573 318 4626; x_wconf 84' lang='lat' dir='ltr'><strong>difluiuut</strong></span> <span class='ocrx_word' id='word_1_345' title='bbox 386 4576 497 4639; x_wconf 88' lang='lat' dir='ltr'><strong>quisque</strong></span> <span class='ocrx_word' id='word_1_346' title='bbox 514 4575 585 4639; x_wconf 88' lang='lat' dir='ltr'><strong>quod</strong></span> <span class='ocrx_word' id='word_1_347' title='bbox 654 4575 685 4625; x_wconf 86' lang='grc'><strong>17</strong></span> <span class='ocrx_word' id='word_1_348' title='bbox 703 4589 719 4624; x_wconf 87' lang='lat' dir='ltr'><strong>a</strong></span> <span class='ocrx_word' id='word_1_349' title='bbox 737 4574 809 4626; x_wconf 84' lang='lat' dir='ltr'><strong>fluito</strong></span> <span class='ocrx_word' id='word_1_350' title='bbox 828 4575 886 4643; x_wconf 85' lang='lat' dir='ltr'><strong>ptus</strong></span> <span class='ocrx_word' id='word_1_351' title='bbox 905 4575 1051 4641; x_wconf 81' lang='lat' dir='ltr'><strong>significant</strong></span> <span class='ocrx_word' id='word_1_352' title='bbox 1072 4578 1099 4625; x_wconf 82' lang='lat' dir='ltr'><strong>in</strong></span> <span class='ocrx_word' id='word_1_353' title='bbox 1116 4590 1195 4640; x_wconf 81' lang='lat' dir='ltr'><strong>morp.</strong></span> <span class='ocrx_word' id='word_1_354' title='bbox 1213 4579 1298 4639; x_wconf 79' lang='lat' dir='ltr'><strong>suppl.</strong></span> <span class='ocrx_word' id='word_1_355' title='bbox 1317 4575 1386 4626; x_wconf 78' lang='lat' dir='ltr'><strong>ml</strong></span> 
     </span>
     <span class='ocr_line' id='line_1_40' title="bbox 110 4639 1383 4709; baseline 0.006 -25"><span class='ocrx_word' id='word_1_356' title='bbox 110 4639 135 4686; x_wconf 82' lang='lat' dir='ltr'><strong>ta</strong></span> <span class='ocrx_word' id='word_1_357' title='bbox 151 4639 246 4692; x_wconf 75' lang='lat' dir='ltr'><strong>referres</strong></span> <span class='ocrx_word' id='word_1_358' title='bbox 306 4645 340 4694; x_wconf 90' lang='grc'><strong>10</strong></span> <span class='ocrx_word' id='word_1_359' title='bbox 357 4645 460 4693; x_wconf 85' lang='lat' dir='ltr'><strong>scribsit</strong></span> <span class='ocrx_word' id='word_1_360' title='bbox 478 4643 589 4694; x_wconf 86' lang='lat' dir='ltr'><strong>bocoiicn</strong></span> <span class='ocrx_word' id='word_1_361' title='bbox 624 4643 739 4701; x_wconf 79' lang='lat' dir='ltr'><strong>scribsit,</strong></span> <span class='ocrx_word' id='word_1_362' title='bbox 761 4659 863 4709; x_wconf 75' lang='lat' dir='ltr'><strong>semper</strong></span> <span class='ocrx_word' id='word_1_363' title='bbox 929 4645 962 4694; x_wconf 90' lang='grc'><strong>11</strong></span> <span class='ocrx_word' id='word_1_364' title='bbox 981 4645 1081 4709; x_wconf 87' lang='lat' dir='ltr'><strong>positos</strong></span> <span class='ocrx_word' id='word_1_365' title='bbox 1127 4657 1178 4693; x_wconf 92' lang='lat' dir='ltr'><strong>nou</strong></span> <span class='ocrx_word' id='word_1_366' title='bbox 1198 4654 1283 4708; x_wconf 88' lang='lat' dir='ltr'><strong>potest</strong></span> <span class='ocrx_word' id='word_1_367' title='bbox 1350 4643 1383 4693; x_wconf 77' lang='lat'><strong>25</strong></span> 
     </span>
     <span class='ocr_line' id='line_1_41' title="bbox 109 4703 1383 4777; baseline 0.008 -26"><span class='ocrx_word' id='word_1_368' title='bbox 109 4703 179 4768; x_wconf 79' lang='lat' dir='ltr'><strong>inite,</strong></span> <span class='ocrx_word' id='word_1_369' title='bbox 196 4725 262 4762; x_wconf 77' lang='lat' dir='ltr'><strong>corr.</strong></span> <span class='ocrx_word' id='word_1_370' title='bbox 280 4721 334 4762; x_wconf 91' lang='lat' dir='ltr'><strong>tom</strong></span> <span class='ocrx_word' id='word_1_371' title='bbox 388 4711 494 4762; x_wconf 80' lang='lat' dir='ltr'><strong>retertur</strong></span> <span class='ocrx_word' id='word_1_372' title='bbox 512 4721 536 4762; x_wconf 87' lang='lat' dir='ltr'><strong>et</strong></span> <span class='ocrx_word' id='word_1_373' title='bbox 554 4726 645 4761; x_wconf 90' lang='lat' dir='ltr'><strong>nomen</strong></span> <span class='ocrx_word' id='word_1_374' title='bbox 663 4712 822 4776; x_wconf 88' lang='lat' dir='ltr'><strong>promissum</strong></span> <span class='ocrx_word' id='word_1_375' title='bbox 885 4713 918 4763; x_wconf 83' lang='grc'><strong>17</strong></span> <span class='ocrx_word' id='word_1_376' title='bbox 935 4711 1024 4777; x_wconf 86' lang='lat' dir='ltr'><strong>pendit</strong></span> <span class='ocrx_word' id='word_1_377' title='bbox 1091 4713 1124 4762; x_wconf 88' lang='grc'><strong>18</strong></span> <span class='ocrx_word' id='word_1_378' title='bbox 1141 4713 1383 4762; x_wconf 82' lang='lat' dir='ltr'><strong>comemorationem</strong></span> 
     </span>
     <span class='ocr_line' id='line_1_42' title="bbox 110 4770 1381 4846; baseline 0.006 -26"><span class='ocrx_word' id='word_1_379' title='bbox 110 4770 159 4824; x_wconf 84' lang='lat' dir='ltr'><strong>iecit</strong></span> <span class='ocrx_word' id='word_1_380' title='bbox 220 4793 329 4845; x_wconf 85' lang='lat' dir='ltr'><strong>persone</strong></span> <span class='ocrx_word' id='word_1_381' title='bbox 402 4781 434 4831; x_wconf 77' lang='lat'><strong>31</strong></span> <span class='ocrx_word' id='word_1_382' title='bbox 453 4794 510 4829; x_wconf 91' lang='lat' dir='ltr'><strong>oum</strong></span> <span class='ocrx_word' id='word_1_383' title='bbox 530 4780 631 4829; x_wconf 89' lang='lat' dir='ltr'><strong>nomine</strong></span> <span class='ocrx_word' id='word_1_384' title='bbox 648 4780 739 4830; x_wconf 81' lang='lat' dir='ltr'><strong>addidi</strong></span> <span class='ocrx_word' id='word_1_385' title='bbox 807 4795 865 4830; x_wconf 85' lang='lat' dir='ltr'><strong>cum</strong></span> <span class='ocrx_word' id='word_1_386' title='bbox 883 4795 930 4846; x_wconf 89' lang='lat' dir='ltr'><strong>pro</strong></span> <span class='ocrx_word' id='word_1_387' title='bbox 950 4781 1050 4830; x_wconf 91' lang='lat' dir='ltr'><strong>nomine</strong></span> <span class='ocrx_word' id='word_1_388' title='bbox 1117 4781 1262 4844; x_wconf 72' lang='lat' dir='ltr'><strong>contego</strong></span> <span class='ocrx_word' id='word_1_389' title='bbox 1281 4777 1381 4844; x_wconf 83' lang='lat' dir='ltr'><strong>tuille]</strong></span> 
     </span>
     <span class='ocr_line' id='line_1_43' title="bbox 111 4839 1218 4915; baseline 0.001 -21"><span class='ocrx_word' id='word_1_390' title='bbox 111 4839 213 4908; x_wconf 69' lang='lat' dir='ltr'><strong>Sequere</strong></span> <span class='ocrx_word' id='word_1_391' title='bbox 227 4850 399 4912; x_wconf 80' lang='lat' dir='ltr'><strong>pronominron</strong></span> <span class='ocrx_word' id='word_1_392' title='bbox 412 4847 483 4900; x_wconf 84' lang='lat' dir='ltr'><strong>XXI</strong></span> <span class='ocrx_word' id='word_1_393' title='bbox 500 4849 655 4898; x_wconf 81' lang='lat' dir='ltr'><strong>enumeratio</strong></span> <span class='ocrx_word' id='word_1_394' title='bbox 672 4849 806 4899; x_wconf 83' lang='lat' dir='ltr'><strong>secundnm</strong></span> <span class='ocrx_word' id='word_1_395' title='bbox 823 4849 968 4914; x_wconf 82' lang='lat' dir='ltr'><strong>Pompeium</strong></span> <span class='ocrx_word' id='word_1_396' title='bbox 985 4864 1013 4913; x_wconf 90' lang='lat' dir='ltr'><strong>p.</strong></span> <span class='ocrx_word' id='word_1_397' title='bbox 1032 4850 1092 4911; x_wconf 83' lang='lat'><strong><em>201,</em></strong></span> <span class='ocrx_word' id='word_1_398' title='bbox 1112 4850 1146 4898; x_wconf 80' lang='lat'><strong>30</strong></span> <span class='ocrx_word' id='word_1_399' title='bbox 1163 4863 1218 4915; x_wconf 79' lang='lat' dir='ltr'><strong>req.</strong></span> 
     </span>
    </p>
   </div>
   <div class='ocr_carea' id='block_1_13' title="bbox 0 0 1662 5566">
    <p class='ocr_par' dir='ltr' id='par_1_18' title="bbox 0 0 1662 5566">
     <span class='ocr_line' id='line_1_44' title="bbox 0 0 1662 5566; baseline 0 1"><span class='ocrx_word' id='word_1_400' title='bbox 0 0 1662 5566; x_wconf 95' lang='lat' dir='ltr'><strong> </strong></span> 
     </span>
    </p>
   </div>
  </div>
 </body>
</html>
