3316 5566
574 345 785 398 sennensis.
1287 341 1329 406 89

50 537 139 605 nitur,
172 533 258 616 quid
288 533 339 595 sit
365 535 466 596 inter
495 532 789 597 indeclinabilia
818 543 855 594 et
884 539 1010 612 aptota
1039 539 1075 594 et
1102 541 1327 612 monoptota.

52 639 85 696 m
102 637 289 698 sciendam
317 643 373 698 est
400 639 498 714 quoe
519 645 554 697 et
580 643 714 714 aptota
736 643 771 698 et
791 644 1008 712 monoptota
1036 633 1328 696 indeclinabilia

50 747 132 808 sunt,
155 736 333 799 similiter
358 739 453 800 eninr
476 756 547 799 nen
570 739 721 799 uariant
742 738 1061 807 terminationem,
1085 737 1147 799 sed
1170 735 1327 799 inmobi-

51 837 105 900 lem
131 859 207 902 eam
235 848 400 903 seruant.
444 841 579 920 Aptota
602 849 721 902 tamen
751 845 841 902 sunt
868 841 1020 920 proprie
1043 837 1214 909 dicenda,
1237 856 1328 919 quae

32 943 304 1004 anominatiuum
335 941 452 1004 selum
476 941 626 1012 babent,
658 944 719 1021 qui
746 942 967 1022 plerumque
990 948 1027 1002 et
1050 942 1249 1002 uocatiuus
1272 942 1328 1002 in-

51 1045 182 1104 uenitur
205 1051 240 1104 et
262 1062 332 1105 non
355 1045 543 1124 accipitur
565 1045 677 1105 ctiam
710 1063 776 1124 pro
809 1041 975 1123 obliquis
1008 1042 1172 1117 casibus,
1203 1050 1241 1103 ut
1268 1042 1330 1102 bic

50 1142 200 1224 luppiter
224 1154 260 1205 et
281 1165 299 1206 o
323 1146 512 1227 luppiter,
534 1145 592 1206 bic
615 1144 804 1226 Diespiter
828 1143 1109 1224 etelliespiter.
1148 1143 1329 1206 Neutrum

52 1264 137 1316 uero,
160 1246 188 1307 si
211 1249 262 1309 sit
283 1253 472 1328 aptatum,
497 1249 716 1310 necessarie
740 1248 850 1309 etiam
872 1263 937 1325 pro
960 1247 1183 1308 accusatiue
1205 1255 1241 1308 et
1264 1264 1328 1307 uo-

51 1346 1327 1427 catinoaccipiturhuinsnominatiuns,quodgcneraleestemninm

26 1458 262 1519 torrentiorem,
287 1457 324 1512 ut
347 1450 414 1512 boc
436 1451 491 1512 las
513 1450 580 1512 boe
603 1451 708 1512 nelas
731 1451 800 1512 boc
823 1451 879 1511 las
900 1449 968 1511 boc
990 1451 1096 1512 uelas
1118 1470 1136 1510 o
1158 1450 1213 1512 las
1235 1469 1252 1512 o
1272 1468 1327 1512 ee-

48 1551 106 1622 fas.
135 1551 348 1633 llonepteta
371 1571 461 1613 uere
484 1559 583 1623 suut,
601 1570 691 1631 quae
713 1571 779 1634 pro
803 1553 901 1614 omni
924 1570 1011 1613 casu
1033 1570 1102 1613 una
1126 1551 1328 1630 eademque

52 1656 303 1716 terminatione
337 1655 561 1734 iunguntur,
593 1655 717 1735 qualia
751 1662 837 1715 sunt
869 1655 1014 1716 nemina
1048 1652 1262 1716 litterarum
1290 1660 1328 1714 et

51 1773 267 1819 numerorum
291 1773 307 1816 a
330 1765 508 1836 quattuor
532 1776 647 1838 nsque
670 1756 710 1816 ad
735 1764 898 1824 centum:
929 1754 1030 1816 mille
1053 1774 1198 1836 queque
1220 1757 1327 1818 inde·

52 1855 212 1920 elinabile
241 1866 296 1920 est
323 1867 358 1920 et
377 1861 486 1948 sique
508 1861 761 1922 inueniuntur
782 1861 944 1938 similia,
972 1865 1010 1918 ut
1031 1857 1100 1918 boc
1122 1877 1137 1918 a
1161 1847 1271 1920 buius
1294 1878 1326 1935 a,
1438 1923 1446 1940 ⁸

1 1956 104 2020 ,ahoe
125 1961 191 2022 alla
215 1961 326 2022 buius
348 1959 437 2030 alla,
473 1961 508 2021 nr
532 1968 716 2038 quattuor
738 1960 864 2022 berum
893 1966 1087 2041 quattuor,
1122 1960 1158 2021 bi
1181 1970 1270 2042 quet
1292 1969 1329 2024 et

52 2058 159 2123 herum
182 2071 285 2144 qneot,
309 2063 345 2124 bi
369 2071 423 2124 tet
446 2063 573 2124 berum
595 2071 666 2134 tot,
696 2065 783 2124 etsi
807 2079 874 2141 qua
897 2062 1149 2123 inueniuntur
1171 2062 1326 2136 similia,

53 2171 81 2220 et
104 2163 165 2226 bec
187 2168 323 2243 gummi
353 2165 462 2226 belus
485 2168 634 2243 gummi,
665 2164 733 2225 boe
760 2166 884 2244 sinapi
911 2165 1023 2225 buius
1052 2167 1192 2242 sinapi.
1237 2166 1327 2227 Item

53 2262 97 2324 bie
117 2275 149 2326 et
170 2266 263 2328 baec
285 2274 320 2327 et
334 2265 401 2329 bec
418 2285 580 2346 nequam.
610 2267 685 2328 Sunt
700 2285 771 2346 ergo
784 2267 898 2328 iormae
912 2266 1044 2328 casuales
1056 2285 1124 2328 sex:
1147 2276 1327 2348 monoptota,

40 2369 112 2441 'qnae
140 2387 194 2430 una
228 2370 436 2430 terminatione
464 2387 518 2449 per
547 2387 650 2430 omnes
683 2387 769 2430 casus
797 2368 969 2447 iunguntur,
999 2378 1032 2430 ut
1060 2387 1188 2448 nequam
1215 2373 1328 2449 gummi

28 2465 122 2546 aalpba
138 2469 201 2531 beta
219 2488 313 2531 corne
337 2477 476 2548 quattuor
498 2488 565 2540 sex,
589 2480 619 2531 et
641 2469 714 2532 haec
738 2472 856 2532 tremine
880 2473 1010 2542 numeri,
1035 2491 1110 2551 quae
1133 2479 1203 2534 sunt
1224 2491 1334 2534 mene.

54 2577 116 2645 pieta
135 2571 180 2633 uel
200 2571 436 2644 indeclinabilia,
460 2575 626 2634 eommunia
643 2581 720 2634 sunt.
735 2575 824 2634 trium
847 2591 1002 2651 generum,
1026 2581 1059 2634 ut
1080 2573 1129 2636 bic
1152 2583 1182 2636 et
1203 2574 1278 2637 haee
1300 2583 1329 2638 et

55 2671 97 2731 boe
116 2682 258 2753 quattuor:
282 2675 325 2734 sic
347 2676 477 2754 quinque
499 2693 549 2736 sex
574 2684 604 2736 et
625 2675 766 2754 deinceps
789 2675 933 2754 usquead
950 2682 1084 2745 centum;
1108 2674 1188 2738 mille
1211 2695 1330 2756 queque

55 2792 187 2837 commune
203 2786 248 2837 est
263 2777 351 2837 trium
367 2795 521 2855 generum.
566 2777 620 2838 His
642 2776 786 2856 quidam
811 2777 921 2839 addunt
943 2775 991 2838 illa
1014 2780 1146 2850 nemina,
1170 2796 1246 2857 quae
1269 2789 1327 2840 tarn

56 2893 127 2954 eece,
153 2897 238 2959 quam
267 2880 482 2958 significatione
512 2896 604 2940 unum
632 2896 732 2940 casum
762 2878 886 2950 babent,
916 2886 949 2939 ut
969 2879 1140 2940 huiusmodi
1161 2880 1328 2942 istiusmodi

30 2987 79 3036 aa
97 2979 300 3042 huiuscemodi.
344 2981 417 3042 ltem
441 2980 486 3042 ias
513 2979 596 3042 nelas
623 2999 715 3058 nugas
743 2970 848 3062 sponte
880 2980 948 3042 tabo
982 2991 1051 3042 natu
1084 2981 1197 3043 ditione
1227 3000 1327 3063 caepe.

57 3078 150 3158 diptota
177 3091 260 3152 sunt,
288 3084 319 3143 in
343 3081 530 3160 quibusdan
553 3102 640 3145 casus
661 3092 731 3144 sunt
751 3091 879 3156 tantum,
909 3091 942 3143 ut
963 3083 1024 3142 lors
1047 3083 1138 3153 lerte,
1167 3082 1227 3144 tabi
1250 3085 1328 3154 tabe,

57 3181 132 3244 uicem
153 3187 225 3246 uice.
263 3184 327 3246 Alia
352 3186 486 3264 triptota,
510 3187 540 3244 in
564 3185 671 3262 quibus
694 3193 754 3246 tres
776 3203 863 3247 casus
885 3185 1089 3255 inueniuntur,
1113 3194 1145 3247 et
1166 3187 1243 3265 lrugi
1267 3187 1329 3248 lru·

57 3301 107 3357 geni
125 3287 214 3366 leuge.
260 3287 457 3348 Vetustissimi
486 3293 584 3346 tamen
607 3295 637 3348 et
659 3287 726 3348 lrux
755 3287 856 3366 fruges
884 3288 1101 3350 nominatinum
1128 3289 1327 3368 protulerunt.

58 3382 81 3443 ln
99 3406 147 3466 qna
168 3391 262 3450 lerina
286 3396 354 3450 sant
376 3390 475 3449 emnia
498 3399 602 3450 neutra
632 3390 750 3458 nonme
774 3389 923 3450 secundae
946 3387 1154 3452 declinationis
1175 3392 1206 3451 in
1228 3392 1328 3470 singu·
1373 3377 1383 3389 ’

33 3482 230 3553 aterinunero
251 3491 348 3552 inum
372 3488 419 3550 uel
441 3492 471 3552 in
494 3493 555 3552 ium
579 3499 609 3552 et
630 3493 661 3552 in
677 3508 745 3552 eum
768 3491 945 3567 desinentia,
969 3500 1001 3552 ut
1022 3491 1165 3571 templum
1187 3492 1328 3571 gaudium

59 3584 172 3664 ligneum.
217 3592 297 3653 Haec
320 3593 398 3653 enim
421 3601 482 3653 tres
505 3593 615 3654 lermas
642 3591 767 3663 babent,
797 3594 854 3654 bec
883 3595 980 3654 estin
1003 3613 1066 3663 um,
1091 3595 1121 3654 in
1145 3595 1163 3669 i,
1189 3595 1218 3655 in
1242 3615 1274 3666 o,
1300 3604 1330 3656 et

1 3693 2 3698 ’
60 3693 136 3754 emnia
156 3697 271 3756 nomina
295 3701 401 3756 neutra
422 3697 529 3756 tertiae
545 3692 749 3757 declinationis
771 3697 802 3756 in
819 3715 835 3755 e
851 3694 1026 3764 desinentia,
1050 3713 1126 3775 quae
1141 3705 1203 3758 tres
1219 3697 1330 3759 lormas

60 3788 154 3865 babent,
175 3795 232 3857 boe
253 3803 300 3858 est
322 3797 386 3857 ine
409 3798 439 3857 in
462 3798 487 3857 is
510 3799 540 3858 in
556 3799 575 3867 i,
599 3805 633 3858 ut
648 3795 781 3858 mirabile
804 3796 950 3859 mirabilis
973 3796 1108 3868 mirabili,
1133 3805 1162 3861 et
1176 3800 1208 3861 in
1223 3799 1330 3879 plurali

60 3899 105 3954 iam
123 3897 150 3957 in
170 3897 308 3968 secunda,
330 3895 342 3979 ΙΙ
357 3898 378 3958 1.
395 3894 454 3960 93·
471 3895 482 3980 ΙΙ
506 3918 594 3979 quam
616 3901 647 3961 in
670 3901 756 3960 tertia
780 3905 808 3960 et
830 3900 861 3960 in
883 3907 988 3979 quarta
1012 3898 1210 3962 declinatione
1233 3903 1329 3963 emnia

34 4000 143 4057 anneeea
163 3999 285 4080 pluralia
307 4001 427 4080 triptota
443 4009 522 4070 sunt,
547 4009 579 4062 ut
593 4001 701 4082 templa
717 4000 895 4080 templerum
918 4002 1051 4082 templis,
1076 4003 1118 4064 sie
1134 4002 1233 4064 sidera
1253 4001 1330 4063 side·

62 4111 112 4157 rem
125 4101 265 4164 sideribus
281 4105 312 4162 in
328 4104 414 4163 tertia
437 4100 650 4172 declinatione,
674 4112 703 4164 et
718 4105 757 4164 ita
780 4122 890 4165 cornua
907 4122 1051 4166 cornuum
1067 4103 1217 4166 cornibus.
1255 4105 1328 4165 Nam
1441 4088 1446 4096 ⁵

62 4197 85 4255 iu
100 4183 406 4276 quinta'declinatiene
428 4210 534 4266 neutra
555 4223 616 4266 nen
636 4205 794 4267 habentur.
836 4205 874 4266 Et
892 4208 922 4267 in
943 4205 1000 4268 hac
1021 4208 1116 4268 lerma
1140 4213 1209 4268 sunt
1231 4207 1328 4266 omnia
1350 4203 1359 4214 “

64 4331 267 4350 Q*

116 4423 294 4474 tdeelinabilia
374 4425 588 4476 censcientiam
607 4451 638 4462 -
658 4437 805 4492 monoptota
824 4443 872 4478 one.
942 4427 1038 4478 dalmi
1106 4427 1246 4492 iprepria
1314 4429 1331 4478 5

1 4541 2 4564 Χ
65 4489 181 4540 enecandam
230 4493 358 4544 debliuis
411 4494 1132 4562 'liupiter,biadiespiteretediospater,eorr.-piter
1185 4494 1330 4544 toenelns

65 4555 207 4630 lleersnnt
259 4561 429 4624 idqeat‘ner
480 4565 513 4613 14
530 4574 554 4612 et
566 4563 921 4625 aiqueinueniuntursimilia
933 4579 981 4617 em.
1036 4566 1068 4614 15
1081 4563 1116 4612 hii
1128 4573 1247 4626 quattuor
1300 4565 1330 4613 i'l

65 4615 123 4671 lienus
138 4627 214 4694 sinapi
231 4645 277 4680 om.
332 4632 363 4682 18
380 4629 461 4680 ferme
478 4631 608 4681 cessualea
681 4634 711 4683 19
730 4647 786 4681 oms
804 4646 894 4681 cassus
962 4633 997 4682 20
1014 4631 1061 4681 bec
1114 4631 1152 4681 uel
1170 4630 1330 4681 declinabilin

65 4689 221 4746 lieenmenia
272 4697 416 4761 ecquidem
470 4713 600 4762 neceque
651 4701 684 4750 24
701 4714 803 4750 cassum
854 4701 888 4750 25
900 4711 992 4764 sponte
1004 4697 1076 4765 tabe]
1095 4699 1129 4762 es.
1143 4699 1293 4750 domentiae
1304 4716 1330 4764 p.

1 4779 2 4782 ’
67 4755 148 4816 3571111
177 4762 339 4832 caepe]espe
384 4767 516 4816 accessos
560 4769 692 4818 dicessus
744 4769 960 4818 28uetustissime
994 4767 1124 4833 protuller.
1176 4769 1331 4819 29secuude

66 4821 214 4881 biennensis
263 4836 295 4885 31
309 4830 372 4884 bebi
415 4837 447 4885 32
460 4837 531 4886 tertie
583 4837 615 4890 33
628 4836 653 4885 in
667 4835 707 4885 his
758 4837 791 4888 36
803 4847 829 4886 et
840 4833 886 4904 ite]
901 4837 958 4890 Aa:
977 4847 1002 4887 et
1013 4837 1039 4886 in
1051 4837 1160 4900 quarte?
1195 4835 1331 4888 dlhabent
