3378 5550
595 297 634 350 IN
652 295 863 350 EVTYOHEM.
1267 313 1376 362 mm

86 497 165 544 torem
189 483 417 560 Sedrdinmoue
438 503 458 544 a
482 483 615 562 Veryito'a
642 489 801 548 laudatum
829 488 955 547 cundem
977 503 1040 548 esse
1061 487 1162 550 uirum
1185 485 1379 565 crediderim,

86 598 171 647 tanen
186 590 322 648 muttum
338 589 435 660 abest,
461 595 494 649 nt
515 590 562 662 id,
588 592 670 666 quad
692 587 831 650 Osannuc
848 587 927 662 fecit
950 589 1108 666 ‘Beitrdqe
1128 609 1189 652 zar
1208 592 1325 666 ariecn.
1349 610 1378 652 a.

87 697 145 751 nin.
169 691 534 766 Litteratnryesctricirtc'
557 691 594 752 11
611 709 645 768 a.
666 698 730 766 125,
755 709 812 768 eya
834 709 952 768 quoque
973 695 1116 766 arbitrer,
1141 695 1255 755 Karoli
1273 693 1384 768 Maeni

87 803 207 870 tenpore
230 799 263 852 et
284 793 444 853 Seduiium
466 794 546 854 nunc
568 801 598 853 et
625 795 790 870 Veroiiium
817 797 941 855 uixisse.
986 795 1065 855 Nam
1088 797 1144 856 666
1166 803 1248 856 certe
1276 813 1380 856 nerum

86 905 133 967 ea,
156 897 306 971 opusculi
328 896 425 968 iltius,
450 897 533 970 qaod
552 913 649 972 supra
671 899 919 969 commemoraui,
944 901 1154 973 paraenetici,
1178 899 1260 974 qnod
1279 905 1323 957 est
1345 899 1382 957 dc

85 999 246 1057 intonans
279 997 476 1073 Cornelianis,
507 1005 661 1060 auctorem
693 1000 811 1059 saecuti
841 1001 915 1058 nani
946 1001 1030 1060 initio
1059 1003 1171 1061 uixisse
1199 1001 1383 1075 eundemque
1442 1055 1449 1068 ,

85 1117 147 1172 esse,
172 1117 270 1175 quern
287 1101 496 1176 Hepidamnus
517 1101 681 1162 monachus
696 1099 908 1175 Sonaaitensis
930 1103 978 1162 uei
999 1104 1132 1177 quisquis
1150 1099 1216 1174 snit
1236 1104 1301 1178 eina
1323 1103 1384 1162 toci

85 1211 177 1262 actor
199 1197 269 1282 (cf.
293 1201 393 1263 Bdtir.
417 1205 516 1280 suppl.
541 1204 596 1264 III
611 1221 646 1280 p.
670 1209 740 1278 366,
754 1189 791 1283 ’2)
813 1219 895 1263 anno
918 1203 1274 1265 6660661116166666
1297 1205 1381 1262 trebi·

85 1315 131 1364 tan
157 1323 225 1364 esse
259 1303 376 1378 refert,
406 1306 452 1380 cs.
475 1285 641 1366 duchesnii
665 1306 771 1366 histor.
794 1307 911 1366 Franc.
935 1313 1004 1367 tarn.
1027 1305 1083 1366 III
1108 1323 1139 1382 p.
1167 1313 1240 1378 473,
1273 1305 1385 1366 Oudini

86 1410 173 1482 anot.
203 1409 322 1467 eccles.
345 1408 384 1467 II
401 1425 434 1483 ρ.
460 1415 511 1482 26,
549 1409 685 1468 Goidasti
709 1407 822 1468 Rerum
850 1410 1122 1469 alamannicarum
1148 1408 1168 1468 Ι
1191 1425 1223 1484 p.
1248 1416 1275 1467 6.
1321 1407 1384 1468 Sed

84 1511 120 1567 net
139 1513 166 1568 ri
186 1512 264 1585 quea
286 1511 388 1582 dicat,
413 1513 493 1586 quod
515 1511 658 1588 Eutychis
679 1517 940 1570 commentatorem
962 1525 983 1568 n
1003 1511 1137 1585 Verqitio
1160 1511 1291 1572 Marone
1316 1511 1381 1569 tua-

84 1613 143 1670 tari
161 1615 326 1688 crespicor,
350 1628 466 1688 parum
491 1615 588 1686 firmis
615 1615 673 1674 niti
698 1615 900 1688 ornamentis,
931 1615 994 1672 atta
1023 1615 1135 1673 indicio
1161 1615 1292 1673 certiore
1313 1629 1383 1673 asna

84 1715 129 1774 aa
148 1723 240 1774 certe
264 1715 436 1786 adfirmare
452 1731 542 1791 posse
563 1717 638 1776 mitti
658 1715 776 1792 uideor,
800 1723 958 1790 atramque
973 1731 1048 1791 auin
1062 1732 1123 1774 nan
1138 1716 1178 1775 66
1193 1732 1252 1776 nuo
1267 1715 1381 1774 eodem-

83 1835 129 1890 qne
153 1821 228 1876 uiro
259 1815 437 1892 profectum
465 1835 542 1890 esse,
574 1819 726 1892 aliumque
746 1834 809 1878 esse
830 1817 984 1878 Sedntium
1011 1819 1258 1891 arammaticum,
1288 1817 1381 1876 atium

83 1921 253 1980 tininmnm
283 1919 459 1978 litterarum
486 1923 683 1996 interpretem
710 1921 852 1995 uitaeque
873 1919 986 1993 renatis
1007 1919 1081 1978 bene
1102 1920 1305 1980 instituendae
1326 1919 1381 1976 ad-

82 2021 274 2082 iortatorcrn.
334 2021 395 2082 Hic
426 2023 502 2082 enim
534 2039 590 2098 per
627 2029 719 2082 totam
754 2023 863 2082 iiarttm
899 2020 1097 2095 consessionis
1129 2021 1321 2081 Christianae
1352 2026 1382 2080 et

81 2128 248 2200 scripturae
279 2141 394 2184 sacrae
421 2127 569 2198 meminit,
605 2141 672 2184 cnm
704 2124 785 2184 iocos
817 2125 953 2198 sinuatos
984 2125 1142 2184 laudanda
1175 2129 1237 2184 tum
1271 2124 1382 2183 ueteris

82 2230 248 2288 momenti
269 2227 384 2303 prisca
412 2228 551 2303 camapio
574 2227 791 2303 proponendo,
820 2226 904 2285 ittam
933 2241 1006 2286 uera
1034 2241 1180 2301 nusquam
1204 2226 1383 2286 omninode

79 2331 129 2396 tide
150 2331 341 2389 06666ιί666
369 2331 455 2404 toqui
479 2331 612 2390 uidemus
634 2345 673 2388 ne
694 2329 754 2386 iiiia
781 2328 899 2402 quidem
927 2329 1018 2405 lacis,
1047 2329 1155 2404 ouibus
1176 2329 1204 2388 si
1224 2329 1382 2404 episcopus

81 2433 268 2492 annetiennes
300 2433 351 2492 uei
376 2447 533 2491 sacrorum
561 2431 706 2490 librorum
730 2433 849 2506 peritas
876 2437 959 2503 erat,
991 2431 1025 2490 id
1049 2433 1120 2502 fieri
1139 2447 1229 2506 qnam
1251 2431 1383 2490 maa-ime

80 2543 137 2593 erat
156 2541 421 2607 consentaneam,
446 2540 478 2593 ut
496 2551 529 2609 p.
556 2539 600 2606 13,
626 2539 661 2600 7,·
686 2539 734 2606 26,
756 2537 881 2591 16-33.
926 2532 1056 2606 Deinde,
1082 2535 1136 2607 qui
1150 2549 1185 2608 p.
1205 2540 1220 2589 t
1241 2533 1289 2593 ed.
1305 2531 1380 2592 Mai.

81 2657 103 2694 a.
120 2645 202 2697 t—a
223 2639 267 2696 de
285 2638 364 2696 artis
386 2638 419 2695 ai
432 2644 523 2712 atque
539 2637 723 2696 auctoritate
743 2635 925 2710 disputanit,
947 2636 1170 2708 drammaticae
1193 2635 1241 2695 uel
1262 2637 1382 2694 omnino

79 2741 248 2800 litterariae
281 2740 376 2815 artis,
404 2741 433 2798 si
456 2739 675 2813 arammaticus
702 2743 785 2808 erat,
808 2737 894 2796 nand
913 2737 1039 2796 deiciat
1067 2739 1211 2799 inmemor
1238 2753 1315 2798 esse:
1349 2743 1382 2794 at

79 2846 147 2902 idern
176 2851 207 2904 ct
236 2845 273 2902 in
303 2843 517 2900 eaummandis
549 2841 620 2900 boni
642 2840 794 2915 principis
822 2839 985 2900 uirtutibus
1012 2847 1042 2899 et
1070 2838 1181 2912 officiis
1209 2841 1381 2899 litterarum

79 2955 162 3021 atque
190 2947 316 3005 artium
345 2944 457 3002 cattum
480 2960 517 3002 ne
539 2959 599 3004 uno
621 2944 739 3017 quidem
763 2943 855 3004 aerbo
877 2943 984 3017 tetiait.
1029 2943 1171 3016 Accedit,
1201 2943 1283 3016 quod
1304 2942 1383 3000 aiter

79 3053 144 3106 noni
156 3049 339 3120 decimique
352 3047 467 3106 saeculi
479 3062 590 3106 morem
606 3047 828 3106 usitatissimum
850 3051 969 3104 secutus
990 3044 1127 3104 uersibus
1149 3043 1286 3103 distichis
1308 3059 1382 3117 opus

78 3167 153 3210 saun
177 3150 341 3220 initianit,
370 3150 588 3222 arammaticns
609 3165 699 3222 uero,
729 3150 785 3207 etsi
806 3148 949 3206 Atcninra
971 3145 1164 3221 Smaraadno
1186 3145 1295 3204 Petras
1318 3145 1381 3204 Ula·

78 3269 151 3311 ncne
175 3251 398 3313 Cruindmetuc
424 3251 481 3309 alii
504 3251 590 3310 tiaris
616 3253 678 3310 suis
704 3251 915 3324 ararnmaticis
932 3250 1055 3323 poetica
1072 3250 1290 3324 praefixerunt
1307 3262 1381 3322 pro-

78 3359 185 3428 oemia,
219 3371 241 3412 6
275 3353 403 3427 autmari
427 3368 464 3410 ea
492 3353 678 3428 auspicandi
702 3351 918 3412 consuetudine
939 3352 1036 3426 plane
1063 3352 1196 3410 recessit,
1248 3349 1383 3424 lienique

78 3460 163 3516 66166
186 3457 318 3527 dubito,
347 3471 416 3514 num
439 3457 551 3516 tiarati
571 3455 683 3528 Maani
710 3461 844 3529 tempore
867 3453 1054 3513 Graecarum
1080 3453 1252 3512 litterarum
1280 3452 1382 3512 stadio

78 3561 147 3618 adca
167 3559 361 3634 floruerint,
390 3563 423 3616 at
444 3558 590 3616 eiusmodi
617 3573 680 3629 res,
710 3557 815 3630 quates
831 3572 866 3631 p.
891 3561 982 3614 a—a
1004 3555 1165 3628 habentur,
1190 3570 1209 3612 a
1231 3569 1380 3628 quoquam

77 3661 285 3732 aromatico
306 3660 413 3719 doceri
426 3667 558 3736 pascent.
605 3659 683 3719 Nam
699 3659 825 3719 Ioannis
839 3657 925 3718 Scoti
939 3657 1094 3731 Eriqenae
1111 3657 1256 3716 sermonis
1272 3655 1383 3714 Graeci

77 3767 205 3824 nuntia
235 3763 284 3821 ad
310 3763 554 3837 irnerpretandos
581 3763 744 3822 damtaaat
771 3761 865 3820 libras
894 3761 1009 3820 Graece
1040 3761 1170 3834 scriptos
1203 3759 1252 3818 uei
1278 3774 1383 3818 666666

78 3871 150 3926 nate
172 3865 358 3926 condendos
386 3859 444 3944 (cs.
469 3865 603 3925 Labdaci
621 3865 711 3938 alass.
737 3865 846 3924 Graec.
864 3859 989 3946 praes.)
1019 3863 1149 3922 uetuisse
1176 3863 1244 3920 neri
1268 3861 1381 3920 similli-

78 3987 149 4029 nunn
173 3977 242 4044 est,
268 3983 451 4042 quamquam
473 3975 503 4028 ct
524 3969 605 4028 nanc
628 3967 868 4042 ‘deflorationem
891 3983 931 4026 ex
946 3965 1024 4024 libro
1039 3965 1192 4025 Macrobii
1212 3963 1250 4022 de
1273 3963 1384 4022 Graeci

80 4070 244 4146 Latinique
268 4066 354 4128 uuit
374 4071 516 4130 societate
533 4067 658 4142 secisse’
676 4075 748 4144 post
771 4068 919 4128 Vsserircm
942 4074 1050 4126 auctor
1071 4073 1114 4126 est
1129 4067 1261 4140 Anneius
1277 4061 1382 4124 Maias

79 4185 150 4234 6666.
176 4174 252 4234 Vnt.
277 4179 349 4232 lom.
373 4172 446 4247 Vp.
474 4179 540 4230 tot.
