3316 5566
588 261 800 314 annuerem.
1281 261 1341 326 105

57 469 155 514 seruus
175 449 277 515 saluus
300 468 373 514 auus
395 450 594 512 nominatione
618 459 648 512 et
668 459 777 512 cetera.
814 449 978 530 Aliquando
1001 469 1022 511 u
1043 458 1112 512 ante
1135 468 1168 512 us
1190 453 1342 514 inuenitur

58 572 108 614 uec
127 552 217 614 altera
239 554 369 622 transiit,
398 560 431 614 ut
452 551 562 615 arduus
583 553 682 614 fatuus
703 572 815 616 uacuus
837 553 983 615 aedituus.
1027 552 1194 632 Aliquando
1222 555 1341 634 partici-

58 656 99 734 pia
120 655 275 735 praeterita
298 664 312 716 t
332 653 379 716 uel
401 673 416 716 s
439 653 487 716 uel
510 673 527 716 x
551 652 688 717 habentia
709 663 778 716 aute
800 673 849 726 us,
873 663 905 718 ut
920 661 1035 717 amatos
1057 654 1154 717 laesus
1173 654 1340 736 amplexus3

58 757 202 838 aliquando
224 757 382 837 participia
405 756 504 819 lutura
523 804 615 827 .....
639 763 671 818 ut
692 765 846 818 amaturus
867 757 1009 819 docturus
1023 756 1155 819 lecturus
1170 757 1339 820 auditurus:

37 861 96 920 asic
115 861 211 922 omnia
232 859 387 940 participia
409 859 571 938 praeterite
593 859 624 919 in
647 875 682 920 us
704 859 870 921 desinentia
890 866 921 920 ct
934 859 1034 920 omnia
1056 861 1210 940 participia
1233 860 1340 930 lutura,

58 963 173 1041 quaein
196 979 233 1022 us
256 962 492 1024 terminationem
514 960 668 1032 finiuntur,
691 959 840 1024 secundae
862 959 1067 1023 declinationis
1088 969 1172 1031 sunt,
1196 970 1228 1024 ut
1242 981 1342 1024 aman·

58 1063 107 1124 dus
126 1061 278 1124 docendus
299 1061 443 1140 legendus
465 1061 639 1126 audiendus.
675 1061 840 1140 Aliquando
863 1063 1014 1126 ciuitatum
1037 1065 1171 1132 nomina.
1195 1071 1229 1124 ut
1246 1064 1342 1126 Adru-

59 1173 142 1226 metus
167 1163 338 1236 Adrumeti,
372 1164 531 1227 Damascus
558 1165 702 1226 Damasci.
754 1162 921 1245 Aliquando
949 1163 1113 1228 insularum
1145 1167 1280 1236 nomina,
1311 1174 1344 1228 ut

58 1267 142 1346 Tyrus
167 1266 242 1346 Tyri
262 1267 377 1347 Cyprus
398 1267 499 1348 Cypri.
543 1265 707 1348 Aliquando
730 1266 849 1328 numina
871 1265 1026 1336 arborum,
1057 1274 1089 1328 ut
1116 1285 1271 1348 cypressus
1294 1287 1342 1349 cy·

31 1370 157 1446 repressi,
184 1368 270 1432 alnus
295 1367 356 1430 alui
378 1376 408 1431 ct
429 1378 537 1432 cetera.
583 1369 659 1432 Sunt
681 1376 779 1434 autem
803 1369 935 1450 quinque
958 1369 1092 1439 nomina,
1121 1377 1154 1431 ut
1181 1369 1342 1431 Priscia-

59 1489 118 1532 nus
138 1469 223 1542 dicit,
254 1486 331 1549 quac
353 1479 413 1534 tam
436 1479 558 1552 quartae
581 1489 668 1551 quam
692 1470 841 1532 secundae
863 1469 1069 1533 declinationis
1091 1479 1174 1542 sunt,
1198 1479 1232 1532 ut
1253 1491 1343 1554 quer-

59 1590 102 1632 cus
121 1574 207 1651 pinus
228 1571 330 1634 laurus
351 1591 462 1634 cornus
484 1574 566 1634 tinus.
609 1573 683 1634 ltem
706 1573 927 1634 Priscianus
956 1573 1041 1634 dicit:
1070 1571 1112 1634 de
1139 1574 1197 1635 his
1225 1575 1342 1636 nomi·

60 1673 154 1736 nibus
187 1673 364 1736 arborum
397 1685 483 1738 sunt
515 1673 604 1745 alia.
638 1692 731 1754 quae
759 1673 1009 1736 dilicrentiae
1037 1673 1343 1754 significationis

60 1793 156 1837 causa
184 1784 328 1838 mutant
354 1795 508 1856 genera,
539 1785 576 1838 ut
603 1777 693 1839 haec
721 1778 826 1858 pirus
853 1775 922 1838 hoc
945 1778 1084 1857 pirum,
1114 1775 1204 1838 lraec
1226 1776 1343 1838 malus

34 1877 118 1939 cicc
137 1877 289 1950 malum,
313 1878 403 1940 ltaec
425 1879 580 1940 arbutus
602 1879 669 1940 hoc
691 1878 879 1948 arbutum‚
897 1878 986 1940 haec
1002 1888 1139 1958 myrtus
1162 1879 1229 1940 hoc
1252 1879 1342 1960 myr-

61 1987 135 2050 tum,
163 1979 256 2042 haec
283 1999 425 2061 prunus
451 1980 519 2043 hoc
549 1999 718 2061 prunum.
749 1985 784 2041 et
811 1980 879 2042 hoc
907 1983 942 2041 in
972 1979 1164 2061 plerisque
1190 1982 1343 2042 iuuenis

61 2081 221 2146 arborum
246 2082 477 2154 nominibus.
505 2081 699 2164 inquibus
726 2084 831 2164 ipsae
854 2080 1012 2144 arhcres
1040 2082 1235 2152 feminino,
1264 2083 1343 2144 tru-

61 2190 130 2244 ctus
150 2192 285 2246 neutro
306 2186 551 2265 proferuntur
581 2183 641 2247 uel
667 2185 782 2264 ligna,
812 2193 850 2246 ut
872 2183 962 2245 haec
985 2183 1104 2246 buxus
1126 2183 1251 2254 arbor,
1277 2184 1343 2246 lroc

62 2283 353 2366 buxumliguum.
399 2287 580 2366 Virgilius
603 2287 691 2349 dixit:
729 2287 816 2348 dant
844 2287 974 2348 arbuta
1001 2284 1135 2358 siluae,
1166 2293 1342 2348 cruenta·

34 2401 120 2466 nque
140 2395 269 2469 myrta,
292 2407 402 2450 cerea
425 2407 559 2468 pruna;
583 2391 671 2451 item:
697 2387 866 2451 uolubilc
889 2387 1030 2450 buxum.
1076 2389 1230 2468 Excipitur
1251 2407 1342 2450 unum

63 2505 171 2559 nomen,
194 2488 272 2568 quod
295 2499 341 2552 est
361 2489 552 2560 lcmiuimtm,
580 2491 631 2554 scd
656 2499 753 2552 tamen
777 2492 882 2552 tertiae
904 2489 1110 2553 declinationis
1133 2499 1192 2562 cst,
1217 2499 1249 2552 ut
1270 2489 1344 2553 haec

64 2588 132 2652 abies
157 2591 245 2654 ltuius
274 2591 389 2654 abietis.
439 2593 513 2655 item
542 2595 731 2673 excipiuntur
760 2591 816 2654 alia
843 2593 904 2654 duo
932 2595 1053 2656 nomina
1082 2592 1239 2664 arborum,
1269 2611 1344 2672 quae

65 2701 122 2752 sunt
141 2692 314 2765 masculina,
338 2701 370 2755 ut
392 2693 439 2756 hic
461 2695 588 2758 oleaster
610 2696 700 2758 liuius
722 2693 843 2756 oleastri
866 2703 895 2755 et
918 2694 966 2756 hic
988 2694 1082 2756 rubus
1104 2695 1192 2757 huius
1213 2695 1290 2764 rubi,
1315 2703 1346 2757 et

66 2811 142 2856 ouum
169 2813 277 2858 nomeu
304 2803 444 2858 neutrum
472 2797 530 2859 hnc
556 2795 637 2859 siler.
689 2797 768 2860 llaec
797 2803 896 2859 autern
925 2797 1106 2868 terminatio,
1141 2814 1216 2876 quae
1249 2799 1280 2856 iu
1309 2815 1344 2858 us

38 2893 172 2968 edatntt,
195 2905 256 2960 tres
278 2897 494 2961 declinationes
515 2899 661 2970 continet,
684 2898 763 2962 idest
784 2899 962 2968 secundam,
985 2906 1017 2959 ut
1038 2897 1144 2960 doctus
1166 2897 1259 2970 docti,
1283 2906 1343 2960 ter·

66 2996 123 3058 dam
143 2997 384 3070 declinationem,
408 3009 441 3064 ut
463 3009 566 3080 pectus
589 3003 732 3082 pectoris,
756 3007 893 3081 quartam
916 2999 1161 3070 declinationem,
1186 3008 1218 3061 ut
1239 3019 1344 3064 manus

66 3116 161 3162 nanus.
204 3102 236 3163 lu
265 3121 319 3164 cus
345 3113 418 3183 quot
443 3121 552 3184 genera
581 3103 791 3167 inueniuntur?
835 3104 897 3165 ilnc
925 3108 970 3163 est
999 3121 1092 3165 unum
1114 3119 1208 3181 genus
1231 3111 1343 3165 tantum
1374 3116 1387 3142 ·

67 3201 260 3274 masculinum,
293 3211 326 3266 ut
352 3204 574 3268 Priscianus
596 3206 679 3268 dicit:
709 3207 741 3266 in
769 3223 822 3266 cus
850 3204 1013 3266 desinentia
1041 3204 1154 3266 Gracco
1182 3213 1250 3266 sunt
1279 3213 1342 3266 tan·

1 3389 2 3392 Ἴ
67 3309 169 3366 tumet
195 3305 374 3376 masculina,
404 3315 436 3370 ut
457 3305 576 3388 Tydeus
597 3307 690 3387 Tydei
712 3307 839 3369 Proteus
866 3307 975 3368 Protei.
1020 3305 1118 3378 Quare
1146 3306 1220 3368 dixit
1247 3325 1344 3386 gram-

1 3445 2 3448 ,
40 3406 173 3469 unctius
195 3409 326 3470 ‘Graeca
348 3417 418 3472 sunt
439 3415 581 3480 tautum’,
611 3427 679 3470 cum
701 3410 895 3470 inueniuntur
916 3407 1062 3470 Hebraica
1086 3410 1204 3470 nomina
1227 3411 1258 3470 in
1281 3427 1343 3477 eus,

1 3529 2 3538 ι
69 3511 93 3564 ut
113 3507 332 3572 Bartholomeus
360 3509 517 3572 Tltaddeus
545 3510 712 3574 llatthcusl
756 3509 831 3582 Ouia
864 3512 942 3572 inter
971 3511 1083 3572 Graeca
1113 3519 1143 3571 et
1170 3511 1271 3576 Latina
1300 3519 1346 3572 est

69 3609 152 3684 tenda
165 3609 178 3695 ΙΙ
193 3610 213 3672 1.
232 3608 312 3674 100³
328 3609 339 3694 ΙΙ
356 3621 426 3692 aput
447 3615 673 3692 grammaticos,
697 3630 756 3674 nou
780 3613 818 3674 de
843 3611 997 3676 Hebraicis
1025 3612 1207 3674 nominibus.
1246 3614 1344 3686 Quare

2 3741 3 3748 ι
70 3725 127 3787 crgo
145 3711 216 3775 dixit
237 3713 369 3775 ‘Graeca
392 3722 462 3776 sunt
484 3723 597 3777 tanturn
619 3717 650 3776 iu
673 3732 726 3777 eus
755 3713 921 3776 desinentia
930 3721 950 3786 ’,
979 3734 1051 3789 curn¹
1078 3713 1214 3776 uidemus
1240 3715 1345 3778 Latina

71 3815 168 3875 uomina
195 3817 225 3877 in
249 3833 302 3878 eus
324 3815 503 3887 desinentia,
533 3825 564 3879 ut
585 3815 702 3896 ligneus
725 3819 830 3896 igneus
858 3817 982 3879 nucleus
1004 3835 1113 3879 aureus
1135 3825 1294 3896 argenteus
1317 3825 1346 3879 et

72 3947 277 3963 Ἢ

125 4053 234 4104 lterum
304 4053 415 4104 ‘duodus
467 4053 553 4104 saluus
605 4054 707 4104 edituus
759 4056 906 4120 ‘elpreterita
975 4051 1346 4121 Apraeiuturn1Exea'dt'ere

73 4117 164 4190 uidetur:
180 4137 245 4185 quae
264 4123 289 4172 iu
310 4137 370 4172 otrus
388 4124 523 4187 desinunt,
541 4124 582 4172 uel
597 4124 677 4173 rt'tttt'le
696 4125 764 4188 quid,
782 4124 816 4186 ef.
834 4139 888 4189 req.
951 4125 967 4174 6
985 4122 1132 4173 adrumetus
1151 4124 1276 4173 adrumeti
1330 4127 1345 4175 'l

74 4188 233 4240 tuusilurnm
302 4189 395 4254 Sl'yri
414 4206 462 4242 orn.
531 4187 635 4240 nectet
724 4188 931 4255 10Prisctanua]
953 4193 1219 4257 denuntiantem
1239 4193 1346 4255 445,18

76 4253 177 4307 llcnrus
227 4256 386 4324 Priscianus]
406 4260 423 4309 I
438 4276 465 4325 p.
481 4261 568 4318 tenu
621 4259 652 4308 12
671 4257 820 4309 dllercntiac
891 4262 922 4309 15
940 4271 1049 4309 mertum
1119 4261 1150 4310 16
1168 4258 1227 4308 haee
1246 4253 1344 4326 prunus

3 4331 4 4392 y
74 4315 236 4387 lra’ecpmnurn
325 4329 355 4378 tt
374 4327 431 4392 ipse
518 4327 549 4378 18
566 4327 646 4377 busus
735 4326 862 4393 leuant]
886 4327 1200 4393 Verp.Genrp,11520
1255 4328 1329 4377 urbnt

3 4407 4 4442 i
75 4385 124 4438 silue
138 4405 233 4444 cruenta
251 4405 276 4444 te
293 4405 375 4460 myrta
393 4409 465 4444 cerea
483 4409 565 4461 pruna
637 4393 804 4462 cruentaque]
827 4397 1126 4461 Verp.0eorp.1306
1210 4397 1244 4446 20
1261 4343 1346 4460 cernel

3 4473 5 4526 t
77 4453 139 4521 Vera.
157 4461 207 4518 tter.
225 4465 258 4515 11
277 4467 313 4514 53
383 4461 848 4530 uolubile]Verp.Aert.V11382
925 4465 958 4514 22
976 4463 1052 4513 huius
1071 4467 1142 4515 unies
1161 4463 1236 4512 huius
1255 4463 1346 4513 auletis

99 4529 142 4592 dt'tc
203 4549 235 4600 23
253 4548 421 4598 muscidinum
474 4549 577 4598 cliaster
629 4548 727 4598 olinstri
807 4551 841 4600 24
859 4559 947 4598 neuter
1015 4549 1048 4599 26
1068 4548 1245 4598 declinationis
1313 4551 1346 4598 26

75 4619 147 4660 manus
163 4628 267 4666 manuus
335 4617 370 4667 28
387 4614 549 4681 Priscianus]
568 4617 603 4680 cf.
621 4619 654 4668 de
672 4618 770 4668 nornine
787 4624 835 4668 etc.
854 4634 881 4682 p.
899 4619 995 4676 446,2
1074 4619 1108 4668 29
1127 4615 1238 4666 thitheus
1258 4615 1346 4668 thithei

76 4678 175 4736 Protheus
192 4683 290 4748 prothei
357 4687 392 4736 ³0
408 4681 477 4750 curn]
498 4699 555 4734 eunt
608 4685 708 4736 ebroica
776 4685 945 4736 structurus
964 4683 1081 4734 matheus
1136 4699 1238 4749 grecam
1290 4685 1347 4734 leti·

8 4787 16 4801 .
76 4755 121 4792 1¹⁸¹ss
180 4753 210 4802 32
227 4753 381 4822 gramaticus
434 4753 540 4804 ebroicis
558 4750 702 4804 nominihus
771 4755 804 4806 33
822 4753 849 4805 iu
867 4769 898 4822 us
967 4754 1001 4804 34
1017 4753 1044 4801 in
1063 4753 1118 4806 eius
1170 4752 1270 4804 nudetis
