3354 5580
305 375 368 440 190
757 372 924 426 vnnolun
944 372 1180 426 GRAMMATICI

391 561 403 646 Ι.
421 565 439 625 t.
455 559 492 625 b·
509 563 523 644 lq
547 563 659 624 Omnes
680 561 916 640 grammatici
938 561 1056 629 dicunt,
1081 561 1160 639 qood
1184 568 1325 623 accentus
1347 561 1433 621 uocis
1455 577 1516 620 uon
1536 569 1589 638 pot·

304 667 400 726 estin
423 662 525 725 ultima
548 662 660 746 syllaba
682 681 748 724 esse
770 661 847 742 apud
864 661 1001 732 Latinos,
1025 665 1081 723 nisi
1097 665 1126 723 in
1144 663 1258 743 paucis.
1290 661 1484 740 Vergilius
1505 670 1588 720 tsmeu

304 769 402 829 biaro
429 767 460 826 in
483 764 585 826 multis
608 765 709 826 uerbis
732 765 817 843 pouit
839 765 869 824 in
892 761 992 824 utrius
1015 765 1055 824 itu
1079 763 1199 825 dicens:
1238 761 1380 825 Nonnulli
1403 765 1502 832 aiunt,
1524 761 1589 842 quod
1659 759 1660 814 l

303 871 332 930 in
356 885 416 929 uno
439 884 556 948 quoque
579 884 700 946 gressu,
724 865 801 927 idest
823 883 897 926 sono
919 863 1011 926 duum
1033 865 1159 945 pedum.
1184 864 1261 925 idest
1283 861 1466 946 syllabarum
1490 865 1591 944 primus

304 970 438 1032 eleuetur
461 977 490 1030 et
511 967 659 1030 secundus
680 966 854 1037 inclinetur,
885 972 916 1026 ut
938 965 1009 1044 legit
1030 967 1091 1044 igit
1118 964 1203 1028 ndbit
1233 967 1324 1028 uadit.
1370 963 1429 1026 Sed
1455 982 1510 1025 nos
1530 963 1610 1024 ‹lici-s

303 1091 385 1142 mus,
409 1071 487 1152 quod
511 1077 625 1132 rectum
649 1085 715 1130 esse
743 1069 902 1138 sentimus,
930 1067 1009 1146 quod
1040 1085 1099 1128 oon
1129 1071 1228 1130 minus
1256 1070 1428 1148 reperimus
1456 1065 1592 1128 secundos

304 1173 395 1254 pedes
417 1171 543 1241 eleuari.
568 1189 656 1250 quom
679 1172 806 1251 primos,
830 1177 864 1230 ut
886 1169 941 1247 ego
963 1169 1028 1230 amal
1052 1167 1125 1231 doce
1148 1170 1228 1231 sudi.
1259 1170 1387 1232 Maxime
1410 1175 1512 1230 autem
1531 1167 1593 1228 hae
1660 1201 1661 1214 .

303 1275 462 1337 diuersitas
484 1272 523 1333 ob
546 1271 732 1334 dissimilium
755 1287 896 1332 sonorum
911 1257 1132 1332 'discretionem
1154 1280 1274 1353 reperta
1297 1279 1357 1342 est,
1382 1291 1421 1334 nc
1442 1268 1593 1334 confusibi-

303 1376 369 1438 litas
392 1375 488 1453 aliqua
513 1383 659 1436 noscatur.
697 1372 827 1434 Dicimus
842 1372 921 1433 enirn
939 1373 1124 1434 nominatino
1146 1391 1217 1435 caso
1241 1374 1328 1434 se'des
1352 1371 1470 1434 eleuata
1493 1373 1593 1453 prima:

304 1480 382 1540 atsi
406 1475 531 1539 uerbum
554 1477 606 1544 sit,
640 1493 726 1536 uersa
761 1474 826 1534 uice
854 1458 1017 1535 secuudum
1046 1473 1180 1536 leuautes
1207 1475 1313 1556 pedem
1342 1475 1472 1536 dicimus
1500 1472 1621 1536 sedens

304 1582 346 1641 sic
369 1599 436 1640 cum
459 1577 568 1639 dicitur
589 1576 691 1651 re'pes,
725 1575 839 1656 primus
862 1576 1001 1652 erigitur:
1031 1583 1150 1637 etcum
1173 1575 1301 1640 uerbum
1324 1577 1427 1656 reges,
1456 1573 1594 1637 secundus
1661 1589 1662 1624 l

305 1702 357 1762 pes
386 1680 535 1749 eleuatur,
572 1677 651 1758 quod
682 1695 740 1738 non
769 1675 931 1738 secundum
959 1677 1106 1738 rationem
1140 1687 1320 1747 metrorum,
1353 1681 1410 1764 scal
1439 1675 1593 1740 secundum

305 1783 493 1846 discretionis
515 1779 708 1861 aptitudinem
732 1780 831 1840 lacere
855 1775 997 1850 solemus,
1022 1780 1100 1840 sicut
1121 1781 1209 1840 etiem
1233 1827 1401 1842 ......
1424 1779 1594 1860 imperatiuo

304 1884 392 1948 modo
414 1885 539 1964 primam
562 1883 696 1944 acuimus
719 1879 859 1960 syllabam
875 1886 913 1940 et
935 1881 1126 1943 nouissimam
1156 1881 1319 1950 calcamus;
1348 1889 1378 1942 at
1406 1901 1442 1942 ex
1473 1881 1594 1944 diumso.

304 1987 354 2048 ulai
377 1983 554 2048 oduerbium
577 1986 616 2044 sit
637 1989 687 2043 aut
708 1981 899 2061 praepositio,
921 1983 1017 2061 prima
1041 1981 1181 2052 calcum,
1206 1984 1365 2044 nouissima
1389 1986 1518 2046 acuitur.
1607 1995 1624 2033 ¹⁵
1662 2031 1663 2044 .

390 2085 402 2168 ll
421 2087 441 2148 i.
456 2083 498 2148 iib
515 2082 527 2166 ll
553 2087 588 2146 Vt
604 2083 796 2160 Vergilius
818 2081 902 2144 dicit:
927 2083 1007 2143 llaec
1022 2091 1123 2144 autem
1139 2083 1281 2146 Latinitas
1303 2093 1429 2165 propter
1451 2091 1594 2146 oratonru
1662 2063 1663 2130 l

303 2191 526 2252 ornatissimum
550 2185 739 2264 eloquentiae
754 2183 888 2264 leporem
904 2185 996 2244 oratio
1012 2195 1210 2265 nuncupatur,
1234 2185 1313 2248 uude
1336 2193 1437 2266 partes
1459 2183 1596 2248 orationis
1618 2207 1625 2224 ·

302 2288 520 2368 intellegendae
548 2294 619 2349 suot
646 2285 682 2346 de
711 2302 836 2346 numero
858 2292 957 2366 partes
978 2285 1152 2349 Latinitatis.
1197 2287 1355 2349 Orationes
1377 2307 1433 2368 pro
1455 2287 1595 2349 sermoni·

303 2392 359 2454 loos
382 2388 656 2468 elocutionibusque
678 2386 868 2466 accipiendae
897 2395 981 2458 sunt,
1012 2391 1140 2469 quaein
1168 2398 1236 2451 octo
1258 2396 1360 2470 partes
1381 2388 1455 2450 lindi
1476 2387 1596 2450 soleant.

390 2493 402 2574 ll
419 2492 440 2553 i.
458 2489 493 2552 7·
511 2487 524 2570 ll
549 2491 585 2550 Vt
608 2487 812 2566 Vergilius:
837 2486 1046 2560 Reddidimus,
1070 2500 1103 2553 ut
1124 2493 1282 2571 potuimus,
1306 2493 1472 2571 superioris
1495 2505 1624 2570 super-o

189 2663 195 2686 ι
303 2595 473 2674 scriptionis
502 2592 628 2672 epitoma
658 2591 805 2652 rationem
833 2591 1070 2670 requirentibus,
1099 2609 1156 2672 qua
1185 2592 1222 2654 de
1250 2611 1337 2654 causa
1369 2611 1479 2654 nomen
1508 2589 1596 2654 uerbo

303 2695 540 2778 praetulerimus.
586 2690 671 2753 Nunc
698 2690 778 2752 aliud
806 2694 988 2771 quaestionis
1010 2693 1135 2754 inminet
1162 2711 1270 2773 genus,
1300 2713 1354 2756 cur
1377 2697 1467 2756 etiem
1489 2710 1592 2775 prono-

304 2819 371 2862 men
395 2796 520 2860 uerbum
543 2794 708 2875 praecedit,
733 2813 799 2856 cum
823 2793 948 2856 uerbum
971 2797 1105 2856 omnium
1128 2797 1257 2876 partium
1273 2798 1427 2876 egregium
1442 2799 1491 2858 sit.
1529 2795 1594 2866 Oui·
1664 2790 1665 2868 l

303 2900 358 2962 bus
386 2900 442 2962 boc
472 2896 559 2960 modo
592 2895 834 2978 respondendum
863 2904 922 2968 est,
957 2898 1034 2976 quod
1068 2899 1099 2956 in
1133 2898 1279 2960 diuisione
1308 2899 1441 2960 omnium
1471 2899 1593 2979 partium
1664 2881 1665 2886 ἵ

303 3003 447 3064 orationis
469 2999 519 3062 alii
542 3008 609 3062 octo
632 3008 734 3079 partes
756 2999 912 3070 dixerunt,
942 2997 1077 3060 nonnulli
1100 2999 1228 3061 eundern
1251 3018 1409 3062 numerum
1433 3001 1625 3063 minuentesu

303 3123 412 3166 nomen
436 3111 466 3164 et
487 3119 652 3184 pronomen
675 3101 704 3162 in
728 3099 852 3162 eandem
875 3106 990 3180 partem
1014 3100 1210 3180 redigendum
1233 3109 1423 3183 putauerunt.
1470 3100 1593 3163 Verbum

303 3223 422 3285 quoque
445 3213 475 3266 et
495 3204 683 3285 participium
707 3205 736 3263 in
761 3219 851 3264 unum
874 3200 1132 3281 conglomeraotes
1154 3201 1314 3266 absurdum
1338 3203 1496 3276 dixerunt,
1519 3201 1594 3264 uelut

302 3329 318 3369 n
341 3324 469 3387 corpore
490 3303 674 3373 membrum,
704 3307 743 3365 iu
767 3323 783 3365 a
807 3302 900 3365 uerbo
923 3321 1063 3384 separare
1086 3306 1283 3386 participium.
1328 3305 1477 3367 Aduerbia
1500 3313 1592 3368 sortem

303 3420 333 3471 et
354 3409 581 3471 coniunctiones
608 3423 696 3467 unam
725 3413 839 3485 partem
869 3423 935 3466 esse
957 3415 1141 3485 putauerunt
1161 3407 1354 3488 sequestratis
1376 3408 1594 3488 praepositione

303 3520 333 3574 et
354 3510 578 3580 interiectione,
608 3515 695 3587 atque
722 3507 761 3567 ita
791 3513 860 3568 tunc
889 3515 967 3577 erat,
996 3514 1029 3568 ut
1049 3526 1104 3588 pro
1127 3517 1193 3570 octo
1215 3507 1351 3590 portibus
1373 3509 1396 3568 V
1419 3521 1624 3570 annumero-u

303 3679 529 3692 ——..—.....

370 3787 386 3834 2
406 3778 547 3850 Vergilius]
569 3781 626 3831 Il'ou
644 3785 718 3830 extat
735 3781 806 3843 apud
823 3779 927 3830 Maium.
996 3781 1012 3828 t
1031 3779 1097 3830 idest
1114 3781 1205 3832 addidi
1283 3783 1299 3832 o
1317 3775 1389 3845 legit]
1409 3781 1539 3843 decentes
1555 3777 1593 3826 de-

302 3859 370 3902 suut.
438 3853 523 3914 tique
541 3861 635 3899 rectum
691 3847 906 3898 ildiscrecionem
977 3849 1009 3897 10
1026 3857 1053 3896 ut
1069 3849 1104 3897 sit
1172 3850 1202 3898 il
1222 3863 1296 3914 reges
1314 3849 1594 3910 andidensium

302 3921 429 3970 ‘nominis’
447 3919 599 3984 sipnificutio
617 3913 778 3965 intercidisse
796 3916 905 3966 uidetur.
976 3915 1087 3981 eregitur
1105 3927 1149 3965 aut
1166 3930 1224 3965 eum
1311 3917 1342 3965 tu
1361 3929 1411 3964 nou
1431 3930 1482 3964 nun
1551 3911 1592 3962 sed

302 3989 393 4038 (addidi
473 3989 504 4038 13
523 3981 609 4048 eriam]
631 3981 792 4032 Exciderunt
810 3986 928 4033 nonnulla
945 3983 976 4033 ob
992 3985 1164 4048 putredinem,
1182 3985 1231 4034 sed
1247 3985 1279 4034 ale
1297 3986 1385 4049 ‘pone’
1403 3983 1527 4034 uocabulo
1544 3982 1592 4046 api·

302 4064 351 4109 tur.
422 4057 453 4105 15
470 4053 538 4104 culco
557 4051 699 4102 nouissimo
715 4052 829 4100 occuitus
914 4052 945 4101 16
975 4048 1115 4117 Vergilius]
1135 4067 1163 4115 p.
1182 4053 1214 4100 9⁹
1233 4052 1290 4102 Mai
1358 4053 1389 4102 l'i
1407 4052 1592 4101 ornatissimum

302 4123 415 4189 leporem
435 4125 517 4172 orutio
536 4129 709 4190 nuncupatur:
729 4120 839 4192 undeet
858 4127 944 4184 partes
955 4119 1078 4168 orationis
1091 4118 1275 4186 intellegendus
1286 4131 1346 4169 sunt
1363 4129 1449 4184 partes
1467 4117 1593 4168 tminiruts

303 4225 390 4275 Maius
459 4223 518 4274 unl⁸
536 4233 623 4289 portes
642 4187 831 4288 orobmstorr.
849 4237 880 4272 m.
900 4221 947 4282 II)
1027 4221 1059 4270 18
1078 4221 1205 4272 orationes
1222 4237 1269 4272 om.
1289 4221 1376 4272 Maius
1462 4222 1496 4271 te
1514 4219 1591 4268 elocu-

301 4294 483 4356 tionibusqune
535 4305 581 4357 pro
600 4292 760 4342 sermonibus
778 4289 993 4353 eloquentioribus
1012 4288 1176 4354 accipiendae
1194 4289 1281 4340 Maius
1331 4288 1515 4340 solentMuius
1563 4287 1593 4334 2⁰

303 4359 445 4426 Vergilius]
464 4378 492 4426 p.
510 4363 562 4412 1³7
580 4359 648 4410 Mar:
676 4359 814 4427 Srrprriore
830 4367 923 4423 coepto
941 4357 1040 4408 reddito
1057 4358 1122 4407 ratio
1141 4368 1180 4406 est
1197 4357 1383 4420 requirentibus
1402 4371 1453 4419 que
1470 4356 1503 4406 de
1521 4365 1592 4404 ceusu

372 4431 508 4496 pergilius,
532 4443 601 4481 corr.
619 4445 650 4480 m.
669 4428 703 4479 II
722 4431 787 4496 uirg.
817 4479 829 4490 ,
857 4425 982 4491 superiori
999 4425 1198 4492 superscriptio,
1220 4441 1289 4475 corr.
1309 4425 1376 4474 -ioni
1394 4441 1425 4474 m.
1445 4424 1479 4474 ΙΙ
1562 4421 1589 4470 tt

302 4514 432 4580 epidroms
483 4529 534 4577 quo
552 4513 632 4562 diutia
701 4515 734 4564 23
752 4494 830 4562 uerbi
917 4509 1048 4576 egregium
1067 4509 1109 4559 sit.
1127 4509 1281 4576 Respondeo
1299 4507 1369 4572 quod
1391 4507 1515 4574 Virpdius
1532 4505 1593 4558 ttar't

302 4585 334 4634 25
354 4582 463 4632 eundem
482 4596 613 4632 numerum
633 4597 679 4632 om.
697 4581 785 4632 Maius
863 4580 896 4630 26
914 4579 939 4628 in
958 4578 1046 4628 cadem
1066 4588 1138 4644 parte
1156 4577 1243 4628 Maius
1311 4589 1336 4626 et
1353 4577 1458 4627 uerbum
1478 4589 1504 4626 et
1519 4573 1591 4642 purti-

302 4651 397 4714 oipium
415 4651 503 4702 Mutus
603 4651 636 4701 et
655 4649 865 4714 congloberautes
888 4661 965 4696 ornum
987 4645 1114 4696 dixerunt.
1134 4645 1196 4695 ltem
1214 4645 1336 4696 nduerbis
1354 4655 1379 4694 et
1395 4645 1589 4696 coniunctiones.

302 4721 396 4768 ceteris
413 4719 511 4770 omissis
528 4717 615 4768 Maius
683 4717 821 4766 obsrrrdum
898 4715 1081 4765 uenenorum
1150 4729 1268 4780 sperare,
1287 4729 1357 4767 coru.
1375 4727 1496 4779 separare
1512 4730 1543 4764 m.
1561 4707 1591 4758 II

302 4786 335 4834 29
354 4801 429 4834 rsuram
448 4796 607 4848 sequestrum
625 4785 816 4849 praepositione
835 4793 859 4834 et
875 4784 1049 4833 interiectione
1066 4784 1101 4832 ito
1120 4781 1181 4830 utV
1195 4792 1279 4848 perles
1300 4781 1473 4841 nominarent,
1492 4779 1590 4846 reoque

303 4855 400 4902 omissis
419 4852 504 4902 binius
571 4856 604 4902 30
622 4863 683 4914 erut,
699 4867 832 4916 uepruscr.
849 4863 909 4901 tuuc
927 4867 957 4900 ru.
970 4850 1005 4900 11
1055 4852 1287 4916 arurumernuerint,
1305 4865 1374 4900 corr.
1384 4860 1503 4900 -orrerent
1519 4865 1548 4900 m.
1559 4843 1588 4896 11
