3316 5566
613 385 824 439 asansrrsm.
1312 381 1371 448 127

85 593 233 637 numerum
257 593 375 645 eorum,
398 577 526 636 maxime
548 582 647 635 autern
663 583 787 654 propter
802 575 974 650 genetiuum
991 571 1135 652 pluralem
1151 575 1182 632 in
1197 590 1268 634 uum
1292 572 1371 634 desi-

84 686 196 737 nentem
211 678 359 756 geminata
375 695 394 736 u
410 675 520 746 littera,
544 675 625 756 quod
647 684 693 736 cst
715 677 870 755 proprium
893 683 1016 753 quartae
1039 674 1254 745 declinationis,
1278 685 1309 736 ut
1326 683 1372 736 est

85 777 135 838 boc
149 797 242 840 cornu
258 778 345 839 buius
365 797 459 840 cornu
475 779 544 839 buic
559 796 653 838 cornu
667 778 724 838 boo
737 795 834 840 cornu
848 797 867 837 o
882 795 976 839 cornu
993 776 1102 838 abhoc
1118 795 1210 838 corno
1227 786 1256 837 et
1272 774 1369 856 plura·

84 879 144 940 liter
162 881 236 942 baec
258 899 371 942 cornua
393 880 500 940 borum
516 897 660 942 cornuum
676 879 722 940 bis
737 879 878 941 cornibus
891 879 965 940 haec
981 898 1093 940 cornua
1109 898 1127 939 o
1143 896 1255 940 cornua
1271 876 1308 938 ab
1325 877 1370 938 bis

58 980 227 1042 scoruibus.
273 983 321 1043 Sic
343 973 529 1043 declinantur
551 989 581 1043 et
602 980 656 1042 alia
680 983 799 1042 nomina
828 980 936 1043 similia
964 989 1070 1041 neutra
1099 991 1220 1061 quartae
1243 979 1370 1040 declina-

84 1085 179 1154 nonis,
203 1091 236 1144 ut
259 1091 328 1144 sunt
350 1083 437 1144 baec:
467 1083 533 1144 boc.
546 1102 625 1162 genu
654 1083 710 1144 hoc
732 1082 799 1161 gelu
827 1083 884 1143 boc
906 1084 1017 1143 tonitru
1041 1082 1098 1143 boc
1120 1101 1191 1144 ossu
1213 1082 1271 1144 boc
1293 1089 1371 1143 testu

83 1184 133 1244 boc
154 1204 228 1246 ueru
251 1185 307 1245 boc
329 1203 431 1264 specu.
476 1184 508 1246 lu
531 1186 577 1246 his
600 1203 671 1264 ergo
695 1183 865 1247 nominibus
889 1183 1074 1246 neutralibus
1096 1185 1126 1244 iu
1149 1182 1294 1262 singulari
1317 1201 1371 1244 nu·

82 1287 257 1348 mero'scirc
279 1285 437 1356 debemus,
466 1294 527 1347 tres
549 1305 635 1348 casus
658 1304 722 1347 esse
745 1285 853 1347 breues
876 1284 977 1346 ultima
1000 1284 1109 1364 syllaba
1133 1293 1163 1346 et
1184 1293 1244 1346 tres
1267 1285 1371 1365 longos

82 1388 257 1450 diiierentiae
280 1405 383 1456 causa,
408 1386 464 1448 hoc
487 1396 531 1448 est
554 1391 585 1449 in
609 1388 791 1449 nominatius
814 1395 843 1447 el
864 1389 1034 1449 accusation
1055 1395 1085 1448 ct
1107 1391 1247 1449 uocatioo
1268 1390 1369 1466 singu·

51 1488 132 1548 olari
153 1488 288 1550 ultimum
312 1508 331 1549 u
355 1490 525 1569 corripitur,
549 1497 582 1552 ut
605 1489 660 1550 boc
683 1507 778 1550 cornu
800 1489 982 1549 nominatiuo
1005 1496 1033 1548 et
1055 1488 1110 1550 hoc
1133 1507 1226 1550 cornu
1249 1508 1369 1550 accusa-

82 1591 133 1652 tiui
154 1599 182 1653 et
203 1612 221 1651 o
243 1608 339 1652 cornu
362 1593 510 1652 uocatiuo.
555 1592 587 1652 ln
616 1593 756 1670 genetiuo
784 1607 856 1651 uero
881 1598 909 1651 et
931 1590 1031 1651 datius
1058 1599 1086 1650 et
1109 1589 1239 1652 ablatiuo
1266 1593 1367 1670 singu·

81 1692 132 1752 leri
165 1712 181 1752 u
214 1691 302 1754 iioale
339 1692 526 1772 producitur,
565 1701 597 1752 ut
630 1692 718 1754 buius
751 1710 844 1752 cornu
878 1692 947 1752 huic
977 1709 1070 1753 cornu
1104 1691 1141 1752 ab
1174 1692 1230 1753 boc
1264 1712 1367 1754 corno.

81 1792 295 1856 Priscianus
325 1802 422 1854 autem
451 1797 481 1853 in
510 1795 556 1855 bis
578 1793 749 1854 nominibus
772 1795 887 1854 neutris
908 1792 1044 1853 ultimum
1069 1811 1086 1853 u
1108 1794 1233 1873 produci
1257 1793 1368 1856 debere

81 1897 108 1953 iu
129 1895 264 1956 omuibus
286 1895 404 1956 casibus
425 1897 490 1956 sine
513 1893 572 1956 ulla
595 1895 761 1956 dilicrentia
789 1894 918 1956 ostendit
939 1895 1054 1956 dicens:
1080 1897 1152 1956 ‘nou
1175 1895 1366 1958 inrationabi-

49 2014 69 2052 s
81 1995 143 2057 liter
164 1997 291 2058 dicimus
314 2015 392 2074 genu
415 2015 509 2057 cornu
531 1995 600 2076 gelu
623 1999 652 2058 in
677 1997 815 2058 omnibus
837 1996 955 2058 casibus
977 1997 1007 2056 in
1035 1995 1177 2074 singulari
1199 2016 1325 2058 numero
1348 2016 1367 2058 u

81 2097 200 2160 litteram
216 2099 367 2178 produci'.
405 2097 478 2159 item
493 2101 570 2161 scire
593 2098 750 2168 debemus,
775 2101 857 2175 quod
878 2097 951 2158 baec
974 2099 1092 2158 nomina
1115 2108 1221 2160 neutra
1244 2107 1366 2177 quartae

80 2199 279 2262 declinationis
307 2202 338 2260 in
367 2219 385 2260 u
415 2195 580 2261 desinentia
612 2201 690 2281 apud
718 2209 835 2261 ueteres
864 2199 1021 2279 aliquando
1049 2202 1081 2260 in
1110 2219 1175 2272 um,
1209 2199 1365 2282 aliquando

80 2319 145 2361 uero
167 2305 196 2363 iu
220 2320 255 2362 us
277 2303 358 2363 finita
381 2303 584 2364 inueniuntur.
630 2302 702 2364 lude
729 2302 948 2363 Priscianus
970 2300 1056 2362 dicit:
1080 2303 1122 2364 ‘iu
1144 2321 1164 2362 u
1188 2302 1290 2364 Latina
1313 2322 1365 2364 no·

81 2404 152 2464 mina
173 2413 240 2488 sunt
261 2403 342 2464 ilnita
365 2405 485 2483 generis
507 2406 608 2465 neutri
625 2401 636 2485 11
652 2404 673 2464 i.
692 2399 773 2463 llO¹³
793 2403 820 2482 ]1‚
844 2412 878 2464 ut
899 2402 955 2462 boc
978 2421 1072 2465 cornu
1096 2404 1152 2464 boc
1175 2407 1287 2466 tonitru
1311 2404 1366 2466 boc

50 2519 151 2578 ageuu
173 2506 228 2566 boc
251 2503 335 2583 gelu,
365 2525 440 2586 quae
468 2514 566 2566 tamen
596 2505 796 2582 antiquissimi
824 2505 1017 2565 inueniuntur
1038 2507 1070 2566 in
1099 2524 1148 2566 um
1177 2507 1367 2585 proferentes

81 2606 105 2664 iu
126 2606 227 2666 eodem
251 2624 378 2685 genere,
401 2617 433 2668 ut
455 2606 529 2667 ‘boc
551 2609 690 2668 coruom'
714 2605 783 2666 ‘hoc
806 2607 961 2667 tonitrum’
986 2611 1132 2684 ‘genum’,
1156 2610 1229 2668 etin
1247 2627 1365 2688 uspro·

81 2706 201 2768 ierentes
223 2707 397 2770 masculino.
443 2708 616 2770 Lucanus
645 2707 791 2768 ‘coruus'
814 2716 846 2768 et
871 2709 1035 2768 ‘tonitrus’
1059 2709 1192 2788 protulit.
1232 2710 1365 2770 Cicero

80 2817 169 2870 autem
191 2811 259 2871 ‘boc
279 2811 384 2889 genus’
408 2827 462 2890 pro
486 2815 589 2886 ‘genu'
613 2809 698 2871 dixit:

270 2911 320 2973 Ad
342 2911 487 2973 laeuum
511 2929 625 2990 genos
648 2911 739 2972 baec
764 2913 842 2971 nixi
865 2911 1017 2992 delapsa
1041 2912 1193 2972 resedit.

53 3010 240 3074 sOuidius:

272 3114 405 3177 ilexile
428 3133 582 3176 cornum

82 3232 127 3292 pro
148 3217 265 3280 ‘cornu’
288 3217 370 3278 dixit
416 3217 617 3278 Lucretius
640 3215 725 3277 dixit:

271 3335 381 3397 saepe
404 3318 538 3397 gelum,
562 3319 658 3396 quod
682 3320 855 3380 continet
877 3320 915 3379 iu
937 3337 992 3388 se,
1016 3318 1158 3380 biitiit'.

83 3415 142 3480 item
163 3421 384 3483 Priscianus
406 3421 492 3482 dicit:
524 3420 589 3482 ‘iric
611 3421 756 3481 tonitrus'
781 3430 809 3481 et
832 3420 905 3481 ‘hoc
929 3422 1069 3490 tonitru’,
1095 3420 1161 3481 ‘laic
1183 3425 1310 3481 coruus'
1333 3431 1363 3482 et

56 3519 139 3580 s‘noe
160 3524 277 3592 cornu’,
301 3522 364 3582 ‘bic
385 3530 467 3584 artus
490 3531 521 3583 ct
542 3523 612 3583 ‘boc
626 3525 715 3592 artu’,
740 3521 802 3582 ‘bic
817 3523 1006 3608 angiportus’¹
1021 3531 1049 3582 et
1065 3523 1134 3583 ‘boc
1150 3526 1361 3603 angiportom',

83 3625 252 3701 conpositum
281 3623 319 3684 ab
346 3631 471 3703 angusto
499 3633 528 3685 et
554 3633 654 3703 portu.
705 3623 779 3686 ilem
807 3627 886 3686 scire
912 3624 1068 3695 debemus,
1098 3625 1176 3705 quod
1204 3627 1362 3701 genetiuus

83 3733 189 3798 quartae
221 3725 427 3788 declinationis
454 3729 486 3786 in
513 3744 548 3787 us
582 3725 723 3805 syllabam
759 3729 950 3797 terminatus,
982 3729 1046 3798 siue
1070 3725 1263 3789 masculinum
1298 3729 1362 3788 siue

83 3821 239 3888 leminiuum
263 3845 372 3888 nomeu
394 3828 499 3904 luerit,
522 3847 558 3888 us
579 3826 691 3908 syllaba
714 3828 816 3888 ultima
839 3827 1024 3908 producitur.
1054 3828 1126 3889 lude
1142 3828 1362 3892 Priscianus

85 3922 156 3988 dicit:
179 3931 220 3990 ‘in
243 3938 347 4009 quarta
371 3928 567 3992 declinatione
589 3931 744 4008 genetiuus
767 3928 926 4008 singularis
949 3939 978 3990 el
1000 3931 1200 3991 nominatiuus
1223 3937 1253 3991 et
1274 3949 1360 3991 accu-

12 4043 13 4058 2
57 4030 179 4090 ssatiuus
206 4039 235 4093 el
263 4034 419 4092 uocetiuus
446 4029 571 4112 pluralis
597 4030 676 4092 idem
705 4039 788 4098 sunt:
820 4033 929 4112 quippe
952 4033 980 4093 iu
1004 4031 1141 4093 omuibus
1170 4030 1216 4092 bis
1244 4031 1361 4092 casibus

12 4211 13 4224 χ
84 4129 238 4202 producitur
272 4150 308 4193 us
338 4130 463 4212 syllaba,
498 4141 529 4194 ut
562 4131 650 4194 boios
683 4133 788 4194 fluctus
815 4133 847 4194 hi
876 4133 982 4196 ductus
1010 4142 1039 4193 et
1067 4133 1120 4194 lros
1149 4132 1256 4194 ductus
1286 4143 1315 4192 et
1343 4151 1360 4192 o

86 4275 293 4296 Ἣ

124 4383 266 4450 igcminite
300 4386 527 4440 Bboccoruuom.
561 4389 711 4439 toornuam
750 4391 860 4454 tigerius
896 4387 1012 4438 irocestn
1051 4388 1171 4454 illongos
1206 4387 1361 4438 deferendae

85 4445 127 4496 let
141 4456 253 4506 uocatiuo
269 4470 318 4509 om.
388 4457 420 4507 13
437 4452 597 4520 Priscianus]
617 4457 652 4519 of.
671 4456 730 4522 Ip.
745 4458 900 4522 362‚8seq.
972 4458 1003 4506 14
1022 4455 1161 4507 deferentia
1213 4470 1264 4505 non
1282 4457 1361 4506 retio-

86 4515 183 4571 oabiliter
251 4525 282 4574 16
300 4523 371 4586 quod
388 4525 479 4574 addidi
548 4524 580 4573 18
596 4522 754 4589 Priscianus]
775 4526 808 4588 ef,
828 4524 888 4588 Ip.
907 4527 966 4586 210,
981 4527 1014 4574 14
1031 4539 1085 4590 seq.
1158 4526 1188 4573 19
1207 4526 1266 4590 ger's
1285 4539 1360 4574 ncurn

112 4597 210 4639 beorna
261 4591 357 4641 t'ouitu
426 4589 611 4656 22Luosuus]
635 4592 873 4642 V11217e1197
924 4592 1045 4656 protulllt.
1098 4589 1196 4658 Cicero]
1215 4594 1295 4656 effide
1313 4593 1361 4644 doc

12 4703 13 4708 ,
86 4659 181 4718 ‘mpla
198 4661 305 4726 aliisque
323 4659 407 4712 Prisc.
426 4663 443 4714 l.
461 4663 479 4713 l.
556 4662 589 4710 at
606 4669 633 4709 et
650 4660 734 4710 lenum
787 4659 841 4709 uini
860 4659 964 4726 delapsa
984 4658 1089 4725 resedit]
1109 4661 1200 4710 telunis
1219 4661 1361 4711 sare'sedit

12 4715 13 4742 ¹
85 4715 110 4764 Ἢ
124 4718 238 4796 lucrecius
305 4729 339 4778 29
357 4725 515 4792 Priscianus]
535 4729 569 4791 cf.
589 4727 718 4792 Imm,
728 4731 752 4777 1.
763 4729 788 4782 i.
799 4732 831 4778 17
877 4729 943 4778 dixit
953 4729 1015 4778 dicit
1027 4729 1068 4778 hic
1113 4730 1241 4780 tonitruus
1281 4744 1361 4780 ornus

86 4783 111 4899 ἐξ
126 4801 147 4836 ¹1¹
164 4809 191 4909 pls
207 4795 298 4846 addidi
325 4797 482 4912 lterminata
550 4799 583 4847 33
601 4793 760 4860 Priscianus]
779 4799 813 4862 cs.
835 4797 892 4862 lp.
912 4801 976 4863 333,
989 4800 1024 4847 27
1040 4814 1093 4863 seq.
1164 4800 1198 4850 at
1215 4800 1360 4849 nominatas

125 4863 270 4920 prodicitur
334 4865 361 4913 rii
