3378 5550
602 289 641 342 IN
658 289 868 342 EVTYCHEM.
1260 303 1384 352 LXXVII

85 484 133 551 ita,
157 489 193 540 ut
216 481 343 540 Keilhis
364 481 428 556 ipse
450 482 556 541 talium
577 497 679 541 rerum
702 483 902 556 inuestipotor
923 481 1112 540 acutissimus
1133 485 1223 554 atque
1238 481 1386 556 peritissi-

85 601 138 642 mus
165 583 254 642 nihil
283 585 407 644 omuino
429 584 468 642 de
488 599 525 641 ea
548 599 582 642 re
603 599 667 644 sese
687 599 827 657 umquam
854 583 1027 657 conperisse
1053 581 1128 641 mihi
1152 583 1192 642 sit
1219 581 1385 656 consessus,

86 695 119 742 est
139 687 236 744 etiam
263 693 352 745 certa
373 702 483 758 casua,
507 703 569 760 qua
590 687 783 760 suspitionem
798 686 979 757 confirmare
994 689 1083 758 atque
1098 687 1247 744 sustinere
1263 685 1385 759 possim.

90 787 164 856 boue
185 791 274 847 enim
300 788 463 848 Iaccherus
484 789 622 865 callemi,
645 805 685 848 ex
708 785 825 848 Oudino
840 786 952 864 Baulio
966 786 1110 846 Fabricio
1132 803 1164 846 se
1180 788 1305 862 petiisse
1325 787 1390 861 ipse

87 897 203 950 leuatus
234 897 300 950 est:
331 907 398 950 aem
427 903 501 950 uero
522 905 616 964 neque
639 889 774 951 Oudinus
795 905 891 964 neque
913 888 1043 966 Baplius
1064 890 1128 948 eius
1150 890 1287 948 editionis
1308 904 1388 946 men-

86 993 184 1050 tionem
206 991 360 1067 saciant,
383 991 523 1052 Fabricii
535 995 746 1052 auctoritatem
769 1007 834 1051 eum
849 997 981 1051 secutum
996 1006 1059 1051 esse
1073 989 1218 1063 efficitur.
1253 990 1392 1051 Fabricii

87 1103 174 1152 omem
198 1096 296 1154 locus
320 1111 340 1152 a
361 1093 556 1168 Schottpenio
577 1100 684 1155 auctus
705 1096 749 1153 ita
769 1109 801 1153 se
822 1093 913 1152 habet
934 1089 1000 1174 (Vi
1018 1111 1050 1169 p.
1077 1099 1132 1150 158
1155 1093 1202 1152 ed.
1226 1087 1332 1172 ital.).·

159 1195 371 1256 ‘Sedulius
392 1195 528 1256 Iunior
549 1199 706 1258 notione
727 1195 883 1256 Scotus.
902 1239 909 1254 .
925 1239 954 1254 ..
972 1239 980 1254 .
998 1195 1088 1255 Eius
1109 1195 1283 1255 habemus
1299 1239 1307 1254 .
1326 1239 1334 1254 .
1353 1239 1387 1261 .,

158 1295 196 1379 3)
225 1299 506 1358 Commentarii
524 1301 561 1359 in
585 1307 701 1359 artem
725 1298 910 1376 Eutychii
935 1302 1032 1357 teste
1059 1298 1210 1358 Vsserio
1233 1299 1269 1356 in
1293 1296 1387 1358 Bibl.

88 1399 275 1460 lhuanea
294 1397 468 1472 suerunt.
513 1399 575 1462 Sic
602 1417 747 1476 quoque
774 1399 929 1460 Sedulio
955 1401 1220 1459 commentarii
1246 1400 1282 1458 in
1304 1400 1389 1474 pri-

85 1519 164 1560 num
190 1503 291 1574 (alii
312 1504 529 1578 secundam)
553 1511 671 1563 artem
685 1501 827 1563 Donati
846 1509 881 1561 et
901 1503 937 1562 iu
960 1503 1082 1562 maius
1102 1503 1272 1562 uolumen
1287 1501 1389 1560 Pris-

86 1607 187 1664 ciani
209 1602 494 1692 tribuuntur.*)

159 1703 198 1784 4)
235 1704 341 1782 Opus
369 1707 413 1766 de
438 1709 624 1782 repiminc
644 1709 866 1784 principum
894 1707 1027 1767 habuit
1057 1705 1264 1768 Goldastus
1295 1713 1390 1766 teste

87 1807 254 1870 labbeo:
284 1807 467 1870 Sedulius
494 1811 537 1869 de
564 1811 783 1870 rectoribus
806 1809 1044 1869 Christianis
1065 1815 1098 1868 et
1124 1811 1389 1868 conuenienti-

87 1911 141 1970 bus
163 1911 338 1984 repulis,
355 1911 487 1984 quibus
508 1919 563 1970 est
584 1913 802 1987 respublica
825 1914 899 1972 rite
919 1909 1283 1987 pubernandoLips.
1300 1915 1391 1968 toto

90 2015 257 2073 sedilus
278 2021 512 2073 memoratur
533 2029 553 2072 a
576 2014 760 2074 Fabricio
783 2015 943 2074 nostro’.

163 2117 242 2175 Iam
267 2115 369 2189 uides,
398 2115 542 2186 Fabricio
565 2122 690 2176 auctore
711 2131 771 2176 nou
794 2114 912 2189 omnia,
945 2131 1023 2190 quae
1043 2132 1139 2192 supro
1160 2121 1390 2174 commemoratu

87 2227 161 2294 aut,
186 2218 320 2277 Sedulii
338 2219 456 2292 scripta
478 2215 590 2293 lipsiis
614 2223 688 2278 toto
710 2219 774 2278 dici
797 2215 965 2294 prodiisse,
994 2219 1050 2278 secl
1069 2219 1164 2278 solum
1187 2217 1225 2276 cle
1246 2213 1393 2291 repimiue

83 2318 265 2396 principiam
290 2335 375 2395 opus.
419 2317 622 2379 Remoueotur
650 2323 745 2395 ipitur
773 2322 831 2380 istu
859 2321 1005 2380 editorum
1027 2321 1087 2380 iam
1111 2325 1182 2379 aute
1204 2334 1298 2380 annos
1320 2317 1392 2379 CCL

85 2425 364 2494 arammaticorum
386 2417 505 2481 Sedulii
526 2439 649 2498 operum
672 2423 775 2498 opinio
792 2421 970 2495 salsissima.
1018 2421 1095 2492 Quin
1122 2423 1211 2481 etium
1239 2421 1290 2481 ‘de
1311 2419 1391 2495 repi-

86 2527 159 2582 nine
177 2521 381 2600 priucipzun’
401 2522 517 2584 libellus
539 2541 610 2584 num
625 2541 737 2586 reuera
752 2526 820 2585 olim
835 2525 934 2584 editus
948 2525 999 2598 sit,
1025 2524 1158 2598 Ampelos
1174 2521 1278 2584 Maius
1290 2521 1390 2600 spicil.

87 2627 168 2686 hom
195 2635 273 2687 tom.
306 2625 389 2686 VIII
403 2626 509 2702 praes.
539 2625 681 2688 V—-VII
698 2627 789 2687 ualde
810 2623 979 2698 dubitauit,
1011 2643 1090 2702 quae
1116 2623 1236 2701 quidem
1263 2622 1393 2702 suspitio

86 2728 113 2788 iu
134 2725 303 2803 Herzopii
322 2725 426 2788 lexico
447 2729 536 2789 theol.
559 2747 583 2789 s.
608 2747 635 2788 u.
659 2745 679 2788 a
702 2727 898 2790 Neudechero
919 2725 1043 2789 minime
1064 2727 1229 2802 refellitur.

168 2833 267 2904 Quod
296 2836 394 2890 natan
421 2831 465 2890 ad
490 2833 722 2891 commentarios
748 2829 782 2891 iu
811 2839 907 2891 artem
936 2833 985 2891 uel
1003 2833 1137 2907 primam
1161 2831 1210 2890 uel
1230 2831 1392 2891 secundam

87 2935 203 2994 Donati
232 2935 361 3005 attinet,
392 2933 432 2990 ab
462 2931 577 2994 Oudino
604 2931 723 3008 oliqomt
749 2931 869 2995 codices
896 2937 926 2994 in
954 2934 1067 3008 Anplia
1094 2929 1210 2994 seruati
1237 2933 1276 2993 II
1294 2950 1328 3008 p.
1354 2939 1392 2991 26

86 3041 384 3096 commemorantur:
420 3035 508 3094 ‘Item
534 3032 688 3109 expositio
716 3033 835 3095 Sedulii
861 3033 997 3112 episcopi
1024 3032 1211 3112 imprimam
1233 3033 1392 3094 editionem

87 3137 202 3200 Donat-i
232 3135 322 3196 inter
344 3137 416 3196 Mss.
440 3134 560 3197 codices
588 3133 786 3197 ecclesiarum
808 3135 941 3212 duplice
962 3133 1187 3198 cathedralium
1209 3145 1238 3196 et
1260 3139 1392 3196 aliarum

87 3243 254 3302 celebrium
286 3235 533 3298 bibliothecarum
561 3236 666 3299 codice
695 3245 787 3312 idei,
818 3237 852 3298 iu
881 3240 954 3300 Mss.
983 3237 1140 3300 codicibus
1173 3237 1393 3312 Norsolciouae

87 3346 172 3418 opud
194 3337 375 3401 londinum
397 3338 594 3401 bibliothecae
615 3342 718 3402 codice
741 3345 804 3400 ab!

659 3593 740 3657 Cae.
762 3591 827 3658 III.

546 3709 605 3776 DII
627 3709 746 3776 LIBRI
767 3709 943 3777 INDOLE.

170 3865 304 3930 Sedulii
326 3867 423 3943 ipitur
443 3871 631 3945 opusculum,
661 3871 741 3944 quod
768 3888 850 3930 nunc
873 3867 1009 3947 primum
1037 3867 1148 3944 editur,
1174 3867 1221 3930 ita
1242 3887 1392 3946 conpara-

89 3983 145 4033 tum
169 3979 238 4046 est,
266 3976 300 4030 ut
321 3969 452 4031 edidisse
474 3988 528 4032 nos
549 3968 671 4031 minime
687 3969 856 4048 poeniteat.
888 3971 986 4032 Multa
1000 3969 1079 4032 enim
1101 3969 1236 4048 scriptor
1250 3969 1393 4048 tradidit,

90 4095 165 4148 onae
189 4071 324 4134 aliunde
345 4074 430 4133 haud
449 4081 519 4134 sunt
540 4080 704 4150 conperto,
734 4091 857 4149 quormu
886 4075 944 4135 hoc
965 4071 1107 4150 inprimis
1128 4071 1318 4134 memorabile
1339 4080 1392 4149 esi,

90 4181 168 4252 umd
195 4176 348 4252 Eutychis
369 4183 465 4235 artem
488 4191 508 4234 a
529 4173 662 4236 diuersis
682 4174 888 4249 multifariam
910 4183 1075 4237 tractatam
1096 4183 1126 4235 et
1147 4173 1316 4251 expositam
1332 4192 1395 4236 esse

90 4287 223 4340 curatur
232 4295 270 4354 p.
290 4283 333 4354 13,
346 4283 403 4345 om
428 4285 474 4351 15,
494 4283 547 4346 22,·
573 4285 618 4350 ro,
637 4285 665 4338 s.
685 4284 736 4347 21;
761 4285 874 4356 21,ro;
898 4285 944 4352 32,
964 4285 1017 4348 21‚·
1041 4285 1089 4352 eo,
1108 4285 1163 4346 25;
1185 4295 1261 4352 quas
1275 4279 1395 4352 quidem

91 4381 229 4443 altorum
258 4376 464 4454 expositiones
491 4376 590 4440 aculis
617 4396 692 4439 saue
719 4378 907 4455 ornamentis
936 4397 1008 4440 mus
1035 4386 1125 4440 caute
1152 4387 1241 4454 atque
1266 4378 1394 4440 circum-
1505 4395 1514 4408 ·

160 4653 192 4716 ’)
211 4651 349 4700 Librorum
368 4650 401 4701 ad
419 4661 497 4700 ariera
515 4653 707 4717 grammaticum
725 4653 904 4718 pertinendum
923 4651 1030 4703 loannes
1047 4651 1201 4702 Trithemius
1220 4666 1270 4702 non
1290 4650 1338 4700 nisi
1357 4651 1395 4699 ‘in

95 4723 178 4772 maius
200 4720 322 4770 uolumen
340 4717 466 4768 Prisciani
484 4718 526 4770 lib.
544 4721 565 4770 l'
580 4733 604 4770 et
616 4722 653 4770 ‘iu
668 4721 808 4771 secundom
822 4721 959 4770 editionem
975 4723 1069 4771 Donati
1082 4720 1125 4772 lib.
1139 4721 1160 4768 I’
1178 4721 1395 4784 commemorauit,

95 4790 125 4842 el.
141 4791 178 4840 de
197 4787 370 4854 sumptoribus
389 4787 566 4838 ecclesiasticis
585 4791 625 4839 ed.
647 4788 746 4842 I'reher.
765 4789 774 4836 1
793 4805 819 4857 p.
837 4791 896 4842 227.
