<?xml version="1.0" encoding="UTF-8"?>
<!DOCTYPE html PUBLIC "-//W3C//DTD XHTML 1.0 Transitional//EN"
    "http://www.w3.org/TR/xhtml1/DTD/xhtml1-transitional.dtd">
<html xmlns="http://www.w3.org/1999/xhtml" xml:lang="en" lang="en">
 <head>
  <title>
</title>
<meta http-equiv="Content-Type" content="text/html;charset=utf-8" />
  <meta name='ocr-system' content='tesseract 3.04.00' />
  <meta name='ocr-capabilities' content='ocr_page ocr_carea ocr_par ocr_line ocrx_word'/>
</head>
<body>
  <div class='ocr_page' id='page_1' title='image "./anecdotahelveti00hagegoog_0517.png"; bbox 0 0 3354 5580; ppageno 0'>
   <div class='ocr_carea' id='block_1_1' title="bbox 269 367 1161 434">
    <p class='ocr_par' dir='ltr' id='par_1_1' title="bbox 269 367 1161 434">
     <span class='ocr_line' id='line_1_1' title="bbox 269 367 1161 434; baseline -0.018 1"><span class='ocrx_word' id='word_1_1' title='bbox 269 369 333 434; x_wconf 82' lang='lat'><strong>246</strong></span> <span class='ocrx_word' id='word_1_2' title='bbox 664 370 898 423; x_wconf 79' lang='lat' dir='ltr'><strong>conucurvu</strong></span> <span class='ocrx_word' id='word_1_3' title='bbox 916 367 1161 422; x_wconf 81' lang='lat' dir='ltr'><strong>arnsmnrcusn</strong></span> 
     </span>
    </p>
   </div>
   <div class='ocr_carea' id='block_1_2' title="bbox 129 557 1597 1474">
    <p class='ocr_par' dir='ltr' id='par_1_2' title="bbox 129 557 1597 1474">
     <span class='ocr_line' id='line_1_2' title="bbox 129 557 1572 639; baseline -0.001 -17"><span class='ocrx_word' id='word_1_4' title='bbox 129 575 157 618; x_wconf 82' lang='lat' dir='ltr'><strong>et.</strong></span> <span class='ocrx_word' id='word_1_5' title='bbox 172 577 217 624; x_wconf 78' lang='lat' dir='ltr'><strong>tu,</strong></span> <span class='ocrx_word' id='word_1_6' title='bbox 233 577 257 615; x_wconf 82' lang='grc' dir='ltr'><strong>ιο</strong></span> <span class='ocrx_word' id='word_1_7' title='bbox 270 568 351 622; x_wconf 91' lang='lat' dir='ltr'><strong>artus</strong></span> <span class='ocrx_word' id='word_1_8' title='bbox 373 561 513 623; x_wconf 88' lang='lat' dir='ltr'><strong>dicuntur</strong></span> <span class='ocrx_word' id='word_1_9' title='bbox 536 562 647 622; x_wconf 91' lang='lat' dir='ltr'><strong>maiora</strong></span> <span class='ocrx_word' id='word_1_10' title='bbox 672 559 814 620; x_wconf 89' lang='lat' dir='ltr'><strong>membra.</strong></span> <span class='ocrx_word' id='word_1_11' title='bbox 838 595 881 604; x_wconf 92' lang='lat'><em>-</em></span> <span class='ocrx_word' id='word_1_12' title='bbox 902 561 1007 639; x_wconf 78' lang='lat' dir='ltr'><strong>Aptota</strong></span> <span class='ocrx_word' id='word_1_13' title='bbox 1036 561 1156 620; x_wconf 88' lang='lat' dir='ltr'><strong>nomina</strong></span> <span class='ocrx_word' id='word_1_14' title='bbox 1185 577 1240 619; x_wconf 90' lang='lat' dir='ltr'><strong>nec</strong></span> <span class='ocrx_word' id='word_1_15' title='bbox 1269 557 1394 639; x_wconf 79' lang='lat' dir='ltr'>pluralia</span> <span class='ocrx_word' id='word_1_16' title='bbox 1423 578 1480 621; x_wconf 91' lang='lat' dir='ltr'><strong>nec</strong></span> <span class='ocrx_word' id='word_1_17' title='bbox 1509 559 1572 630; x_wconf 87' lang='lat' dir='ltr'><strong>illa,</strong></span> 
     </span>
     <span class='ocr_line' id='line_1_3' title="bbox 270 623 1573 743; baseline -0.002 -19"><span class='ocrx_word' id='word_1_18' title='bbox 270 681 346 743; x_wconf 90' lang='lat' dir='ltr'><strong>quac</strong></span> <span class='ocrx_word' id='word_1_19' title='bbox 371 681 386 723; x_wconf 91' lang='lat' dir='ltr'><strong>a</strong></span> <span class='ocrx_word' id='word_1_20' title='bbox 409 663 534 724; x_wconf 88' lang='lat' dir='ltr'><strong>Graecis</strong></span> <span class='ocrx_word' id='word_1_21' title='bbox 557 663 753 742; x_wconf 90' lang='lat' dir='ltr'><strong>sumpsimus,</strong></span> <span class='ocrx_word' id='word_1_22' title='bbox 779 658 899 742; x_wconf 90' lang='grc'>1116911</span> <span class='ocrx_word' id='word_1_23' title='bbox 925 679 984 722; x_wconf 92' lang='lat' dir='ltr'><strong>non</strong></span> <span class='ocrx_word' id='word_1_24' title='bbox 1009 623 1183 722; x_wconf 69' lang='lat' dir='ltr'><strong>ueniuntltn</strong></span> <span class='ocrx_word' id='word_1_25' title='bbox 1212 661 1289 722; x_wconf 79' lang='lat' dir='ltr'><strong>lianc</strong></span> <span class='ocrx_word' id='word_1_26' title='bbox 1317 659 1467 740; x_wconf 84' lang='lat' dir='ltr'><strong>regulam,</strong></span> <span class='ocrx_word' id='word_1_27' title='bbox 1501 663 1573 739; x_wconf 91' lang='lat' dir='ltr'><strong>quia</strong></span> 
     </span>
     <span class='ocr_line' id='line_1_4' title="bbox 173 761 1573 842; baseline 0.004 -24"><span class='ocrx_word' id='word_1_28' title='bbox 173 763 433 828; x_wconf 84' lang='lat' dir='ltr'><strong>sao,nablatiuum</strong></span> <span class='ocrx_word' id='word_1_29' title='bbox 462 781 521 826; x_wconf 92' lang='lat' dir='ltr'><strong>non</strong></span> <span class='ocrx_word' id='word_1_30' title='bbox 550 763 669 825; x_wconf 88' lang='lat' dir='ltr'><strong>habent.</strong></span> <span class='ocrx_word' id='word_1_31' title='bbox 713 761 913 832; x_wconf 82' lang='lat' dir='ltr'><strong>Emblema.</strong></span> <span class='ocrx_word' id='word_1_32' title='bbox 943 765 1071 824; x_wconf 87' lang='lat' dir='ltr'><strong>uarietas</strong></span> <span class='ocrx_word' id='word_1_33' title='bbox 1098 763 1273 842; x_wconf 90' lang='lat' dir='ltr'><strong>pauimenti.</strong></span> <span class='ocrx_word' id='word_1_34' title='bbox 1319 763 1573 842; x_wconf 80' lang='lat' dir='ltr'>Epigramma,</span> 
     </span>
     <span class='ocr_line' id='line_1_5' title="bbox 271 865 1574 946; baseline 0 -20"><span class='ocrx_word' id='word_1_35' title='bbox 271 869 498 946; x_wconf 89' lang='lat' dir='ltr'><strong>superscriptio.</strong></span> <span class='ocrx_word' id='word_1_36' title='bbox 549 867 721 934; x_wconf 77' lang='lat' dir='ltr'><strong>Stemma,</strong></span> <span class='ocrx_word' id='word_1_37' title='bbox 752 865 826 926; x_wconf 88' lang='lat' dir='ltr'><strong>ordo</strong></span> <span class='ocrx_word' id='word_1_38' title='bbox 854 865 902 925; x_wconf 88' lang='lat' dir='ltr'><strong>uel</strong></span> <span class='ocrx_word' id='word_1_39' title='bbox 931 867 1024 926; x_wconf 83' lang='lat' dir='ltr'><strong>series</strong></span> <span class='ocrx_word' id='word_1_40' title='bbox 1052 865 1264 942; x_wconf 77' lang='lat' dir='ltr'><strong>generationis.</strong></span> <span class='ocrx_word' id='word_1_41' title='bbox 1308 867 1438 928; x_wconf 77' lang='lat' dir='ltr'><strong>Stemma</strong></span> <span class='ocrx_word' id='word_1_42' title='bbox 1469 873 1574 928; x_wconf 91' lang='lat' dir='ltr'><strong>autem</strong></span> 
     </span>
     <span class='ocr_line' id='line_1_6' title="bbox 272 965 1597 1048; baseline 0.002 -17"><span class='ocrx_word' id='word_1_43' title='bbox 272 979 397 1031; x_wconf 89' lang='lat' dir='ltr'><strong>uocatur</strong></span> <span class='ocrx_word' id='word_1_44' title='bbox 431 968 525 1036; x_wconf 85' lang='lat' dir='ltr'><strong>tllum,</strong></span> <span class='ocrx_word' id='word_1_45' title='bbox 565 987 624 1048; x_wconf 90' lang='lat' dir='ltr'><strong>quo</strong></span> <span class='ocrx_word' id='word_1_46' title='bbox 660 967 830 1028; x_wconf 83' lang='lat' dir='ltr'><strong>sacerdotes</strong></span> <span class='ocrx_word' id='word_1_47' title='bbox 863 977 997 1046; x_wconf 88' lang='lat' dir='ltr'><strong>tempore</strong></span> <span class='ocrx_word' id='word_1_48' title='bbox 1025 965 1166 1030; x_wconf 90' lang='lat' dir='ltr'><strong>aestiuali</strong></span> <span class='ocrx_word' id='word_1_49' title='bbox 1199 969 1295 1047; x_wconf 86' lang='lat' dir='ltr'><strong>capita</strong></span> <span class='ocrx_word' id='word_1_50' title='bbox 1326 966 1473 1045; x_wconf 87' lang='lat' dir='ltr'><strong>ligabant,</strong></span> <span class='ocrx_word' id='word_1_51' title='bbox 1511 987 1597 1034; x_wconf 73' lang='lat' dir='ltr'><strong>none</strong></span> 
     </span>
     <span class='ocr_line' id='line_1_7' title="bbox 272 1068 1576 1150; baseline -0.002 -18"><span class='ocrx_word' id='word_1_52' title='bbox 272 1069 407 1132; x_wconf 88' lang='lat' dir='ltr'><strong>ualentes</strong></span> <span class='ocrx_word' id='word_1_53' title='bbox 431 1078 549 1150; x_wconf 90' lang='lat' dir='ltr'><strong>portare</strong></span> <span class='ocrx_word' id='word_1_54' title='bbox 572 1068 692 1150; x_wconf 85' lang='lat' dir='ltr'><strong>pilleus,</strong></span> <span class='ocrx_word' id='word_1_55' title='bbox 722 1079 751 1128; x_wconf 86' lang='lat' dir='ltr'><strong>et</strong></span> <span class='ocrx_word' id='word_1_56' title='bbox 774 1087 829 1148; x_wconf 91' lang='lat' dir='ltr'><strong>pro</strong></span> <span class='ocrx_word' id='word_1_57' title='bbox 852 1087 961 1130; x_wconf 91' lang='lat' dir='ltr'><strong>corona</strong></span> <span class='ocrx_word' id='word_1_58' title='bbox 991 1070 1123 1149; x_wconf 91' lang='lat' dir='ltr'><strong>ponitur.</strong></span> <span class='ocrx_word' id='word_1_59' title='bbox 1168 1071 1289 1150; x_wconf 78' lang='lat' dir='ltr'><strong>Antiqui</strong></span> <span class='ocrx_word' id='word_1_60' title='bbox 1317 1072 1395 1130; x_wconf 87' lang='lat' dir='ltr'><strong>enirn</strong></span> <span class='ocrx_word' id='word_1_61' title='bbox 1423 1070 1576 1132; x_wconf 79' lang='lat' dir='ltr'><strong>feminino</strong></span> 
     </span>
     <span class='ocr_line' id='line_1_8' title="bbox 273 1168 1577 1253; baseline 0.002 -21"><span class='ocrx_word' id='word_1_62' title='bbox 273 1191 384 1252; x_wconf 83' lang='lat' dir='ltr'><strong>genere</strong></span> <span class='ocrx_word' id='word_1_63' title='bbox 406 1171 613 1253; x_wconf 87' lang='lat' dir='ltr'><strong>prolerebant,</strong></span> <span class='ocrx_word' id='word_1_64' title='bbox 638 1181 671 1232; x_wconf 91' lang='lat' dir='ltr'><strong>ut</strong></span> <span class='ocrx_word' id='word_1_65' title='bbox 694 1170 840 1232; x_wconf 80' lang='lat' dir='ltr'><strong>emblema</strong></span> <span class='ocrx_word' id='word_1_66' title='bbox 863 1168 1037 1232; x_wconf 88' lang='lat' dir='ltr'><strong>emblemae.</strong></span> <span class='ocrx_word' id='word_1_67' title='bbox 1084 1170 1120 1231; x_wconf 85' lang='lat' dir='ltr'><strong>Et</strong></span> <span class='ocrx_word' id='word_1_68' title='bbox 1143 1171 1212 1232; x_wconf 90' lang='lat' dir='ltr'><strong>inde</strong></span> <span class='ocrx_word' id='word_1_69' title='bbox 1236 1173 1378 1232; x_wconf 83' lang='lat' dir='ltr'><strong>remansit</strong></span> <span class='ocrx_word' id='word_1_70' title='bbox 1399 1172 1522 1234; x_wconf 89' lang='lat' dir='ltr'><strong>datiuus</strong></span> <span class='ocrx_word' id='word_1_71' title='bbox 1546 1183 1577 1234; x_wconf 92' lang='lat' dir='ltr'><strong>et</strong></span> 
     </span>
     <span class='ocr_line' id='line_1_9' title="bbox 177 1271 1575 1353; baseline -0.001 -17"><span class='ocrx_word' id='word_1_72' title='bbox 177 1273 422 1336; x_wconf 58' lang='lat' dir='ltr'><strong>transnatamus</strong></span> <span class='ocrx_word' id='word_1_73' title='bbox 445 1273 576 1353; x_wconf 90' lang='lat' dir='ltr'><strong>pluralis.</strong></span> <span class='ocrx_word' id='word_1_74' title='bbox 623 1271 741 1334; x_wconf 86' lang='lat' dir='ltr'><strong>{luobus</strong></span> <span class='ocrx_word' id='word_1_75' title='bbox 765 1273 859 1334; x_wconf 76' lang='lat' dir='ltr'><strong>enodis</strong></span> <span class='ocrx_word' id='word_1_76' title='bbox 881 1275 1083 1351; x_wconf 88' lang='lat' dir='ltr'><strong>cognoscitur,</strong></span> <span class='ocrx_word' id='word_1_77' title='bbox 1107 1272 1280 1352; x_wconf 87' lang='lat' dir='ltr'><strong>analogia</strong></span> <span class='ocrx_word' id='word_1_78' title='bbox 1303 1272 1361 1336; x_wconf 90' lang='lat' dir='ltr'><strong>uel</strong></span> <span class='ocrx_word' id='word_1_79' title='bbox 1385 1292 1426 1334; x_wconf 85' lang='lat' dir='ltr'><strong>ex</strong></span> <span class='ocrx_word' id='word_1_80' title='bbox 1449 1273 1575 1335; x_wconf 90' lang='lat' dir='ltr'><strong>colla·</strong></span> 
     </span>
     <span class='ocr_line' id='line_1_10' title="bbox 274 1374 1518 1474; baseline -0.001 -38"><span class='ocrx_word' id='word_1_81' title='bbox 274 1379 377 1437; x_wconf 90' lang='lat' dir='ltr'><strong>tione</strong></span> <span class='ocrx_word' id='word_1_82' title='bbox 401 1377 667 1456; x_wconf 71' lang='lat' dir='ltr'><strong>positiuotmm,</strong></span> <span class='ocrx_word' id='word_1_83' title='bbox 691 1377 710 1434; x_wconf 94' lang='lat' dir='ltr'><strong>i·</strong></span> <span class='ocrx_word' id='word_1_84' title='bbox 734 1395 769 1436; x_wconf 80' lang='lat' dir='ltr'><strong>ex</strong></span> <span class='ocrx_word' id='word_1_85' title='bbox 793 1376 976 1436; x_wconf 78' lang='lat' dir='ltr'><strong>conferentia</strong></span> <span class='ocrx_word' id='word_1_86' title='bbox 1000 1377 1154 1437; x_wconf 90' lang='lat' dir='ltr'><strong>nominum</strong></span> <span class='ocrx_word' id='word_1_87' title='bbox 1178 1374 1225 1437; x_wconf 89' lang='lat' dir='ltr'><strong>uel</strong></span> <span class='ocrx_word' id='word_1_88' title='bbox 1249 1394 1285 1474; x_wconf 65' lang='lat' dir='ltr'><strong>er</strong></span> <span class='ocrx_word' id='word_1_89' title='bbox 1307 1374 1518 1438; x_wconf 88' lang='lat' dir='ltr'><strong>diminutione.</strong></span> 
     </span>
    </p>
   </div>
   <div class='ocr_carea' id='block_1_3' title="bbox 771 1629 1612 1696">
    <p class='ocr_par' dir='ltr' id='par_1_3' title="bbox 771 1629 1612 1696">
     <span class='ocr_line' id='line_1_11' title="bbox 771 1629 1612 1696; baseline 0.005 -4"><span class='ocrx_word' id='word_1_90' title='bbox 771 1630 818 1692; x_wconf 86' lang='lat' dir='ltr'><strong>DE</strong></span> <span class='ocrx_word' id='word_1_91' title='bbox 839 1629 1070 1692; x_wconf 79' lang='lat' dir='ltr'><strong>rnouuttttttt.</strong></span> <span class='ocrx_word' id='word_1_92' title='bbox 1591 1660 1612 1696; x_wconf 84' lang='lat' dir='ltr'><strong>ro</strong></span> 
     </span>
    </p>
   </div>
   <div class='ocr_carea' id='block_1_4' title="bbox 138 1782 1654 4204">
    <p class='ocr_par' dir='ltr' id='par_1_4' title="bbox 274 1782 1613 2376">
     <span class='ocr_line' id='line_1_12' title="bbox 360 1782 1575 1866; baseline 0.002 -21"><span class='ocrx_word' id='word_1_93' title='bbox 360 1785 526 1845; x_wconf 86' lang='lat' dir='ltr'><strong>Pronomen</strong></span> <span class='ocrx_word' id='word_1_94' title='bbox 551 1782 672 1853; x_wconf 88' lang='lat' dir='ltr'><strong>dicitur,</strong></span> <span class='ocrx_word' id='word_1_95' title='bbox 704 1784 841 1864; x_wconf 90' lang='lat' dir='ltr'><strong>eoquod</strong></span> <span class='ocrx_word' id='word_1_96' title='bbox 865 1786 1105 1864; x_wconf 89' lang='lat' dir='ltr'><strong>pronominei.</strong></span> <span class='ocrx_word' id='word_1_97' title='bbox 1130 1785 1160 1844; x_wconf 93' lang='lat' dir='ltr'><strong>in</strong></span> <span class='ocrx_word' id='word_1_98' title='bbox 1188 1785 1255 1846; x_wconf 91' lang='lat' dir='ltr'><strong>loco</strong></span> <span class='ocrx_word' id='word_1_99' title='bbox 1284 1787 1411 1850; x_wconf 91' lang='lat' dir='ltr'><strong>nominis</strong></span> <span class='ocrx_word' id='word_1_100' title='bbox 1438 1788 1575 1866; x_wconf 88' lang='lat' dir='ltr'><strong>punitur,</strong></span> 
     </span>
     <span class='ocr_line' id='line_1_13' title="bbox 274 1884 1576 1965; baseline 0.002 -18"><span class='ocrx_word' id='word_1_101' title='bbox 274 1889 351 1947; x_wconf 91' lang='lat' dir='ltr'><strong>sicut</strong></span> <span class='ocrx_word' id='word_1_102' title='bbox 367 1888 560 1946; x_wconf 76' lang='lat' dir='ltr'><strong>‘uieecomes’</strong></span> <span class='ocrx_word' id='word_1_103' title='bbox 575 1884 641 1946; x_wconf 91' lang='lat' dir='ltr'><strong>loco</strong></span> <span class='ocrx_word' id='word_1_104' title='bbox 664 1886 783 1946; x_wconf 91' lang='lat' dir='ltr'><strong>comitis</strong></span> <span class='ocrx_word' id='word_1_105' title='bbox 806 1894 834 1946; x_wconf 86' lang='lat' dir='ltr'><strong>et</strong></span> <span class='ocrx_word' id='word_1_106' title='bbox 857 1884 1044 1965; x_wconf 77' lang='lat' dir='ltr'><strong>‘proconsul&#39;</strong></span> <span class='ocrx_word' id='word_1_107' title='bbox 1067 1886 1132 1948; x_wconf 88' lang='lat' dir='ltr'><strong>loco</strong></span> <span class='ocrx_word' id='word_1_108' title='bbox 1156 1886 1295 1949; x_wconf 91' lang='lat' dir='ltr'><strong>consulis.</strong></span> <span class='ocrx_word' id='word_1_109' title='bbox 1340 1886 1383 1948; x_wconf 82' lang='lat' dir='ltr'><strong>dd</strong></span> <span class='ocrx_word' id='word_1_110' title='bbox 1399 1887 1456 1948; x_wconf 81' lang='lat' dir='ltr'><strong>lroc</strong></span> <span class='ocrx_word' id='word_1_111' title='bbox 1471 1897 1576 1949; x_wconf 86' lang='lat' dir='ltr'><strong>autem</strong></span> 
     </span>
     <span class='ocr_line' id='line_1_14' title="bbox 275 1987 1576 2068; baseline 0.002 -20"><span class='ocrx_word' id='word_1_112' title='bbox 275 1990 429 2049; x_wconf 89' lang='lat' dir='ltr'><strong>inuentum</strong></span> <span class='ocrx_word' id='word_1_113' title='bbox 453 1997 497 2048; x_wconf 89' lang='lat' dir='ltr'><strong>est</strong></span> <span class='ocrx_word' id='word_1_114' title='bbox 519 2005 700 2067; x_wconf 89' lang='lat' dir='ltr'><strong>pronomen,</strong></span> <span class='ocrx_word' id='word_1_115' title='bbox 731 1996 763 2048; x_wconf 92' lang='lat' dir='ltr'><strong>ut</strong></span> <span class='ocrx_word' id='word_1_116' title='bbox 785 1988 935 2048; x_wconf 91' lang='lat' dir='ltr'><strong>lastidium</strong></span> <span class='ocrx_word' id='word_1_117' title='bbox 959 1989 1146 2068; x_wconf 85' lang='lat' dir='ltr'><strong>repetitionis</strong></span> <span class='ocrx_word' id='word_1_118' title='bbox 1169 1987 1287 2050; x_wconf 89' lang='lat' dir='ltr'><strong>tolleret</strong></span> <span class='ocrx_word' id='word_1_119' title='bbox 1310 1997 1339 2049; x_wconf 91' lang='lat' dir='ltr'><strong>et</strong></span> <span class='ocrx_word' id='word_1_120' title='bbox 1362 1999 1576 2051; x_wconf 89' lang='lat' dir='ltr'><strong>ornamentum</strong></span> 
     </span>
     <span class='ocr_line' id='line_1_15' title="bbox 276 2087 1576 2172; baseline 0.002 -22"><span class='ocrx_word' id='word_1_121' title='bbox 276 2091 418 2153; x_wconf 84' lang='lat' dir='ltr'><strong>locutioni</strong></span> <span class='ocrx_word' id='word_1_122' title='bbox 442 2091 569 2150; x_wconf 86' lang='lat' dir='ltr'><strong>allerrct.</strong></span> <span class='ocrx_word' id='word_1_123' title='bbox 615 2089 687 2150; x_wconf 85' lang='lat' dir='ltr'><strong>Nam</strong></span> <span class='ocrx_word' id='word_1_124' title='bbox 711 2089 859 2150; x_wconf 87' lang='lat' dir='ltr'><strong>lastldlosa</strong></span> <span class='ocrx_word' id='word_1_125' title='bbox 884 2089 993 2150; x_wconf 90' lang='lat' dir='ltr'><strong>locutio</strong></span> <span class='ocrx_word' id='word_1_126' title='bbox 1015 2090 1132 2150; x_wconf 88' lang='lat' dir='ltr'><strong>luisset:</strong></span> <span class='ocrx_word' id='word_1_127' title='bbox 1156 2087 1309 2168; x_wconf 83' lang='lat' dir='ltr'><strong>‘Virgilius</strong></span> <span class='ocrx_word' id='word_1_128' title='bbox 1331 2091 1451 2172; x_wconf 83' lang='lat' dir='ltr'><strong>scripsit</strong></span> <span class='ocrx_word' id='word_1_129' title='bbox 1473 2092 1576 2153; x_wconf 89' lang='lat' dir='ltr'><strong>Buco-</strong></span> 
     </span>
     <span class='ocr_line' id='line_1_16' title="bbox 275 2190 1613 2272; baseline 0.004 -21"><span class='ocrx_word' id='word_1_130' title='bbox 275 2191 342 2253; x_wconf 89' lang='lat' dir='ltr'><strong>lica.</strong></span> <span class='ocrx_word' id='word_1_131' title='bbox 388 2190 527 2269; x_wconf 82' lang='lat' dir='ltr'><strong>Virgilius</strong></span> <span class='ocrx_word' id='word_1_132' title='bbox 550 2191 670 2271; x_wconf 88' lang='lat' dir='ltr'><strong>scripsit</strong></span> <span class='ocrx_word' id='word_1_133' title='bbox 691 2191 850 2271; x_wconf 77' lang='lat' dir='ltr'><strong>Georgica,</strong></span> <span class='ocrx_word' id='word_1_134' title='bbox 875 2191 1016 2271; x_wconf 79' lang='lat' dir='ltr'><strong>Virgilius</strong></span> <span class='ocrx_word' id='word_1_135' title='bbox 1038 2193 1158 2272; x_wconf 88' lang='lat' dir='ltr'><strong>scripsit</strong></span> <span class='ocrx_word' id='word_1_136' title='bbox 1179 2192 1331 2254; x_wconf 78' lang='lat' dir='ltr'><strong>Aeneida’.</strong></span> <span class='ocrx_word' id='word_1_137' title='bbox 1375 2194 1447 2254; x_wconf 80' lang='lat' dir='ltr'><strong>Cum</strong></span> <span class='ocrx_word' id='word_1_138' title='bbox 1470 2202 1576 2254; x_wconf 91' lang='lat' dir='ltr'><strong>autem</strong></span> <span class='ocrx_word' id='word_1_139' title='bbox 1592 2221 1613 2256; x_wconf 80' lang='lat' dir='ltr'><strong>n</strong></span> 
     </span>
     <span class='ocr_line' id='line_1_17' title="bbox 275 2293 1578 2376; baseline 0.001 -22"><span class='ocrx_word' id='word_1_140' title='bbox 275 2294 400 2355; x_wconf 84' lang='lat' dir='ltr'><strong>dixeris:</strong></span> <span class='ocrx_word' id='word_1_141' title='bbox 425 2293 580 2371; x_wconf 77' lang='lat' dir='ltr'><strong>‘Virgilius</strong></span> <span class='ocrx_word' id='word_1_142' title='bbox 602 2295 724 2373; x_wconf 91' lang='lat' dir='ltr'><strong>scripsit</strong></span> <span class='ocrx_word' id='word_1_143' title='bbox 746 2293 898 2362; x_wconf 86' lang='lat' dir='ltr'><strong>Bucolica,</strong></span> <span class='ocrx_word' id='word_1_144' title='bbox 928 2295 991 2374; x_wconf 91' lang='lat' dir='ltr'><strong>lpse</strong></span> <span class='ocrx_word' id='word_1_145' title='bbox 1013 2295 1133 2373; x_wconf 87' lang='lat' dir='ltr'><strong>scripsit</strong></span> <span class='ocrx_word' id='word_1_146' title='bbox 1154 2295 1315 2372; x_wconf 85' lang='lat' dir='ltr'><strong>Georgica,</strong></span> <span class='ocrx_word' id='word_1_147' title='bbox 1345 2294 1424 2356; x_wconf 89' lang='lat' dir='ltr'><strong>idem</strong></span> <span class='ocrx_word' id='word_1_148' title='bbox 1453 2297 1578 2376; x_wconf 87' lang='lat' dir='ltr'><strong>scripsit</strong></span> 
     </span>
    </p>

    <p class='ocr_par' dir='ltr' id='par_1_5' title="bbox 179 2393 1576 2578">
     <span class='ocr_line' id='line_1_18' title="bbox 179 2393 1575 2467; baseline 0.001 -10"><span class='ocrx_word' id='word_1_149' title='bbox 179 2395 430 2465; x_wconf 65' lang='lat' dir='ltr'><strong>³²⁹‚28deneida’,</strong></span> <span class='ocrx_word' id='word_1_150' title='bbox 459 2394 609 2457; x_wconf 88' lang='lat' dir='ltr'><strong>lastidiunr</strong></span> <span class='ocrx_word' id='word_1_151' title='bbox 637 2393 750 2454; x_wconf 90' lang='lat' dir='ltr'><strong>tollitur</strong></span> <span class='ocrx_word' id='word_1_152' title='bbox 778 2403 808 2454; x_wconf 88' lang='lat' dir='ltr'><strong>ot</strong></span> <span class='ocrx_word' id='word_1_153' title='bbox 834 2403 1041 2456; x_wconf 88' lang='lat' dir='ltr'><strong>ornamentum</strong></span> <span class='ocrx_word' id='word_1_154' title='bbox 1071 2396 1198 2458; x_wconf 88' lang='lat' dir='ltr'><strong>additur.</strong></span> <span class='ocrx_word' id='word_1_155' title='bbox 1249 2397 1338 2458; x_wconf 91' lang='lat' dir='ltr'><strong>Pars</strong></span> <span class='ocrx_word' id='word_1_156' title='bbox 1369 2398 1575 2467; x_wconf 90' lang='lat' dir='ltr'><strong>orationis,</strong></span> 
     </span>
     <span class='ocr_line' id='line_1_19' title="bbox 277 2496 1576 2578; baseline 0 -18"><span class='ocrx_word' id='word_1_157' title='bbox 277 2517 333 2560; x_wconf 91' lang='lat' dir='ltr'><strong>una</strong></span> <span class='ocrx_word' id='word_1_158' title='bbox 362 2499 476 2578; x_wconf 89' lang='lat' dir='ltr'><strong>species</strong></span> <span class='ocrx_word' id='word_1_159' title='bbox 506 2496 678 2557; x_wconf 89' lang='lat' dir='ltr'><strong>Latinitatis.</strong></span> <span class='ocrx_word' id='word_1_160' title='bbox 725 2497 851 2557; x_wconf 89' lang='lat' dir='ltr'><strong>Posita</strong></span> <span class='ocrx_word' id='word_1_161' title='bbox 879 2499 900 2557; x_wconf 92' lang='lat' dir='ltr'><strong>i·</strong></span> <span class='ocrx_word' id='word_1_162' title='bbox 930 2499 1097 2560; x_wconf 89' lang='lat' dir='ltr'><strong>constituta.</strong></span> <span class='ocrx_word' id='word_1_163' title='bbox 1148 2498 1379 2560; x_wconf 81' lang='lat' dir='ltr'><strong>Tantundem</strong></span> <span class='ocrx_word' id='word_1_164' title='bbox 1408 2502 1433 2559; x_wconf 93' lang='lat' dir='ltr'><strong>i·</strong></span> <span class='ocrx_word' id='word_1_165' title='bbox 1463 2500 1576 2560; x_wconf 90' lang='lat' dir='ltr'><strong>iterum</strong></span> 
     </span>
    </p>

    <p class='ocr_par' dir='ltr' id='par_1_6' title="bbox 182 2599 1612 2883">
     <span class='ocr_line' id='line_1_20' title="bbox 182 2599 1577 2716; baseline 0 -56"><span class='ocrx_word' id='word_1_166' title='bbox 182 2604 186 2618; x_wconf 83' lang='lat'><em>&#39;</em></span> <span class='ocrx_word' id='word_1_167' title='bbox 277 2607 392 2661; x_wconf 89' lang='lat' dir='ltr'><strong>tantum</strong></span> <span class='ocrx_word' id='word_1_168' title='bbox 415 2605 445 2660; x_wconf 89' lang='lat' dir='ltr'><strong>ct</strong></span> <span class='ocrx_word' id='word_1_169' title='bbox 467 2600 657 2678; x_wconf 86' lang='lat' dir='ltr'><strong>componitur</strong></span> <span class='ocrx_word' id='word_1_170' title='bbox 679 2615 715 2658; x_wconf 85' lang='lat' dir='ltr'><strong>ex</strong></span> <span class='ocrx_word' id='word_1_171' title='bbox 731 2599 870 2660; x_wconf 81' lang='lat' dir='ltr'><strong>‘tantum&#39;</strong></span> <span class='ocrx_word' id='word_1_172' title='bbox 887 2606 917 2659; x_wconf 92' lang='lat' dir='ltr'><strong>et</strong></span> <span class='ocrx_word' id='word_1_173' title='bbox 931 2599 1117 2716; x_wconf 60' lang='lat' dir='ltr'><strong>‘demum&#39;.&#39;q</strong></span> <span class='ocrx_word' id='word_1_174' title='bbox 1132 2601 1267 2671; x_wconf 82' lang='lat' dir='ltr'><strong>l‘aene,</strong></span> <span class='ocrx_word' id='word_1_175' title='bbox 1291 2603 1311 2660; x_wconf 94' lang='lat' dir='ltr'><strong>i·</strong></span> <span class='ocrx_word' id='word_1_176' title='bbox 1332 2618 1436 2680; x_wconf 91' lang='lat' dir='ltr'><strong>prope.</strong></span> <span class='ocrx_word' id='word_1_177' title='bbox 1472 2599 1577 2671; x_wconf 83' lang='lat' dir='ltr'><strong>Quare</strong></span> 
     </span>
     <span class='ocr_line' id='line_1_21' title="bbox 277 2699 1612 2782; baseline 0.002 -20"><span class='ocrx_word' id='word_1_178' title='bbox 277 2701 350 2762; x_wconf 89' lang='lat' dir='ltr'><strong>dixit</strong></span> <span class='ocrx_word' id='word_1_179' title='bbox 373 2704 503 2780; x_wconf 81' lang='lat' dir='ltr'><strong>‘paene’</strong></span> <span class='ocrx_word' id='word_1_180' title='bbox 535 2708 564 2760; x_wconf 88' lang='lat' dir='ltr'><strong>et</strong></span> <span class='ocrx_word' id='word_1_181' title='bbox 592 2719 650 2760; x_wconf 90' lang='lat' dir='ltr'><strong>non</strong></span> <span class='ocrx_word' id='word_1_182' title='bbox 679 2699 813 2762; x_wconf 86' lang='lat' dir='ltr'><strong>absolute</strong></span> <span class='ocrx_word' id='word_1_183' title='bbox 841 2703 974 2763; x_wconf 79' lang='lat' dir='ltr'><strong>tantum?</strong></span> <span class='ocrx_word' id='word_1_184' title='bbox 1018 2701 1091 2772; x_wconf 86' lang='lat' dir='ltr'><strong>Quia</strong></span> <span class='ocrx_word' id='word_1_185' title='bbox 1121 2721 1230 2764; x_wconf 88' lang='lat' dir='ltr'><strong>nomen</strong></span> <span class='ocrx_word' id='word_1_186' title='bbox 1259 2701 1379 2782; x_wconf 89' lang='lat' dir='ltr'><strong>plenam</strong></span> <span class='ocrx_word' id='word_1_187' title='bbox 1406 2705 1612 2766; x_wconf 75' lang='lat' dir='ltr'><strong>orationemao</strong></span> 
     </span>
     <span class='ocr_line' id='line_1_22' title="bbox 277 2803 1576 2883; baseline 0.001 -20"><span class='ocrx_word' id='word_1_188' title='bbox 277 2804 347 2865; x_wconf 90' lang='lat' dir='ltr'><strong>lacit</strong></span> <span class='ocrx_word' id='word_1_189' title='bbox 361 2821 415 2883; x_wconf 90' lang='lat' dir='ltr'><strong>per</strong></span> <span class='ocrx_word' id='word_1_190' title='bbox 431 2823 479 2875; x_wconf 90' lang='lat' dir='ltr'><strong>se,</strong></span> <span class='ocrx_word' id='word_1_191' title='bbox 503 2821 668 2883; x_wconf 92' lang='lat' dir='ltr'><strong>pronomen</strong></span> <span class='ocrx_word' id='word_1_192' title='bbox 685 2821 758 2864; x_wconf 94' lang='lat' dir='ltr'><strong>uero</strong></span> <span class='ocrx_word' id='word_1_193' title='bbox 781 2803 854 2865; x_wconf 88' lang='lat' dir='ltr'><strong>nihil</strong></span> <span class='ocrx_word' id='word_1_194' title='bbox 878 2805 963 2872; x_wconf 91' lang='lat' dir='ltr'><strong>lacit,</strong></span> <span class='ocrx_word' id='word_1_195' title='bbox 989 2805 1046 2865; x_wconf 91' lang='lat' dir='ltr'><strong>uisi</strong></span> <span class='ocrx_word' id='word_1_196' title='bbox 1068 2803 1224 2866; x_wconf 89' lang='lat' dir='ltr'><strong>antecedat</strong></span> <span class='ocrx_word' id='word_1_197' title='bbox 1246 2823 1365 2870; x_wconf 89' lang='lat' dir='ltr'><strong>nomen.</strong></span> <span class='ocrx_word' id='word_1_198' title='bbox 1402 2804 1576 2866; x_wconf 88' lang='lat' dir='ltr'><strong>Pronomen</strong></span> 
     </span>
    </p>

    <p class='ocr_par' dir='ltr' id='par_1_7' title="bbox 175 2898 1612 3390">
     <span class='ocr_line' id='line_1_23' title="bbox 175 2898 1575 2988; baseline 0.004 -28"><span class='ocrx_word' id='word_1_199' title='bbox 175 2907 391 2968; x_wconf 80' lang='lat' dir='ltr'><strong>sro‚rcGraece</strong></span> <span class='ocrx_word' id='word_1_200' title='bbox 419 2898 589 2986; x_wconf 82' lang='lat' dir='ltr'><strong>olucdvopu</strong></span> <span class='ocrx_word' id='word_1_201' title='bbox 624 2905 742 2966; x_wconf 91' lang='lat' dir='ltr'><strong>dicitur.</strong></span> <span class='ocrx_word' id='word_1_202' title='bbox 794 2905 1001 2975; x_wconf 86' lang='lat' dir='ltr'><strong>lnterdunl,</strong></span> <span class='ocrx_word' id='word_1_203' title='bbox 1039 2925 1097 2968; x_wconf 93' lang='lat' dir='ltr'><strong>non</strong></span> <span class='ocrx_word' id='word_1_204' title='bbox 1131 2924 1266 2987; x_wconf 91' lang='lat' dir='ltr'><strong>semper,</strong></span> <span class='ocrx_word' id='word_1_205' title='bbox 1304 2917 1427 2988; x_wconf 93' lang='lat' dir='ltr'><strong>propter</strong></span> <span class='ocrx_word' id='word_1_206' title='bbox 1460 2908 1575 2969; x_wconf 89' lang='lat' dir='ltr'><strong>inlinita</strong></span> 
     </span>
     <span class='ocr_line' id='line_1_24' title="bbox 277 3007 1574 3088; baseline 0.001 -21"><span class='ocrx_word' id='word_1_207' title='bbox 277 3009 468 3088; x_wconf 90' lang='lat' dir='ltr'><strong>pronomina,</strong></span> <span class='ocrx_word' id='word_1_208' title='bbox 492 3027 568 3088; x_wconf 93' lang='lat' dir='ltr'><strong>qnae</strong></span> <span class='ocrx_word' id='word_1_209' title='bbox 584 3027 642 3069; x_wconf 90' lang='lat' dir='ltr'><strong>non</strong></span> <span class='ocrx_word' id='word_1_210' title='bbox 659 3008 808 3087; x_wconf 91' lang='lat' dir='ltr'><strong>recipiunt</strong></span> <span class='ocrx_word' id='word_1_211' title='bbox 824 3025 981 3086; x_wconf 86' lang='lat' dir='ltr'><strong>personas,</strong></span> <span class='ocrx_word' id='word_1_212' title='bbox 1005 3007 1057 3068; x_wconf 91' lang='lat' dir='ltr'><strong>sed</strong></span> <span class='ocrx_word' id='word_1_213' title='bbox 1073 3009 1243 3088; x_wconf 89' lang='lat' dir='ltr'><strong>inquirunt,</strong></span> <span class='ocrx_word' id='word_1_214' title='bbox 1267 3017 1301 3070; x_wconf 92' lang='lat' dir='ltr'><strong>ut</strong></span> <span class='ocrx_word' id='word_1_215' title='bbox 1315 3009 1393 3087; x_wconf 76' lang='lat' dir='ltr'><strong>‘quis</strong></span> <span class='ocrx_word' id='word_1_216' title='bbox 1409 3010 1457 3070; x_wconf 90' lang='lat' dir='ltr'><strong>uir</strong></span> <span class='ocrx_word' id='word_1_217' title='bbox 1471 3009 1574 3070; x_wconf 83' lang='lat' dir='ltr'><strong>leciti&#39;</strong></span> 
     </span>
     <span class='ocr_line' id='line_1_25' title="bbox 276 3107 1575 3190; baseline -0.002 -18"><span class='ocrx_word' id='word_1_218' title='bbox 276 3114 372 3190; x_wconf 82' lang='lat' dir='ltr'><strong>‘quae</strong></span> <span class='ocrx_word' id='word_1_219' title='bbox 394 3109 538 3171; x_wconf 86' lang='lat' dir='ltr'><strong>mulierl&#39;</strong></span> <span class='ocrx_word' id='word_1_220' title='bbox 561 3110 659 3187; x_wconf 74' lang='lat' dir='ltr'><strong>‘quod</strong></span> <span class='ocrx_word' id='word_1_221' title='bbox 682 3107 827 3170; x_wconf 86' lang='lat' dir='ltr'><strong>animall’</strong></span> <span class='ocrx_word' id='word_1_222' title='bbox 864 3109 901 3169; x_wconf 79' lang='lat' dir='ltr'><strong>lit</strong></span> <span class='ocrx_word' id='word_1_223' title='bbox 922 3108 979 3168; x_wconf 89' lang='lat' dir='ltr'><strong>hoc</strong></span> <span class='ocrx_word' id='word_1_224' title='bbox 1001 3109 1164 3172; x_wconf 89' lang='lat' dir='ltr'><strong>secundum</strong></span> <span class='ocrx_word' id='word_1_225' title='bbox 1188 3111 1349 3172; x_wconf 85' lang='lat' dir='ltr'><strong>lionatum:</strong></span> <span class='ocrx_word' id='word_1_226' title='bbox 1383 3129 1452 3171; x_wconf 91' lang='lat' dir='ltr'><strong>nam</strong></span> <span class='ocrx_word' id='word_1_227' title='bbox 1474 3112 1575 3172; x_wconf 89' lang='lat' dir='ltr'><strong>omnia</strong></span> 
     </span>
     <span class='ocr_line' id='line_1_26' title="bbox 277 3210 1612 3292; baseline -0.001 -18"><span class='ocrx_word' id='word_1_228' title='bbox 277 3213 453 3292; x_wconf 88' lang='lat' dir='ltr'><strong>pronomina</strong></span> <span class='ocrx_word' id='word_1_229' title='bbox 476 3212 556 3273; x_wconf 87' lang='lat' dir='ltr'><strong>linita</strong></span> <span class='ocrx_word' id='word_1_230' title='bbox 581 3210 676 3272; x_wconf 76' lang='lat' dir='ltr'><strong>inoluit</strong></span> <span class='ocrx_word' id='word_1_231' title='bbox 703 3211 920 3270; x_wconf 86' lang='lat' dir='ltr'><strong>Priscianus</strong></span> <span class='ocrx_word' id='word_1_232' title='bbox 949 3230 1014 3272; x_wconf 88' lang='lat' dir='ltr'><strong>esse</strong></span> <span class='ocrx_word' id='word_1_233' title='bbox 1037 3211 1154 3274; x_wconf 91' lang='lat' dir='ltr'><strong>duobus</strong></span> <span class='ocrx_word' id='word_1_234' title='bbox 1182 3212 1291 3283; x_wconf 90' lang='lat' dir='ltr'><strong>modis,</strong></span> <span class='ocrx_word' id='word_1_235' title='bbox 1320 3213 1612 3274; x_wconf 70' lang='lat' dir='ltr'><strong>demonstrationes</strong></span> 
     </span>
     <span class='ocr_line' id='line_1_27' title="bbox 278 3311 1577 3390; baseline -0.001 -16"><span class='ocrx_word' id='word_1_236' title='bbox 278 3321 329 3375; x_wconf 92' lang='lat' dir='ltr'><strong>aut</strong></span> <span class='ocrx_word' id='word_1_237' title='bbox 350 3313 509 3383; x_wconf 87' lang='lat' dir='ltr'><strong>relatione,</strong></span> <span class='ocrx_word' id='word_1_238' title='bbox 533 3314 800 3380; x_wconf 86' lang='lat' dir='ltr'><strong>demonstratione,</strong></span> <span class='ocrx_word' id='word_1_239' title='bbox 824 3319 857 3372; x_wconf 93' lang='lat' dir='ltr'><strong>ut</strong></span> <span class='ocrx_word' id='word_1_240' title='bbox 880 3329 935 3390; x_wconf 85' lang='lat' dir='ltr'><strong>ego</strong></span> <span class='ocrx_word' id='word_1_241' title='bbox 951 3321 982 3374; x_wconf 91' lang='lat' dir='ltr'><strong>tu</strong></span> <span class='ocrx_word' id='word_1_242' title='bbox 999 3311 1062 3383; x_wconf 88' lang='lat' dir='ltr'><strong>ille,</strong></span> <span class='ocrx_word' id='word_1_243' title='bbox 1088 3315 1245 3385; x_wconf 90' lang='lat' dir='ltr'><strong>relatione,</strong></span> <span class='ocrx_word' id='word_1_244' title='bbox 1270 3323 1302 3375; x_wconf 93' lang='lat' dir='ltr'><strong>ut</strong></span> <span class='ocrx_word' id='word_1_245' title='bbox 1316 3314 1365 3376; x_wconf 86' lang='lat' dir='ltr'><strong>lric</strong></span> <span class='ocrx_word' id='word_1_246' title='bbox 1381 3316 1415 3376; x_wconf 91' lang='lat' dir='ltr'><strong>is.</strong></span> <span class='ocrx_word' id='word_1_247' title='bbox 1430 3348 1473 3358; x_wconf 92' lang='lat'>—</span> <span class='ocrx_word' id='word_1_248' title='bbox 1488 3314 1577 3375; x_wconf 85' lang='lat' dir='ltr'><strong>llodo</strong></span> 
     </span>
    </p>

    <p class='ocr_par' dir='ltr' id='par_1_8' title="bbox 138 3403 1654 3498">
     <span class='ocr_line' id='line_1_28' title="bbox 138 3403 1654 3498; baseline 0 -22"><span class='ocrx_word' id='word_1_249' title='bbox 138 3415 353 3478; x_wconf 65' lang='lat' dir='ltr'><strong>sosarmus</strong></span> <span class='ocrx_word' id='word_1_250' title='bbox 382 3415 418 3474; x_wconf 89' lang='lat' dir='ltr'><strong>dc</strong></span> <span class='ocrx_word' id='word_1_251' title='bbox 446 3413 595 3495; x_wconf 87' lang='lat' dir='ltr'><strong>qualitate.</strong></span> <span class='ocrx_word' id='word_1_252' title='bbox 640 3414 765 3475; x_wconf 83' lang='lat' dir='ltr'><strong>Finita</strong></span> <span class='ocrx_word' id='word_1_253' title='bbox 795 3415 815 3472; x_wconf 91' lang='lat' dir='ltr'><strong>i·</strong></span> <span class='ocrx_word' id='word_1_254' title='bbox 840 3413 1033 3476; x_wconf 88' lang='lat' dir='ltr'><strong>determinata</strong></span> <span class='ocrx_word' id='word_1_255' title='bbox 1058 3413 1180 3498; x_wconf 81' lang='grc'>111701</span> <span class='ocrx_word' id='word_1_256' title='bbox 1205 3418 1437 3495; x_wconf 90' lang='lat' dir='ltr'><strong>circumscripta.</strong></span> <span class='ocrx_word' id='word_1_257' title='bbox 1482 3403 1654 3477; x_wconf 59' lang='lat' dir='ltr'><strong>tuti-‘⁰</strong></span> 
     </span>
    </p>

    <p class='ocr_par' dir='ltr' id='par_1_9' title="bbox 280 3517 1578 3599">
     <span class='ocr_line' id='line_1_29' title="bbox 280 3517 1578 3599; baseline -0.002 -21"><span class='ocrx_word' id='word_1_258' title='bbox 280 3519 371 3587; x_wconf 90' lang='lat' dir='ltr'><strong>nita,</strong></span> <span class='ocrx_word' id='word_1_259' title='bbox 395 3535 470 3596; x_wconf 87' lang='lat' dir='ltr'><strong>quae</strong></span> <span class='ocrx_word' id='word_1_260' title='bbox 486 3517 596 3580; x_wconf 93' lang='lat' dir='ltr'><strong>nullam</strong></span> <span class='ocrx_word' id='word_1_261' title='bbox 613 3517 817 3578; x_wconf 88' lang='lat' dir='ltr'><strong>demonstrant</strong></span> <span class='ocrx_word' id='word_1_262' title='bbox 838 3533 1011 3597; x_wconf 88' lang='lat' dir='ltr'><strong>personam:</strong></span> <span class='ocrx_word' id='word_1_263' title='bbox 1036 3519 1114 3594; x_wconf 81' lang='lat' dir='ltr'><strong>‘quis</strong></span> <span class='ocrx_word' id='word_1_264' title='bbox 1136 3517 1232 3599; x_wconf 90' lang='lat' dir='ltr'><strong>qualis</strong></span> <span class='ocrx_word' id='word_1_265' title='bbox 1254 3518 1334 3580; x_wconf 87' lang='lat' dir='ltr'><strong>talis’</strong></span> <span class='ocrx_word' id='word_1_266' title='bbox 1351 3537 1409 3579; x_wconf 93' lang='lat' dir='ltr'><strong>non</strong></span> <span class='ocrx_word' id='word_1_267' title='bbox 1426 3519 1578 3597; x_wconf 88' lang='lat' dir='ltr'><strong>recipiunt</strong></span> 
     </span>
    </p>

    <p class='ocr_par' dir='ltr' id='par_1_10' title="bbox 177 3619 1613 3903">
     <span class='ocr_line' id='line_1_30' title="bbox 177 3619 1578 3700; baseline 0.005 -27"><span class='ocrx_word' id='word_1_268' title='bbox 177 3635 432 3698; x_wconf 82' lang='lat' dir='ltr'><strong>are,aspersonas.</strong></span> <span class='ocrx_word' id='word_1_269' title='bbox 478 3619 597 3680; x_wconf 89' lang='lat' dir='ltr'><strong>lllinus</strong></span> <span class='ocrx_word' id='word_1_270' title='bbox 620 3637 725 3700; x_wconf 85' lang='lat' dir='ltr'><strong>qoam</strong></span> <span class='ocrx_word' id='word_1_271' title='bbox 748 3619 875 3686; x_wconf 92' lang='lat' dir='ltr'><strong>linita,</strong></span> <span class='ocrx_word' id='word_1_272' title='bbox 906 3636 964 3679; x_wconf 90' lang='lat' dir='ltr'><strong>nou</strong></span> <span class='ocrx_word' id='word_1_273' title='bbox 988 3637 1022 3678; x_wconf 83' lang='lat' dir='ltr'><strong>er</strong></span> <span class='ocrx_word' id='word_1_274' title='bbox 1048 3628 1110 3680; x_wconf 91' lang='lat' dir='ltr'><strong>toto</strong></span> <span class='ocrx_word' id='word_1_275' title='bbox 1133 3621 1227 3690; x_wconf 84' lang='lat' dir='ltr'><strong>finita,</strong></span> <span class='ocrx_word' id='word_1_276' title='bbox 1257 3622 1325 3698; x_wconf 91' lang='lat' dir='ltr'><strong>quia</strong></span> <span class='ocrx_word' id='word_1_277' title='bbox 1347 3638 1403 3700; x_wconf 89' lang='lat' dir='ltr'><strong>pro</strong></span> <span class='ocrx_word' id='word_1_278' title='bbox 1424 3621 1578 3700; x_wconf 90' lang='lat' dir='ltr'><strong>praesenti</strong></span> 
     </span>
     <span class='ocr_line' id='line_1_31' title="bbox 282 3720 1613 3802; baseline -0.001 -20"><span class='ocrx_word' id='word_1_279' title='bbox 282 3729 311 3782; x_wconf 93' lang='lat' dir='ltr'><strong>et</strong></span> <span class='ocrx_word' id='word_1_280' title='bbox 331 3720 448 3782; x_wconf 86' lang='lat' dir='ltr'><strong>absenti</strong></span> <span class='ocrx_word' id='word_1_281' title='bbox 469 3728 632 3800; x_wconf 90' lang='lat' dir='ltr'><strong>ponuntur.</strong></span> <span class='ocrx_word' id='word_1_282' title='bbox 677 3720 956 3799; x_wconf 73' lang='lat' dir='ltr'><strong>praeposterus,</strong></span> <span class='ocrx_word' id='word_1_283' title='bbox 979 3721 1046 3798; x_wconf 91' lang='lat' dir='ltr'><strong>quia</strong></span> <span class='ocrx_word' id='word_1_284' title='bbox 1070 3740 1190 3798; x_wconf 84' lang='lat' dir='ltr'><strong>semper</strong></span> <span class='ocrx_word' id='word_1_285' title='bbox 1212 3730 1436 3802; x_wconf 89' lang='lat' dir='ltr'><strong>praeponuntur</strong></span> <span class='ocrx_word' id='word_1_286' title='bbox 1456 3723 1475 3780; x_wconf 92' lang='lat' dir='ltr'><strong>i·</strong></span> <span class='ocrx_word' id='word_1_287' title='bbox 1492 3732 1576 3783; x_wconf 88' lang='lat' dir='ltr'><strong>ante·</strong></span> <span class='ocrx_word' id='word_1_288' title='bbox 1590 3743 1613 3781; x_wconf 73' lang='lat' dir='ltr'><strong>so</strong></span> 
     </span>
     <span class='ocr_line' id='line_1_32' title="bbox 282 3819 1578 3903; baseline -0.002 -19"><span class='ocrx_word' id='word_1_289' title='bbox 282 3831 442 3903; x_wconf 88' lang='lat' dir='ltr'><strong>ponuntur.</strong></span> <span class='ocrx_word' id='word_1_290' title='bbox 488 3821 552 3884; x_wconf 89' lang='lat' dir='ltr'><strong>Nun</strong></span> <span class='ocrx_word' id='word_1_291' title='bbox 576 3829 660 3902; x_wconf 89' lang='lat' dir='ltr'><strong>potes</strong></span> <span class='ocrx_word' id='word_1_292' title='bbox 682 3823 762 3882; x_wconf 91' lang='lat' dir='ltr'><strong>enirn</strong></span> <span class='ocrx_word' id='word_1_293' title='bbox 786 3819 887 3882; x_wconf 89' lang='lat' dir='ltr'><strong>dicere</strong></span> <span class='ocrx_word' id='word_1_294' title='bbox 911 3823 969 3882; x_wconf 89' lang='lat' dir='ltr'><strong>‘uir</strong></span> <span class='ocrx_word' id='word_1_295' title='bbox 993 3824 1071 3902; x_wconf 92' lang='lat' dir='ltr'><strong>quis’</strong></span> <span class='ocrx_word' id='word_1_296' title='bbox 1095 3820 1183 3884; x_wconf 73' lang='lat' dir='ltr'><strong>‘lilrer</strong></span> <span class='ocrx_word' id='word_1_297' title='bbox 1198 3823 1268 3894; x_wconf 86' lang='lat' dir='ltr'><strong>lric&#39;,</strong></span> <span class='ocrx_word' id='word_1_298' title='bbox 1292 3824 1343 3884; x_wconf 88' lang='lat' dir='ltr'><strong>sed</strong></span> <span class='ocrx_word' id='word_1_299' title='bbox 1367 3827 1448 3900; x_wconf 76' lang='lat' dir='ltr'><strong>‘quis</strong></span> <span class='ocrx_word' id='word_1_300' title='bbox 1471 3824 1531 3883; x_wconf 89' lang='lat' dir='ltr'><strong>uir’</strong></span> <span class='ocrx_word' id='word_1_301' title='bbox 1548 3831 1578 3882; x_wconf 90' lang='lat' dir='ltr'><strong>et</strong></span> 
     </span>
    </p>

    <p class='ocr_par' dir='ltr' id='par_1_11' title="bbox 178 3923 1576 4204">
     <span class='ocr_line' id='line_1_33' title="bbox 178 3923 1576 4004; baseline 0.003 -24"><span class='ocrx_word' id='word_1_302' title='bbox 178 3941 228 3990; x_wconf 83' lang='lat' dir='ltr'><strong>erc,</strong></span> <span class='ocrx_word' id='word_1_303' title='bbox 241 3941 268 3980; x_wconf 82' lang='lat' dir='ltr'><strong>ao</strong></span> <span class='ocrx_word' id='word_1_304' title='bbox 282 3925 342 3985; x_wconf 77' lang='lat' dir='ltr'><strong>‘lric</strong></span> <span class='ocrx_word' id='word_1_305' title='bbox 358 3923 455 3987; x_wconf 90' lang='lat' dir='ltr'><strong>liber&#39;.</strong></span> <span class='ocrx_word' id='word_1_306' title='bbox 489 3925 732 3985; x_wconf 90' lang='lat' dir='ltr'><strong>Subiunctiua</strong></span> <span class='ocrx_word' id='word_1_307' title='bbox 748 3931 832 3999; x_wconf 83' lang='lat' dir='ltr'><strong>sunt,</strong></span> <span class='ocrx_word' id='word_1_308' title='bbox 848 3925 916 4004; x_wconf 93' lang='lat' dir='ltr'><strong>quia</strong></span> <span class='ocrx_word' id='word_1_309' title='bbox 932 3932 1148 4004; x_wconf 89' lang='lat' dir='ltr'><strong>supponuntur,</strong></span> <span class='ocrx_word' id='word_1_310' title='bbox 1165 3933 1196 3986; x_wconf 91' lang='lat' dir='ltr'><strong>ut</strong></span> <span class='ocrx_word' id='word_1_311' title='bbox 1212 3928 1338 3986; x_wconf 76' lang='lat' dir='ltr'><strong>‘deneas</strong></span> <span class='ocrx_word' id='word_1_312' title='bbox 1354 3923 1430 3985; x_wconf 90' lang='lat' dir='ltr'><strong>lilius</strong></span> <span class='ocrx_word' id='word_1_313' title='bbox 1441 3925 1576 3994; x_wconf 87' lang='lat' dir='ltr'><strong>Veneris,</strong></span> 
     </span>
     <span class='ocr_line' id='line_1_34' title="bbox 281 4026 1576 4106; baseline -0.002 -18"><span class='ocrx_word' id='word_1_314' title='bbox 281 4031 307 4088; x_wconf 89' lang='lat' dir='ltr'><strong>is</strong></span> <span class='ocrx_word' id='word_1_315' title='bbox 329 4029 425 4088; x_wconf 89' lang='lat' dir='ltr'><strong>tenuit</strong></span> <span class='ocrx_word' id='word_1_316' title='bbox 446 4026 582 4096; x_wconf 84' lang='lat' dir='ltr'><strong>Troiam,</strong></span> <span class='ocrx_word' id='word_1_317' title='bbox 607 4026 685 4086; x_wconf 89' lang='lat' dir='ltr'><strong>idenr</strong></span> <span class='ocrx_word' id='word_1_318' title='bbox 709 4028 863 4104; x_wconf 86' lang='lat' dir='ltr'><strong>superauit</strong></span> <span class='ocrx_word' id='word_1_319' title='bbox 884 4026 1041 4087; x_wconf 81' lang='lat' dir='ltr'><strong>Turnum‘.</strong></span> <span class='ocrx_word' id='word_1_320' title='bbox 1088 4027 1181 4087; x_wconf 88' lang='lat' dir='ltr'><strong>Sunt</strong></span> <span class='ocrx_word' id='word_1_321' title='bbox 1207 4027 1280 4087; x_wconf 90' lang='lat' dir='ltr'><strong>alia</strong></span> <span class='ocrx_word' id='word_1_322' title='bbox 1304 4029 1442 4106; x_wconf 88' lang='lat' dir='ltr'><strong>gentis,</strong></span> <span class='ocrx_word' id='word_1_323' title='bbox 1473 4035 1506 4087; x_wconf 94' lang='lat' dir='ltr'><strong>ut</strong></span> <span class='ocrx_word' id='word_1_324' title='bbox 1529 4026 1576 4086; x_wconf 87' lang='lat' dir='ltr'><strong>lric</strong></span> 
     </span>
     <span class='ocr_line' id='line_1_35' title="bbox 283 4126 1576 4204; baseline -0.002 -13"><span class='ocrx_word' id='word_1_325' title='bbox 283 4139 312 4191; x_wconf 88' lang='lat' dir='ltr'><strong>et</strong></span> <span class='ocrx_word' id='word_1_326' title='bbox 334 4129 407 4190; x_wconf 87' lang='lat' dir='ltr'><strong>haec</strong></span> <span class='ocrx_word' id='word_1_327' title='bbox 429 4137 459 4190; x_wconf 93' lang='lat' dir='ltr'><strong>et</strong></span> <span class='ocrx_word' id='word_1_328' title='bbox 480 4127 537 4188; x_wconf 89' lang='lat' dir='ltr'><strong>hoc</strong></span> <span class='ocrx_word' id='word_1_329' title='bbox 559 4129 652 4189; x_wconf 90' lang='lat' dir='ltr'><strong>cuias:</strong></span> <span class='ocrx_word' id='word_1_330' title='bbox 676 4129 791 4204; x_wconf 89' lang='lat' dir='ltr'><strong>antiqui</strong></span> <span class='ocrx_word' id='word_1_331' title='bbox 812 4126 951 4190; x_wconf 90' lang='lat' dir='ltr'><strong>dicebant</strong></span> <span class='ocrx_word' id='word_1_332' title='bbox 973 4128 1033 4188; x_wconf 76' lang='lat' dir='ltr'><strong>‘hio</strong></span> <span class='ocrx_word' id='word_1_333' title='bbox 1050 4129 1167 4190; x_wconf 82' lang='lat' dir='ltr'><strong>ethaeo</strong></span> <span class='ocrx_word' id='word_1_334' title='bbox 1182 4130 1299 4190; x_wconf 86' lang='lat' dir='ltr'><strong>cuiatis&#39;</strong></span> <span class='ocrx_word' id='word_1_335' title='bbox 1323 4139 1353 4190; x_wconf 89' lang='lat' dir='ltr'><strong>et</strong></span> <span class='ocrx_word' id='word_1_336' title='bbox 1374 4127 1443 4190; x_wconf 77' lang='lat' dir='ltr'><strong>‘hoc</strong></span> <span class='ocrx_word' id='word_1_337' title='bbox 1459 4131 1576 4195; x_wconf 88' lang='lat' dir='ltr'><strong>cuiate&#39;‚</strong></span> 
     </span>
    </p>
   </div>
   <div class='ocr_carea' id='block_1_5' title="bbox 282 4417 1577 4621">
    <p class='ocr_par' dir='ltr' id='par_1_12' title="bbox 282 4417 1577 4621">
     <span class='ocr_line' id='line_1_36' title="bbox 350 4417 1577 4484; baseline -0.002 -15"><span class='ocrx_word' id='word_1_338' title='bbox 350 4419 469 4484; x_wconf 66' lang='lat' dir='ltr'><strong>igreois</strong></span> <span class='ocrx_word' id='word_1_339' title='bbox 524 4419 739 4483; x_wconf 71' lang='lat' dir='ltr'><strong>lgenernclonls</strong></span> <span class='ocrx_word' id='word_1_340' title='bbox 792 4429 873 4466; x_wconf 80' lang='lat' dir='ltr'><strong>stema</strong></span> <span class='ocrx_word' id='word_1_341' title='bbox 890 4427 973 4466; x_wconf 86' lang='lat' dir='ltr'><strong>autem</strong></span> <span class='ocrx_word' id='word_1_342' title='bbox 1043 4419 1237 4468; x_wconf 83' lang='lat' dir='ltr'><strong>9conserentis</strong></span> <span class='ocrx_word' id='word_1_343' title='bbox 1308 4420 1339 4468; x_wconf 83' lang='lat' dir='ltr'><strong>rt</strong></span> <span class='ocrx_word' id='word_1_344' title='bbox 1356 4417 1493 4468; x_wconf 86' lang='lat' dir='ltr'><strong>locutionis</strong></span> <span class='ocrx_word' id='word_1_345' title='bbox 1546 4419 1577 4466; x_wconf 81' lang='lat' dir='ltr'><strong>lt</strong></span> 
     </span>
     <span class='ocr_line' id='line_1_37' title="bbox 282 4481 1576 4552; baseline -0.002 -16"><span class='ocrx_word' id='word_1_346' title='bbox 282 4503 348 4552; x_wconf 88' lang='lat' dir='ltr'><strong>pene</strong></span> <span class='ocrx_word' id='word_1_347' title='bbox 416 4489 449 4537; x_wconf 74' lang='lat'><strong>20</strong></span> <span class='ocrx_word' id='word_1_348' title='bbox 467 4501 532 4552; x_wconf 88' lang='lat' dir='ltr'><strong>pene</strong></span> <span class='ocrx_word' id='word_1_349' title='bbox 583 4482 694 4552; x_wconf 88' lang='lat' dir='ltr'><strong>tantum]</strong></span> <span class='ocrx_word' id='word_1_350' title='bbox 716 4486 770 4535; x_wconf 84' lang='lat' dir='ltr'><strong>Ao:</strong></span> <span class='ocrx_word' id='word_1_351' title='bbox 790 4486 954 4534; x_wconf 79' lang='lat' dir='ltr'><strong>mirtnndem?</strong></span> <span class='ocrx_word' id='word_1_352' title='bbox 1014 4487 1048 4535; x_wconf 75' lang='grc'><strong>22</strong></span> <span class='ocrx_word' id='word_1_353' title='bbox 1066 4501 1140 4551; x_wconf 83' lang='lat' dir='ltr'><strong>grece</strong></span> <span class='ocrx_word' id='word_1_354' title='bbox 1158 4499 1296 4536; x_wconf 82' lang='lat' dir='ltr'><strong>anturroma</strong></span> <span class='ocrx_word' id='word_1_355' title='bbox 1365 4488 1399 4536; x_wconf 76' lang='lat'><strong>26</strong></span> <span class='ocrx_word' id='word_1_356' title='bbox 1417 4481 1576 4549; x_wconf 82' lang='lat' dir='ltr'><strong>Priscianus]</strong></span> 
     </span>
     <span class='ocr_line' id='line_1_38' title="bbox 282 4555 841 4621; baseline 0.007 -17"><span class='ocrx_word' id='word_1_357' title='bbox 282 4557 317 4618; x_wconf 82' lang='lat' dir='ltr'><strong>es,</strong></span> <span class='ocrx_word' id='word_1_358' title='bbox 335 4555 351 4604; x_wconf 92' lang='lat'><em>1</em></span> <span class='ocrx_word' id='word_1_359' title='bbox 367 4573 395 4621; x_wconf 86' lang='lat' dir='ltr'><strong>p.</strong></span> <span class='ocrx_word' id='word_1_360' title='bbox 414 4557 474 4618; x_wconf 79' lang='lat'><strong>5⁷8,</strong></span> <span class='ocrx_word' id='word_1_361' title='bbox 493 4557 525 4607; x_wconf 81' lang='lat'><strong>18</strong></span> <span class='ocrx_word' id='word_1_362' title='bbox 541 4570 596 4620; x_wconf 83' lang='lat' dir='ltr'><strong>seq.</strong></span> <span class='ocrx_word' id='word_1_363' title='bbox 614 4571 642 4620; x_wconf 86' lang='lat' dir='ltr'><strong>p.</strong></span> <span class='ocrx_word' id='word_1_364' title='bbox 661 4557 719 4618; x_wconf 79' lang='lat'><strong>579,</strong></span> <span class='ocrx_word' id='word_1_365' title='bbox 738 4557 770 4604; x_wconf 83' lang='lat'><strong>15</strong></span> <span class='ocrx_word' id='word_1_366' title='bbox 787 4569 841 4620; x_wconf 75' lang='lat' dir='ltr'><strong>seq.</strong></span> 
     </span>
    </p>
   </div>
   <div class='ocr_carea' id='block_1_6' title="bbox 284 4773 1577 4909">
    <p class='ocr_par' dir='ltr' id='par_1_13' title="bbox 284 4773 1577 4909">
     <span class='ocr_line' id='line_1_39' title="bbox 355 4773 1577 4840; baseline -0.001 -15"><span class='ocrx_word' id='word_1_367' title='bbox 355 4779 386 4827; x_wconf 82' lang='lat' dir='ltr'><strong>ta</strong></span> <span class='ocrx_word' id='word_1_368' title='bbox 406 4778 497 4829; x_wconf 75' lang='lat' dir='ltr'><strong>illoesa</strong></span> <span class='ocrx_word' id='word_1_369' title='bbox 513 4777 610 4828; x_wconf 84' lang='lat' dir='ltr'><strong>codicis</strong></span> <span class='ocrx_word' id='word_1_370' title='bbox 622 4776 764 4828; x_wconf 81' lang='lat' dir='ltr'><strong>Beruensia</strong></span> <span class='ocrx_word' id='word_1_371' title='bbox 784 4778 835 4826; x_wconf 79' lang='lat'><strong>380</strong></span> <span class='ocrx_word' id='word_1_372' title='bbox 850 4777 872 4839; x_wconf 83' lang='lat' dir='ltr'><strong>s.</strong></span> <span class='ocrx_word' id='word_1_373' title='bbox 887 4778 919 4826; x_wconf 75' lang='lat'><strong>8⁸</strong></span> <span class='ocrx_word' id='word_1_374' title='bbox 930 4791 1010 4840; x_wconf 74' lang='lat' dir='ltr'><strong>marg.</strong></span> <span class='ocrx_word' id='word_1_375' title='bbox 1024 4777 1126 4828; x_wconf 69' lang='lat' dir='ltr'><strong>decim:</strong></span> <span class='ocrx_word' id='word_1_376' title='bbox 1151 4773 1223 4824; x_wconf 89' lang='lat' dir='ltr'><strong>Sicut</strong></span> <span class='ocrx_word' id='word_1_377' title='bbox 1241 4775 1308 4824; x_wconf 86' lang='lat' dir='ltr'><strong>enim</strong></span> <span class='ocrx_word' id='word_1_378' title='bbox 1327 4773 1464 4839; x_wconf 89' lang='lat' dir='ltr'><strong>proconsul</strong></span> <span class='ocrx_word' id='word_1_379' title='bbox 1482 4775 1509 4824; x_wconf 93' lang='lat' dir='ltr'><strong>iu</strong></span> <span class='ocrx_word' id='word_1_380' title='bbox 1523 4774 1577 4824; x_wconf 87' lang='lat' dir='ltr'><strong>loeo</strong></span> 
     </span>
     <span class='ocr_line' id='line_1_40' title="bbox 284 4842 1546 4909; baseline -0.001 -15"><span class='ocrx_word' id='word_1_381' title='bbox 284 4845 398 4894; x_wconf 84' lang='lat' dir='ltr'><strong>consulis</strong></span> <span class='ocrx_word' id='word_1_382' title='bbox 417 4857 441 4894; x_wconf 89' lang='lat' dir='ltr'><strong>et</strong></span> <span class='ocrx_word' id='word_1_383' title='bbox 459 4845 600 4896; x_wconf 87' lang='lat' dir='ltr'><strong>nicecomes</strong></span> <span class='ocrx_word' id='word_1_384' title='bbox 619 4846 644 4894; x_wconf 89' lang='lat' dir='ltr'><strong>iu</strong></span> <span class='ocrx_word' id='word_1_385' title='bbox 663 4844 719 4895; x_wconf 87' lang='lat' dir='ltr'><strong>loco</strong></span> <span class='ocrx_word' id='word_1_386' title='bbox 737 4845 837 4894; x_wconf 86' lang='lat' dir='ltr'><strong>comitis</strong></span> <span class='ocrx_word' id='word_1_387' title='bbox 856 4845 968 4909; x_wconf 87' lang='lat' dir='ltr'><strong>ponitur,</strong></span> <span class='ocrx_word' id='word_1_388' title='bbox 987 4843 1021 4892; x_wconf 86' lang='lat' dir='ltr'><strong>its</strong></span> <span class='ocrx_word' id='word_1_389' title='bbox 1040 4857 1181 4908; x_wconf 88' lang='lat' dir='ltr'><strong>pronomen</strong></span> <span class='ocrx_word' id='word_1_390' title='bbox 1201 4844 1256 4893; x_wconf 86' lang='lat' dir='ltr'><strong>nice</strong></span> <span class='ocrx_word' id='word_1_391' title='bbox 1275 4842 1385 4892; x_wconf 83' lang='lat' dir='ltr'><strong>nominis</strong></span> <span class='ocrx_word' id='word_1_392' title='bbox 1404 4842 1546 4893; x_wconf 84' lang='lat' dir='ltr'><strong>ordinatur.</strong></span> 
     </span>
    </p>
   </div>
   <div class='ocr_carea' id='block_1_7' title="bbox 0 0 1706 5580">
    <p class='ocr_par' dir='ltr' id='par_1_14' title="bbox 0 0 1706 5580">
     <span class='ocr_line' id='line_1_41' title="bbox 0 0 1706 5580; baseline 0 0"><span class='ocrx_word' id='word_1_393' title='bbox 0 0 1706 5580; x_wconf 95' lang='lat' dir='ltr'><strong> </strong></span> 
     </span>
    </p>
   </div>
  </div>
 </body>
</html>
