3560 5574
445 409 636 462 svc'rolttss
657 408 822 461 nuotttttt
839 410 888 460 DE
908 407 1077 461 LITTERIS
1095 407 1125 461 C.
1370 405 1432 470 307

221 601 263 677 ll.
291 599 422 662 Ecclesia
443 618 523 662 nunc
544 618 597 680 per
617 598 872 679 contemplationis
886 601 977 661 uitam
993 598 1133 660 caelestia
1148 597 1338 680 amplectitur
1353 615 1433 658 nunc

146 721 195 782 per
218 703 362 765 actualem
385 701 578 765 terrestribus
600 708 772 782 occupatur.

226 805 257 866 S.
287 805 350 866 Vita
372 812 540 867 sanctorum
564 803 693 883 undique
716 803 841 885 prouida
863 805 919 866 isto
942 803 1090 880 designari
1112 801 1230 864 uidetur
1249 803 1432 864 charactere.

226 905 261 968 Τ.
291 907 433 969 Extensio
456 906 648 968 brachiorum
677 905 786 973 Christi
812 912 906 967 totum
929 905 965 967 ad
987 923 1020 967 se
1042 904 1155 984 colligit
1176 903 1280 966 orbem
1302 905 1366 985 ipso
1389 903 1433 966 di·
1482 973 1484 978 ,

124 1017 244 1069 ⁵cente:
275 1008 355 1071 ‘cum
378 1009 523 1072 exaltatus
545 1009 630 1070 luero
652 1027 668 1069 a
690 1016 786 1078 terra,
817 1010 914 1070 omnia
942 1008 1057 1069 traham
1086 1005 1121 1068 ad
1146 1025 1194 1068 me
1216 1009 1337 1086 ipsum',
1362 1005 1432 1067 hor·

145 1118 218 1181 tatu,
249 1128 307 1190 quo
335 1111 423 1173 dicit:
452 1112 568 1172 ‘uenite
596 1111 633 1171 ad
661 1129 708 1171 me
737 1129 842 1173 omnes
870 1112 920 1187 qui
948 1108 1088 1173 laboratis
1116 1117 1145 1170 et
1167 1111 1283 1171 onerati
1311 1103 1383 1171 es'tis
1406 1116 1436 1170 et

146 1231 198 1291 ego
221 1231 275 1274 uos
295 1215 450 1276 reliciam'.

226 1315 260 1376 V.
290 1315 384 1387 Quam
407 1313 463 1376 lata
489 1323 519 1376 et
539 1315 667 1395 spatiosa
691 1316 750 1376 uita
780 1321 839 1384 est,
868 1333 943 1394 quae
972 1314 1054 1376 ducit
1081 1315 1116 1376 ad
1147 1321 1272 1378 mortem
1297 1321 1325 1375 ct
1347 1332 1434 1393 quam

146 1425 204 1478 arta
233 1427 263 1479 et
289 1425 413 1498 angusta
441 1420 490 1478 uia
518 1427 576 1486 est,
612 1435 687 1496 quae
714 1417 797 1478 ducit
824 1416 861 1476 ad
890 1417 995 1488 uitam,
1030 1417 1169 1495 quocirca
1201 1417 1374 1496 prosperior
1401 1434 1435 1476 ea

121 1521 289 1591 onoscitor,
313 1537 387 1598 quae
410 1527 526 1582 constat
548 1537 612 1580 esse
634 1519 784 1580 dexterior
806 1519 863 1580 hac
884 1520 914 1580 in
928 1521 1122 1612 figuratione.
1508 1595 1513 1600 ι

228 1621 262 1684 Χ.
294 1623 373 1684 Crux
396 1623 558 1684 christiin
582 1639 684 1683 omnes
707 1621 810 1682 mundi
832 1620 1020 1701 protenditur
1042 1628 1143 1701 partes
1166 1627 1196 1682 et
1216 1619 1381 1682 subdito..
1401 1665 1430 1681 ..

153 1770 347 1787 ..........
364 1723 433 1786 idus
455 1723 527 1786 Deo.

227 1827 258 1886 l'.
289 1825 526 1887 Fundamentum
549 1825 626 1888 aliud
649 1845 737 1888 nemo
759 1834 856 1906 potest
878 1843 1000 1906 ponere,
1023 1843 1114 1903 quum
1135 1825 1212 1906 quod
1236 1827 1363 1905 positum
1380 1833 1435 1895 est,
1505 1895 1508 1902 ¹

149 1916 221 2005 qrrod
245 1935 289 1990 est
312 1927 448 1990 Christus
471 1928 562 1990 lesus.
607 1929 670 1990 lloc
694 1946 836 2010 namque,
866 1935 898 1989 ut
920 1931 960 1990 ait
988 1926 1193 2007 apostolus,
1223 1928 1435 2009 prophetarum

120 2037 177 2088 net
209 2017 412 2108 apostolorum
440 2039 485 2092 est
513 2029 748 2102 laudamentum,
783 2033 813 2093 in
842 2049 901 2111 quo
932 2033 1026 2092 omnis
1059 2029 1221 2092 aedificatio
1254 2031 1436 2092 constructio

151 2133 251 2194 crescit
274 2134 304 2194 io
326 2133 472 2212 templum
495 2141 630 2194 sanctum
652 2135 683 2195 in
706 2133 842 2195 Domino.

230 2235 260 2295 Z.
290 2233 348 2295 Per
370 2236 602 2296 incarnationem
625 2235 732 2297 Christi
761 2236 913 2298 terrestria
942 2233 1118 2296 caelestibus
1140 2237 1248 2297 sociata
1272 2235 1363 2296 luisse
1386 2252 1437 2296 ne·

153 2337 219 2396 mini
242 2334 374 2398 lidelium
398 2336 534 2398 dubitare
556 2336 665 2399 licebit.

776 2867 811 2940 C.

192 3017 300 3078 Omnes
323 3037 396 3080 uero
419 3020 535 3080 litterae
558 3019 594 3079 ad
617 2999 840 3080 similitudinem
864 3019 944 3098 uocis
961 3016 1147 3079 characteres
1163 3027 1351 3095 acceperunt.

126 3139 146 3172 n
231 3123 253 3182 li
277 3127 380 3200 aperto
403 3137 455 3181 ore
477 3138 609 3200 congruo
631 3119 694 3182 solo
717 3123 822 3202 spiritu
844 3129 1034 3183 memoratur.

233 3221 255 3280 B
279 3220 370 3284 labris
392 3241 445 3303 per
468 3224 606 3304 spiritum
628 3224 740 3304 impetu
762 3222 885 3284 reclusis
907 3223 1062 3284 adicimus.

232 3323 254 3386 C
276 3323 437 3386 molaribus
460 3345 550 3405 super
571 3325 690 3402 linguae
713 3335 844 3386 extrema
868 3324 999 3404 appulsis
1021 3324 1206 3405 exprimitur.

232 3425 256 3486 l)
279 3426 405 3507 appulsu
427 3427 544 3505 linguae
566 3429 644 3491 circa
666 3428 837 3509 superiores
859 3425 964 3488 dentes
985 3428 1156 3490 innascitur.

232 3527 256 3588 Ε
277 3529 381 3608 spiritu
404 3529 474 3591 lacit
496 3528 596 3608 lingua
614 3527 625 3612 ll
641 3530 661 3590 l.
678 3527 755 3590 109·
772 3527 783 3612 ΙΙ
799 3528 952 3610 paululum
975 3530 1133 3610 pressiore.

139 3645 146 3654 ’
232 3628 382 3691 Fdentes
404 3629 519 3692 labrum
541 3633 666 3692 inlerius
688 3631 897 3712 deprimentes.

233 3733 256 3794 G
279 3733 415 3812 spiritum
438 3752 505 3795 cum
527 3734 635 3814 palato.

234 3834 258 3896 ll
281 3837 414 3896 conrasis
435 3834 587 3916 paululum
610 3835 742 3897 laucihus
765 3836 786 3916 †
809 3835 964 3897 uentribus
986 3834 1112 3896 culralat.

238 3936 251 3996 l
280 3937 400 4014 spiritus
422 3955 514 4018 prope
537 3937 676 3999 dentibus
701 3954 830 4018 pressus.

185 4049 186 4054 ’
235 4037 259 4098 ll
282 4038 418 4100 faucibus
440 4039 536 4118 palato
558 4040 712 4106 formatur.
760 4087 764 4096 .

132 4154 151 4190 a,
236 4139 258 4200 t
280 4139 379 4220 lingua
402 4159 477 4222 quae
500 4141 598 4222 palato
621 4144 641 4222 †
665 4141 773 4204 dulcet.

218 4364 377 4412 3caractere
409 4397 412 4404 -
445 4365 561 4414 hortatu
647 4363 798 4414 Choncrati
883 4365 1052 4430 9properior
1139 4365 1168 4414 11
1188 4361 1259 4416 Crux
1281 4401 1388 4417 .......
1394 4380 1439 4414 nes

162 4429 237 4479 mrtudi
307 4433 339 4482 13
357 4445 432 4492 qtrum
451 4433 523 4481 deest
592 4433 623 4482 15
642 4431 768 4481 edificatio

221 4498 283 4549 Cod.
301 4498 382 4553 Bera.
402 4501 453 4548 417
469 4515 538 4550 suec.
557 4499 602 4550 IX
616 4501 637 4562 f.
658 4499 833 4564 lov-109¹,
850 4501 991 4566 praemisso
1010 4503 1095 4551 titrolo:
1120 4499 1198 4550 tram
1217 4499 1261 4549 DE
1279 4499 1438 4550 LITTERIS.

163 4561 307 4616 interiissc
324 4563 460 4618 tractatum
477 4575 502 4618 et
519 4570 594 4632 illum,
608 4585 679 4636 quem
696 4585 732 4619 erc
749 4571 799 4620 isto
816 4571 904 4620 codice
925 4585 1006 4634 supra
1023 4570 1101 4632 edidi,
1119 4571 1217 4620 inserta
1235 4576 1275 4619 cut
1290 4569 1376 4620 breuis
1392 4586 1440 4619 ecc·

161 4635 242 4693 mutto
260 4637 292 4686 de
309 4637 414 4686 titinio:
449 4635 493 4684 DE
511 4635 660 4686 LITTERIS
679 4636 884 4687 EXCERPTVM
905 4639 1031 4702 incipiens
1048 4637 1081 4688 ab
1098 4637 1138 4688 hia
1154 4637 1253 4688 uerbis:
1288 4636 1382 4687 Littera
1401 4645 1440 4686 est

95 4723 97 4726 ·
162 4713 213 4761 pam
229 4705 335 4753 minima
353 4705 424 4754 uocis
442 4705 596 4756 articulatae.
633 4705 784 4755 Litterarum
807 4706 871 4754 aliae
893 4717 953 4754 suut
974 4705 1089 4764 uocales,
1112 4705 1178 4756 eliae
1194 4717 1365 4756 consonantes
1384 4716 1440 4764 etc,

163 4783 217 4830 qtae
233 4779 287 4822 totu
304 4779 404 4824 coartat
421 4789 457 4824 επ
472 4773 591 4836 [nastulis
609 4775 707 4824 Donati
722 4791 749 4839 p.
768 4777 966 4837 stas-308,
977 4778 1001 4826 7.
1072 4775 1104 4824 19
1122 4783 1262 4824 caracteras
1331 4776 1366 4826 20
1383 4771 1441 4840 spn'r

164 4835 188 4882 21
205 4839 337 4890 reclusisse
354 4839 461 4890 dicimus
530 4840 678 4907 dispulsis
730 4845 764 4893 23
781 4841 875 4908 apulsa
931 4844 964 4892 24
982 4843 1088 4908 spiritus
1140 4845 1282 4909 pressiores
1350 4843 1384 4894 25
1402 4845 1441 4891 in-

164 4899 255 4959 lerimus
324 4909 357 4959 27
375 4907 460 4958 exalat
527 4910 560 4959 28
577 4910 696 4960 dentibus
714 4912 797 4978 presit
864 4913 897 4962 30
914 4910 1002 4978 lingua
1020 4927 1046 4974 q;
1064 4911 1150 4977 palato
1168 4911 1252 4962 dulcet

1181 4995 1236 5048 20*
