3352 5556
284 381 415 443 ccx‘vtrt
579 379 626 430 llll
647 377 797 430 IVLIANO
815 377 1012 430 Totittrarto
1031 377 1273 430 GRAMMATICO

283 588 348 631 nos
376 570 567 638 conuenit,
603 569 907 648 praepositiones
935 569 989 628 ius
1019 586 1122 628 suunt
1152 575 1236 628 tunc
1264 564 1456 646 obtinere,
1492 585 1581 626 cum

283 661 586 734 praeponentem
622 649 1023 736 strbpolll.101·llsitas
1057 670 1147 714 uero
1181 660 1215 712 et
1248 652 1580 726 significationem

285 758 383 800 suant
412 745 447 797 et
475 739 545 799 uim
575 740 737 799 nontinis
766 748 801 799 et
828 737 943 814 legent
974 740 1167 818 propriam
1197 755 1267 798 non
1297 735 1442 796 trabere.
1492 736 1581 807 Ouo-

283 823 390 885 modo‘l
434 823 465 884 Si
493 822 611 884 casibus
639 825 699 884 stris
724 841 782 884 non
806 825 990 902 praepositae
1013 823 1136 890 inerint.
1166 841 1221 884 nee
1242 822 1471 896 significationes
1494 840 1579 890 snas,

283 910 359 970 idest
387 914 497 968 tnotum
526 917 575 968 aut
603 909 705 976 situm,
735 925 790 968 nec
818 926 924 968 nomen
952 909 1180 988 praepositionis
1203 904 1367 973 habebunt,
1399 924 1453 966 nee
1476 905 1612 984 regense·

284 997 433 1072 propriam
458 993 635 1062 retinebunt,
659 1001 691 1053 nt
714 1003 760 1053 est
781 991 871 1073 ‘pulte
886 996 995 1054 tenos’.
1034 994 1237 1073 separatae
1260 992 1578 1071 praepositiones

244 1147 250 1161 ι
283 1079 469 1158 separatis
491 1077 843 1159 praepositionibus
866 1095 935 1138 non
958 1077 1176 1147 cohaerent,
1206 1086 1241 1138 et
1263 1075 1440 1137 adnerbia
1464 1077 1576 1146 lacit,

284 1162 1039 1244 siqnandoillamconsequiturcasus,
1063 1171 1160 1224 otest
1184 1163 1254 1228 lroc:

435 1248 532 1319 Pone
554 1247 658 1310 subit
681 1248 830 1316 coniux,
855 1247 1011 1310 lerinrur
1035 1267 1102 1326 per
1124 1265 1237 1327 opaea
1260 1245 1436 1307 iocorum.

285 1351 376 1410 Sunt
403 1353 464 1430 qui
493 1359 625 1429 putant
653 1350 825 1410 accidere
848 1351 1121 1430 praepositioni
1145 1349 1301 1427 figuram
1325 1356 1359 1409 et
1382 1347 1574 1409 ordinem:
1596 1363 1626 1398 ¹⁰

284 1437 454 1511 liguram,
479 1436 563 1514 quia
586 1442 671 1496 sunt
695 1436 999 1515 praepositiones
1021 1433 1231 1514 simplices,
1261 1443 1299 1495 ut
1321 1433 1399 1502 abs,
1430 1452 1576 1511 conpo-

203 1549 205 1554 ·
283 1521 390 1596 sitae,
415 1527 452 1580 ut
474 1519 628 1598 absque:
661 1519 843 1587 ordinem,
867 1521 950 1597 quia
973 1527 1059 1581 snut
1080 1521 1390 1600 praepositiones
1412 1536 1575 1599 praepo-

283 1606 434 1674 sitioae,
466 1612 503 1666 nt
524 1606 618 1676 sine,
642 1613 727 1666 sunt
749 1604 1031 1674 subiunctinae,
1054 1613 1093 1667 ut
1114 1611 1231 1664 tonus.
1277 1603 1345 1664 Sed
1369 1623 1434 1664 nos
1457 1611 1491 1663 et
1514 1604 1575 1664 his

283 1689 425 1750 similia
455 1691 490 1750 in
525 1689 581 1751 his
611 1688 899 1756 numerabimus,
938 1709 1029 1771 qnae
1066 1689 1277 1768 inaequalia
1315 1690 1573 1758 nominantur,

283 1776 359 1836 sient
392 1775 483 1835 nerha
517 1773 681 1855 inaequalia
714 1775 867 1846 dicuntur,
902 1795 977 1856 queo
1010 1775 1047 1835 do
1078 1793 1130 1835 sua
1160 1775 1357 1835 declinatione
1385 1775 1415 1834 in
1445 1772 1623 1835 alienantis

283 1868 445 1921 transeunt.
490 1860 531 1920 lta
554 1867 583 1921 et
604 1862 854 1939 praepositiones,
884 1862 908 1922 si
931 1863 992 1921 suis
1014 1859 1130 1921 casibus
1154 1878 1212 1920 non
1236 1859 1423 1929 deseruiunt,
1446 1868 1478 1920 ut
1500 1858 1573 1920 snb·

281 1946 440 2024 iungantur
463 1953 490 2006 et
515 1963 573 2006 non
595 1953 825 2024 praeponantur,
847 1945 1012 2025 inaequalia
1034 1945 1182 2006 dicuntur.
1347 1949 1349 1956 '

738 2131 786 2192 ΒΕ
810 2131 1110 2195 lNTElllECl'lONE.

366 2253 588 2313 interiectio
622 2260 677 2312 est
708 2269 792 2331 pars
823 2254 1009 2312 orationis
1042 2253 1241 2314 interiecta
1276 2252 1363 2313 aliis
1400 2248 1576 2328 partibus

282 2339 469 2398 orationis
497 2335 538 2395 ad
568 2336 832 2414 exprimendos
860 2339 968 2397 animi
997 2339 1169 2397 all'ectos.
1215 2335 1387 2407 eromodo‘l
1431 2335 1513 2396 Sicut
1540 2336 1620 2394 ineo

282 2423 378 2500 primo
407 2429 505 2482 notata
536 2430 620 2489 sunt,
651 2423 689 2481 ita
718 2421 766 2481 loc
794 2422 1023 2500 interrogentur.
1069 2423 1135 2482 Sed
1166 2422 1253 2482 lraec
1280 2439 1295 2480 a
1325 2422 1478 2482 Graecis
1507 2419 1574 2479 ad-

282 2506 430 2566 uerbiis
463 2504 721 2584 adplicantur,
755 2506 849 2586 quod
880 2507 962 2568 ideo
991 2507 1115 2568 Latini
1149 2525 1219 2566 non
1254 2506 1404 2567 iaciunt.
1454 2502 1574 2573 Quare?

283 2591 355 2662 Onia
379 2590 580 2652 huiuscemodi
602 2609 706 2652 uocem
731 2609 788 2651 non
812 2593 907 2654 statim
927 2591 1119 2672 ,subsequitur
1142 2591 1276 2654 uerbum.
1321 2591 1425 2650 Licet
1450 2599 1573 2650 autem

282 2693 348 2753 pro
377 2677 647 2736 interiectione
676 2677 782 2736 etiarn
811 2675 904 2738 allas
932 2681 1058 2755 partes
1085 2677 1269 2736 orationis
1297 2673 1465 2749 singulas
1487 2673 1574 2750 plu·

281 2779 390 2822 resne
423 2759 650 2838 subponere,
686 2770 722 2822 nt
755 2761 894 2822 ‘celas’
930 2763 1013 2841 ‘pro
1047 2762 1177 2822 neias'.
1233 2760 1406 2832 Quomodo?
1459 2759 1619 2820 ‘Nefas’es

282 2863 388 2930 nomen
418 2854 477 2914 est,
507 2847 574 2924 ‘pro
605 2847 699 2907 neias’
721 2847 887 2908 interiectio
910 2855 955 2908 est
977 2847 1192 2925 exprobrantis.
1237 2850 1425 2906 docentus
1453 2846 1573 2904 inter-

280 2930 512 2992 lectionibus
540 2933 636 2992 certi
665 2950 748 2993 esse
777 2949 847 2993 non
870 2940 1042 3012 possunt,
1071 2941 1108 2993 ut
1130 2933 1209 2992 lere
1232 2933 1268 2991 in
1291 2928 1376 2990 allis
1399 2929 1572 2996 uocibus,

281 3035 372 3094 quas
394 3016 607 3078 inconditas
629 3019 852 3080 innenimus.
896 3017 1072 3090 Quomodo?
1116 3018 1199 3077 Siout
1220 3017 1249 3076 in
1273 3016 1438 3094 peregrinis
1461 3013 1572 3084 ueritiS,

281 3109 330 3161 aut
362 3101 393 3160 in
427 3100 560 3163 barbaris
594 3103 761 3164 nominibus
795 3111 935 3165 accentus
968 3103 1042 3163 certi
1074 3120 1133 3164 non
1166 3109 1248 3170 sunt,
1284 3103 1324 3162 ita
1361 3107 1390 3160 et
1422 3101 1450 3160 in
1479 3099 1573 3160 inter-

281 3185 464 3248 iectionibus.
1588 3203 1617 3240 oo

347 3475 515 3540 tsubposita
601 3475 779 3544 tlseperatoe]
799 3479 865 3528 Iloo.
882 3493 910 3542 p.
929 3481 989 3540 391,
1008 3481 1039 3527 19
1119 3475 1271 3526 'lcolreront
1341 3473 1573 3523 laoinntDorrotuc

279 3543 506 3594 eittasoonooo
574 3543 688 3612 lll'one]
722 3545 1005 3610 Verp.Aeu.11725
1056 3545 1147 3593 rotilax
1199 3543 1310 3590 calorum
1382 3544 1413 3591 10
1431 3539 1495 3590 Sunt
1512 3539 1571 3605 qni]

280 3614 346 3664 Ilou.
362 3629 391 3677 p.
411 3615 471 3673 391,
489 3615 523 3662 20
593 3615 623 3662 12
642 3615 831 3679 praepositione
850 3615 1054 3678 praepositiones
1072 3615 1188 3663 Donatus
1259 3613 1290 3661 13
1307 3609 1353 3659 sed
1371 3609 1433 3658 hacc
1452 3623 1498 3657 nos
1519 3609 1571 3658 Do—

280 3686 354 3730 natus
441 3683 471 3730 rt
490 3682 678 3730 numerauimus
749 3693 911 3730 tromemotur
998 3684 1029 3732 ta
1048 3677 1201 3744 interiectio]
1223 3681 1288 3729 Dor.
1307 3695 1333 3742 p.
1353 3680 1471 3741 391,29
1538 3679 1570 3726 21

281 3747 331 3796 Sed
350 3743 423 3813 liare]
444 3749 509 3802 Bon.
528 3767 554 3814 p.
568 3752 628 3810 391,
642 3753 676 3802 28
744 3753 776 3799 '2⁴2
795 3749 963 3814 adplicaltitur
1031 3751 1064 3800 23
1082 3745 1158 3812 Orria]
1178 3747 1242 3797 Sum
1263 3748 1356 3798 Donati
1373 3745 1451 3795 uerbo
1468 3762 1494 3809 p.
1509 3747 1571 3804 391,

280 3817 313 3864 29
382 3815 452 3865 Licet
468 3813 566 3877 atatem]
589 3820 651 3868 Dore.
670 3835 696 3883 p.
716 3821 774 3874 391,
795 3821 829 3868 30
912 3819 946 3866 at
962 3817 1162 3865 interiectionem
1234 3814 1318 3880 plnres
1342 3828 1403 3862 nero
1471 3813 1503 3862 26
1523 3817 1571 3860 nef

280 3880 379 3948 centus]
399 3885 463 3935 Dori.
480 3901 507 3949 p.
527 3888 617 3948 392,2
686 3889 719 3936 28
738 3887 881 3949 incognitas
951 3885 1063 3933 Sicorin
1084 3881 1238 3949 peregrinis]
1257 3883 1291 3944 rs.
1309 3882 1485 3945 ortipropltrou
1502 3880 1568 3930 ller-

280 3953 415 4011 neusenrs.
435 3950 486 4003 58ὴ
504 3949 547 4018 (de
564 3955 735 4014 aecetrtlliusl:
772 3956 798 4003 ln
822 3953 1037 4002 interiectionibus
1061 3965 1085 4000 et
1107 3953 1131 4000 in
1155 3951 1297 4015 peregrinis
1322 3950 1405 3998 rrerlris
1429 3961 1453 3997 ct
1471 3949 1495 3997 in
1515 3949 1572 3996 bar-

280 4020 348 4068 baris
376 4021 520 4070 nominibus
547 4022 605 4070 certi
634 4033 694 4070 strnt
719 4032 851 4078 accentus,
880 4035 911 4069 arr
936 4021 1005 4069 non?
1042 4019 1106 4070 Non.
1142 4019 1207 4076 Qold
1231 4019 1264 4067 lbi
1289 4017 1431 4066 iaciendum
1451 4016 1505 4065 est?
1543 4015 1569 4064 ln

280 4099 404 4152 potestate
423 4089 622 4154 uniuscuiusque
634 4091 760 4139 consistit.
780 4089 930 4146 Quomodo?
949 4089 995 4148 Vt,
1013 4103 1070 4138 cnm
1090 4089 1233 4137 neccssaria
1251 4085 1352 4146 luerint,
1372 4086 1407 4134 ito
1424 4086 1449 4134 in
1469 4085 1571 4134 metrico

281 4167 408 4220 ponantur
426 4159 535 4217 ratione,
554 4157 588 4220 cf.
610 4158 702 4208 lulloni
718 4176 745 4222 p.
764 4161 797 4208 58
815 4159 855 4207 ed.
874 4157 942 4207 llom.

364 4465 531 4542 Perspectr's
553 4467 647 4542 ipttur
667 4467 744 4525 ortis
765 4463 939 4544 Beruenses,
961 4481 1033 4538 quor
1054 4465 1141 4524 modo
1163 4465 1377 4538 excerpsimus,
1401 4462 1473 4520 locis
1493 4475 1570 4520 stren-

279 4582 359 4626 mrim
386 4575 415 4626 ct
442 4568 565 4628 dicendi
590 4577 619 4628 et
646 4569 806 4628 tractandi
829 4567 1050 4627 similitudinem
1079 4568 1260 4626 interitione
1283 4571 1312 4624 et
1334 4560 1573 4624 lulianumsiue

280 4669 492 4745 ortipruplmm
506 4669 689 4730 Beroensem
710 4667 899 4731 intercedere
920 4670 1112 4744 intellepitur.
1153 4667 1215 4728 Sed
1222 4669 1412 4743 profitentur
1427 4665 1570 4741 quaestio.

279 4767 308 4830 si
335 4770 453 4843 arideus,
484 4771 515 4830 in
544 4779 610 4830 orte
630 4769 784 4832 Berneosr'
809 4773 981 4846 conplorics
1008 4772 1181 4829 rurationem
1207 4771 1279 4841 fieri
1304 4771 1453 4827 tractatus
1473 4769 1571 4826 colur-

281 4873 351 4932 dom
366 4868 479 4948 ommi,
510 4873 541 4932 tir
563 4890 622 4948 quo
644 4873 720 4934 duee
741 4875 794 4934 oto
815 4874 944 4934 lucidius
965 4873 1102 4948 exposito
1124 4887 1187 4932 esse
1208 4872 1359 4930 dicuntur.
1406 4867 1484 4928 llum
1507 4865 1570 4929 ubi
