3354 5580
269 319 333 382 200
711 319 877 372 VERGlLll
896 319 1128 372 GRAMMATICI

267 509 412 569 incertum
436 507 572 570 habetur.
618 508 826 588 ‘Nequiquam’
850 517 950 570 autern
971 515 1001 568 et
1023 511 1185 586 ‘ueqiriter’
1203 529 1238 570 ex
1254 511 1408 588 ‘nequam’
1431 509 1577 572 ueniunt.
1675 532 1676 537 ¹

268 611 344 669 sicut
366 608 466 670 multis
487 608 661 671 Latinorum
685 609 813 671 uidetur.

347 708 358 792 ΙΙ
375 711 394 771 1.
411 707 474 772 2711
496 707 507 792 ΙΙ
531 709 725 789 Virgilius:
754 715 896 772 torreas
924 728 1008 772 meus
1036 710 1154 792 triplam
1185 709 1298 773 adserit
1326 731 1391 772 esse
1421 712 1578 791 participii

269 815 424 874 uirtutem:
448 813 560 892 prima,
585 813 662 892 qnod
686 811 811 873 uerbum
835 819 865 872 et
888 831 996 874 nomen
1019 813 1091 874 duas
1112 812 1293 894 principales
1315 820 1416 894 parles
1437 811 1577 880 obtinet:

268 913 414 985 acetruda,
443 913 524 991 quod
546 915 571 974 si
593 933 609 974 a
633 913 726 976 uerbo
749 916 846 974 actiuo
870 913 975 984 luerit,
1005 913 1108 976 eodem
1138 915 1227 978 modo
1249 917 1324 993 agit:
1353 916 1455 984 tertia,
1486 915 1603 990 quode

269 1017 293 1076 si
316 1017 347 1074 iu
369 1016 427 1076 bue
451 1016 610 1077 testimonii
633 1017 759 1095 positum
786 1017 888 1086 luerit,
912 1033 968 1096 pro
990 1015 1084 1078 uerbo
1106 1018 1277 1097 accipiatur.

346 1129 359 1216 ll
375 1133 393 1194 i.
410 1129 467 1196 28·
483 1131 497 1218 ΙΙ
513 1135 709 1212 Virgilius:
733 1133 786 1194 Est
808 1136 941 1211 quaestio
963 1133 1158 1212 perdifficilis.
1196 1134 1356 1206 Quaeritur
1370 1137 1489 1212 itaque,
1513 1153 1578 1213 qua

268 1235 383 1295 ratione
413 1235 538 1296 uerbum
567 1233 735 1322 deponens,
765 1253 800 1296 ex
828 1251 886 1312 quo
913 1235 970 1296 tria
998 1237 1155 1315 participia
1178 1244 1246 1298 sunt
1264 1281 1395 1304 ......
1427 1243 1458 1296 ut
1486 1237 1578 1295 orior

268 1337 367 1396 orieris
395 1338 526 1398 oriturus
553 1344 636 1396 ortus
664 1335 825 1411 oriundae,
855 1355 921 1398 curn
943 1355 1002 1397 noo
1026 1337 1065 1397 sit
1085 1339 1251 1417 passinnm,
1276 1356 1310 1397 ex
1339 1355 1398 1418 quc
1421 1335 1576 1404 trabatur,

267 1457 356 1517 supter
378 1455 438 1515 ‹pro
459 1441 618 1502 terream
643 1447 672 1500 et
694 1437 926 1516 Galbuugunr
949 1439 1152 1517 interrogans,
1177 1440 1216 1500 ita
1233 1437 1468 1520 responderunt:
1494 1437 1576 1498 baeu.
1592 1455 1615 1491 ro

269 1539 328 1598 ‹lno
351 1541 507 1619 participia
531 1541 639 1602 ‘ortus'
663 1539 832 1601 ‘oriundus'
857 1540 947 1602 unius
969 1541 1112 1620 temporis
1134 1559 1209 1601 esse.

347 1637 471 1722 lit28¹³
493 1638 504 1723 ΙΙ
533 1641 730 1719 Virgilius:
768 1640 831 1704 alia
860 1641 1007 1721 quaestio.
1041 1660 1134 1723 qnare
1162 1640 1252 1702 scribi
1281 1643 1451 1703 iuuenibus
1477 1659 1578 1721 saepe

269 1741 431 1804 ‘amodum’
455 1743 645 1804 ‘sedendum'
669 1741 862 1804 ‘addendum'
886 1743 1103 1823 ‘loquendum',
1127 1761 1196 1805 cnm
1212 1762 1228 1804 a
1244 1742 1373 1805 neutrali
1396 1741 1493 1803 uerbo
1509 1761 1576 1804 noa

270 1845 324 1906 nisi
348 1844 407 1906 duo
431 1845 585 1925 participia
609 1853 638 1906 et
660 1863 676 1904 a
700 1844 860 1924 deponenti
888 1846 947 1906 tria
974 1853 1087 1906 taratum
1115 1846 1270 1924 participia
1299 1846 1404 1905 uenire
1426 1861 1577 1904 consues-

269 1953 349 2007 cunt.
396 1944 454 2006 Sed
484 1945 539 2006 lroc
568 1945 604 2006 ad
633 1945 832 2026 inpersoualia
859 1945 952 2008 uerba
980 1944 1187 2016 referendum,
1216 1964 1343 2027 quorum
1372 1946 1461 2018 baec,
1492 1963 1617 2023 quaec

269 2047 479 2128 praediximus,
502 2053 571 2110 sunt
591 2049 876 2128 inpraesentiarum:
899 2047 1191 2128 ‘inpraesentiarum’
1206 2046 1382 2131 aduerbium
1404 2045 1578 2126 temporale

270 2156 335 2220 est‚-
354 2157 386 2210 nt
408 2151 624 2229 ‘praesentimt

348 2247 359 2332 ll
375 2251 395 2311 l.
412 2247 474 2312 29:
490 2247 501 2332 ΙΙ
529 2250 727 2329 Virgilius:
751 2249 830 2312 luter
853 2251 999 2314 ‘uerum'
1013 2259 1052 2313 .et
1073 2255 1181 2312 ‘uero’
1205 2249 1282 2312 dnae
1304 2258 1373 2312 sunt
1395 2249 1578 2312 distantiae:

270 2369 338 2420 una.
362 2353 430 2432 quia
454 2354 586 2412 ‘uerum’
609 2353 803 2431 praepositiui
825 2351 940 2413 ordinis
964 2360 1021 2422 est,
1045 2353 1143 2414 ‘uero'
1159 2351 1387 2420 subiunctatiui;
1411 2350 1475 2420 alia,
1500 2354 1576 2432 quia

270 2454 402 2514 ‘neriam’
425 2453 584 2514 causaliter
607 2471 662 2534 pro
684 2453 806 2514 ‘tamen’
828 2452 962 2523 habetur,
980 2454 1079 2514 ‘uero'
1095 2452 1135 2514 ob
1150 2451 1348 2534 expletionem
1370 2458 1483 2515 matum
1498 2471 1577 2512 suae
1592 2471 1617 2509 ao

271 2555 406 2616 stationis
428 2555 582 2633 accipitur.

357 2654 437 2716 ibid.
467 2654 666 2734 Virgilius:
690 2654 864 2735 Quanquam
887 2659 917 2718 iu
942 2657 1074 2735 quinque
1090 2659 1206 2737 species
1221 2657 1391 2718 coniunctio
1414 2655 1506 2717 diuisa
1525 2657 1578 2726 sit,

271 2766 369 2818 tamen
393 2757 424 2818 ia
446 2775 511 2818 sese
533 2758 765 2827 conmiseuntur,
790 2765 822 2817 ut
845 2774 1040 2838 unaquaeque
1061 2757 1184 2820 alterius
1206 2757 1321 2819 ratione
1336 2775 1391 2837 pro
1406 2756 1577 2818 dictionum

271 2857 411 2940 qualitate
433 2866 548 2930 utatur:
572 2860 744 2940 frequenter
767 2859 845 2919 euim
869 2858 1002 2920 causales
1023 2879 1078 2940 pro
1100 2857 1326 2923 rationabilibus
1341 2868 1371 2921 et
1385 2857 1578 2937 copulatione

274 3045 498 3055 -.-——-·--.

341 3165 542 3228 lneqnicquam
562 3164 648 3214 Maius
700 3164 816 3226 :aequiter
833 3164 855 3212 si
873 3144 993 3213 aalboex
1007 3177 1114 3226 nequam
1128 3163 1216 3214 Maius
1284 3158 1431 3228 2nidetnr]
1449 3161 1580 3228 Sequitur

271 3233 343 3296 opud
354 3233 450 3283 illatam
468 3233 543 3282 etiem
561 3233 683 3296 apoduein
699 3233 850 3282 sententiae.
920 3233 936 3282 3
950 3229 1087 3295 Virgilius]
1106 3247 1131 3295 p.
1146 3233 1179 3280 71
1192 3231 1259 3281 Mai:
1279 3231 1366 3292 ltaque
1378 3231 1479 3280 Aeneas
1498 3245 1580 3279 meus

272 3300 372 3366 triplam
396 3301 590 3366 participiorum
613 3300 756 3348 adsentitur
779 3301 909 3348 uirtutem:
941 3299 1010 3360 qnod
1034 3300 1060 3348 in
1084 3299 1148 3348 libro
1170 3298 1202 3347 de
1226 3300 1339 3348 omnium
1362 3299 1454 3347 artium
1478 3299 1579 3347 uirtute

272 3370 367 3434 scripto
387 3377 464 3430 atque
482 3367 617 3417 ordinatim
636 3367 738 3432 digesto
757 3367 799 3416 tuli
818 3366 898 3426 edidit¹
915 3367 1001 3416 modo.
1036 3367 1134 3425 Prima,
1154 3366 1248 3428 inquit,
1269 3365 1350 3415 uirtus
1368 3365 1580 3430 participiorum,

272 3436 342 3499 qnod
362 3450 452 3485 nomeu
472 3447 497 3484 et
515 3435 618 3484 uerbum
689 3437 706 3484 4
724 3435 846 3484 orationis
853 3443 945 3552 partes
959 3433 1045 3484 Malus
1113 3437 1129 3486 b
1147 3435 1213 3484 sicut
1232 3433 1337 3482 uerbum
1355 3431 1431 3482 inerit
1447 3434 1579 3490 antinum,

273 3505 362 3554 eodem
382 3503 458 3553 modo
477 3514 502 3552 et
518 3505 604 3569 ipsum
622 3503 691 3569 agit,
709 3504 782 3552 tertia
800 3517 850 3565 quo
887 3503 1009 3554 aiMot'ns
1061 3503 1134 3551 tertia
1151 3503 1174 3551 si
1242 3501 1472 3552 btestimoniorum
1484 3500 1580 3551 Maius

272 3568 443 3638 lVirgillne]
463 3587 490 3636 p.
510 3573 543 3620 81
561 3571 629 3622 Mai:
661 3569 754 3620 Sedet
776 3571 904 3634 ‹puueatim
931 3584 997 3632 quae
1018 3568 1178 3634 perdifficilis
1200 3579 1240 3619 est
1261 3568 1294 3619 ed
1313 3569 1479 3627 soluendum,
1502 3571 1582 3635 cogit

273 3654 416 3689 sermonem
436 3639 512 3704 paulo
532 3639 634 3703 longius
654 3639 782 3704 progredi.
802 3637 901 3688 Etenim
919 3652 976 3686 cnm
994 3652 1010 3686 a
1027 3637 1165 3703 deponenti
1183 3637 1262 3686 uerbo
1276 3637 1323 3686 tria
1335 3636 1469 3702 participia
1482 3638 1581 3686 uenire

273 3722 324 3757 non
343 3706 479 3765 dublinen
497 3717 536 3756 est
554 3707 659 3756 uerbum
677 3705 817 3771 deponens,
836 3720 869 3755 ex
881 3719 932 3768 quo
945 3715 1066 3768 quattuor
1083 3705 1217 3770 participia
1229 3703 1295 3754 trabi
1308 3703 1434 3762 uidentur,
1449 3713 1476 3752 ut
1489 3705 1580 3765 orior;

273 3791 305 3824 ex
324 3789 376 3836 quo
394 3785 433 3824 est
452 3775 536 3825 oriens
556 3775 667 3824 oritanus
691 3785 762 3823 ortus
786 3773 918 3824 oriundae.
955 3771 1089 3831 Quaeritur
1112 3774 1197 3835 itaque
1220 3771 1328 3834 qualiter
1350 3771 1398 3821 bac
1419 3772 1518 3821 ratione
1538 3775 1579 3822 uti

272 3843 420 3900 debeamus,
440 3857 496 3891 eum
516 3842 619 3892 nerbnm
638 3842 773 3907 passiuum
792 3856 843 3890 non
861 3841 908 3903 sit,
928 3855 961 3889 ex
979 3854 1030 3902 quo
1048 3839 1163 3890 trabatur
1176 3875 1263 3893 .....
1282 3837 1334 3890 Sed
1351 3853 1429 3905 snper
1447 3837 1496 3888 boc
1513 3837 1580 3888 Gal-

274 3912 389 3975 bnugum
406 3911 565 3976 interrogaui
583 3909 709 3971 simulque
729 3911 839 3959 Aeneam
857 3907 890 3958 ab
908 3909 998 3973 eisque
1016 3908 1099 3957 uniter
1116 3907 1217 3966 andini,
1245 3908 1305 3970 qnia
1329 3906 1378 3956 boc
1400 3907 1577 3972 participium,

273 3979 340 4028 sicut
358 3989 382 4028 et
400 3989 471 4028 ortus
489 3979 618 4043 praeteriti
638 3976 759 4042 temporis
779 3977 825 4032 sit.
847 3975 915 4026 unde
933 3987 957 4026 et
975 3977 1000 4024 in
1018 3976 1228 4026 annumeratione
1245 3976 1439 4040 participiorum
1458 3975 1577 4040 interpo-

274 4048 324 4098 sita
342 4045 521 4097 coniunctione
548 4046 696 4096 distinctius
714 4046 752 4094 sic
769 4044 892 4102 dicimus,
921 4045 1005 4094 oriens
1028 4044 1139 4094 oritanus
1163 4052 1233 4094 ortua
1257 4053 1282 4092 et
1300 4041 1436 4092 oriundus:
1464 4057 1498 4091 ex
1520 4057 1577 4104 qno

273 4115 441 4176 ostendimus,
460 4113 522 4162 haec
540 4113 591 4163 dno
611 4113 746 4179 participia
765 4112 840 4162 tinius
859 4125 918 4162 esse
935 4112 1070 4176 temporie:
1090 4121 1114 4161 et
1132 4111 1189 4162 ideo
1203 4120 1269 4160 recte
1281 4111 1416 4161 scribimus
1435 4110 1578 4160 ‘oriundus

274 4186 347 4233 erat’.
417 4181 566 4247 perditicilis
635 4177 747 4297 8euatp
761 4181 890 4230 Lacunam
908 4195 943 4230 ece
961 4179 1033 4230 Maio
1050 4180 1129 4243 facile
1147 4181 1264 4244 cupreas.
1343 4180 1374 4227 11
1395 4191 1471 4226 urnas
1541 4178 1576 4228 ta

274 4246 414 4316 Virgilius]
432 4266 459 4314 p.
475 4252 510 4300 82
530 4249 599 4298 Mai:
623 4247 679 4297 Alia
698 4264 730 4298 no
749 4249 770 4297 la
789 4249 905 4310 quaestio
923 4247 1039 4297 imminet
1055 4246 1191 4298 solutionis
1210 4244 1273 4296 satis
1292 4246 1381 4310 indiga
1398 4259 1476 4308 quara
1494 4257 1577 4310 saepe

274 4318 419 4368 ionemmus
438 4317 513 4366 scribi
532 4317 651 4366 atarrdnm
721 4318 821 4378 questio
874 4330 936 4381 sepe
1004 4317 1037 4366 13
1055 4314 1198 4364 audendum
1218 4314 1304 4365 Maiae
1361 4327 1417 4362 cum
1436 4325 1452 4361 a
1470 4322 1578 4362 neaua-

273 4387 334 4435 lium
354 4385 447 4434 boniai
462 4385 513 4434 duo
525 4380 537 4451 Η
549 4399 606 4433 cnm
624 4382 731 4433 neutrali
750 4384 828 4432 uerbo
847 4398 897 4433 uon
918 4384 968 4433 nisi
984 4383 1035 4432 dno
1046 4383 1132 4433 Moiua
1202 4383 1234 4431 ll
1269 4381 1387 4446 articlpia
1404 4381 1493 4430 uenire
1511 4395 1578 4430 con-

274 4463 395 4503 suescant
412 4462 438 4503 et
454 4467 469 4501 a
487 4452 625 4518 deponenti
642 4452 692 4500 tria
708 4461 805 4502 matrim
823 4451 955 4501 trahantur
973 4450 1060 4501 Maiam
1127 4397 1316 4514 consueslllllunt
1413 4451 1446 4499 lb
1463 4461 1578 4512 quorum

275 4521 409 4587 partieipia
426 4531 488 4570 anat
504 4521 566 4570 baec
583 4534 648 4583 quae
666 4518 841 4584 praediximus
860 4520 946 4570 Maius
962 4520 1056 4569 ceteris
1073 4520 1179 4571 emmau.
1260 4520 1292 4569 16
1309 4515 1547 4583 inpresentiarum,
1569 4519 1577 4566 i

275 4595 335 4639 anta
353 4600 363 4637 t
380 4604 449 4639 eras.
520 4592 553 4638 17
570 4599 597 4638 nt
615 4587 760 4653 praesertim
833 4587 862 4637 18
879 4583 1016 4653 Virgilius]
1034 4585 1196 4652 pidndi
1244 4584 1295 4634 due
1346 4580 1493 4650 distantiae]
1512 4585 1576 4634 anb-

230 4699 236 4714 „
275 4656 386 4706 stantiae
403 4657 460 4708 cod.
478 4656 553 4720 Maii,
573 4657 639 4706 uncle
657 4655 814 4706 differentiae
831 4657 940 4707 coniecit
957 4655 1043 4705 :licina
1112 4655 1143 4704 ta
1162 4652 1315 4703 subiunctinl
1332 4651 1420 4704 Maius
1475 4653 1509 4703 20
1526 4667 1576 4718 pro

277 4735 360 4774 tamen
379 4739 430 4774 non
448 4723 555 4775 habetur
566 4720 578 4792 ΙΙ
591 4738 641 4774 ιιοιι
659 4739 706 4774 om.
726 4724 813 4774 Maiae
873 4737 932 4773 uero
951 4720 1104 4788 expletionis
1122 4735 1186 4771 auae
1202 4731 1300 4771 motum
1318 4719 1434 4770 stationis
1452 4720 1579 4786 accipitur

277 4793 363 4844 Maius
414 4794 447 4842 22
466 4787 603 4859 Virgilius]
620 4807 649 4856 p.
663 4792 714 4842 ua
726 4791 784 4841 Mal
851 4793 884 4842 23
902 4788 1086 4854 tanaquaqae'
