3346 5558
245 481 295 531 Dii
312 479 520 532 mnxmsuo
539 479 723 532 PAPERINO
741 479 958 532 HIERONYMO
977 478 1195 532 AVGVSTINO.
1289 491 1368 541 com

158 672 327 731 Attestante
349 669 523 733 iuuenali
545 668 690 749 quidam
713 669 816 732 dicunt
838 669 906 730 ‘hoc
930 667 1078 748 specular'
1103 675 1239 748 correpta
1262 666 1364 746 penul-

81 773 153 841 tima,
177 769 235 832 sed
257 771 326 832 huic
347 771 454 834 rationi
478 770 578 834 obruat
599 771 820 834 Priscianus
842 756 897 852 (als)
920 771 971 852 qui
992 769 1071 841 dicit,
1095 769 1173 850 quod
1197 770 1315 831 nomina
1336 770 1367 830 in

80 893 108 934 aa
129 872 298 936 desinentia
314 873 411 936 uocali
425 873 617 936 antecedente
632 893 667 936 ar
681 875 846 955 corripiunt
867 871 1070 955 penultimam,
1094 879 1276 934 consonante
1292 889 1367 933 uero

80 975 270 1037 antecedente
298 975 480 1056 producunt,
510 984 542 1037 ut
570 975 691 1057 laquear
717 976 849 1058 lupanar.
858 973 890 1058 *)
934 976 976 1037 ld
1006 975 1062 1036 hoo
1090 974 1193 1037 dicunt
1218 972 1366 1053 qnidam

79 1077 184 1139 debere
200 1077 261 1139 diei
276 1077 344 1140 ‘hoc
359 1077 508 1158 specular’
525 1099 542 1140 a
557 1097 658 1159 specu,
682 1079 750 1140 alii
771 1099 788 1140 a
811 1076 959 1159 ‘speculor
982 1079 1065 1148 aris',
1088 1075 1155 1139 alii
1177 1075 1246 1138 ‘hoc
1261 1093 1367 1157 specu·

80 1178 135 1241 lare
156 1181 250 1242 huius
271 1182 341 1242 aris'
366 1189 395 1242 et
417 1189 487 1242 tunc
509 1179 590 1243 nulla
612 1183 670 1243 crit
691 1181 828 1243 obiectio.

141 1401 170 1456 *t
188 1400 233 1454 cr.
251 1401 330 1454 ense.
349 1402 359 1450 1
378 1417 405 1469 p.
423 1403 480 1464 127,
499 1403 566 1455 s-a
585 1403 616 1454 u.

9 2173 10 2240 ³
112 2239 187 2321 nn
224 2235 585 2338 maximiano,
619 2235 924 2334 cinnamo,
966 2233 1324 2334 ulunonumo,

78 2372 421 2470 avavsmuo,
463 2373 615 2458 Acus
658 2371 1013 2458 Avunomnvs
1049 2372 1113 2456 m
1148 2370 1366 2456 oomnis

147 2509 465 2594 nsnnnums
487 2517 550 2594 nas
572 2510 723 2594 Auos
744 2510 928 2595 nunna
950 2507 1281 2592 nannenus.

9 2433 12 2540 l

153 2942 265 3000 Primo
291 2940 405 3000 codicis
432 2939 594 3000 Bernensis
624 2945 679 2998 123
700 2955 768 3013 ors,
798 2939 922 3014 quaes.
948 2946 985 2998 1⁶
1004 2973 1046 2984 —-
1066 2937 1119 2998 31δ
1140 2941 1282 3009 habetur,
1308 2957 1367 3016 qna

9 3109 10 3134 χ
79 3039 136 3102 inre
158 3044 320 3103 Clementis
341 3039 428 3102 Secti
448 3033 687 3102 nomen‘laaieat
714 3039 747 3102 in
768 3044 870 3117 capite
890 3045 1050 3118 scriptum,
1080 3043 1229 3102 Henricns
1251 3043 1367 3102 Kailios

79 3146 356 3220 inproyrommaie
378 3145 564 3218 Ertcnaensi
588 3147 663 3202 1868
683 3144 722 3203 de
743 3145 863 3216 infimae
890 3147 999 3205 aetatis
1024 3145 1231 3220 qrammaiicis
1251 3142 1368 3220 scripto

9 3307 11 3338 Ι
79 3248 191 3308 menae
212 3245 365 3308 indicauit
384 3263 415 3322 p.
441 3251 476 3303 11
495 3262 556 3320 seq.

154 3349 225 3421 Qua
257 3365 297 3408 ea
325 3354 393 3408 arte
421 3353 584 3422 postquam
611 3347 747 3424 Pompeii
772 3347 867 3407 Praei
893 3347 1062 3409 Geminiani
1088 3347 1206 3410 Isidori
1241 3349 1365 3422 Verailii

78 3451 172 3527 Serqii
192 3457 343 3526 excerpta
364 3451 486 3526 seorsim
506 3451 712 3525 pertractavi,
742 3455 850 3522 restat,
881 3458 913 3510 nt
939 3451 978 3510 eie
1004 3453 1041 3512 iis
1063 3452 1237 3512 auctoribus
1259 3466 1360 3526 aqam,

9 3573 10 3616 ι
78 3556 122 3626 eni
135 3559 270 3630 premar
291 3550 493 3619 Paimionum
516 3552 602 3611 anim
622 3553 759 3612 sexcenti
773 3559 992 3628 proponuntur
1011 3554 1081 3627 loci,
1106 3559 1197 3628 atque
1216 3553 1366 3614 Donatum

9 3739 10 3744 γ
78 3656 194 3732 insuper
225 3656 403 3714 nominatim
431 3654 617 3714 innuantur:
649 3653 839 3714 Prisciannm
874 3671 948 3715 nero
975 3661 1065 3730 atque
1093 3645 1242 3716 Donatum
1270 3657 1366 3715 sciens

9 3787 10 3808 l
78 3759 198 3831 centeni,
224 3773 292 3818 cnm
313 3757 359 3816 iia
379 3773 483 3817 eornm
504 3752 577 3814 libri
598 3756 801 3830 manuscripti
819 3759 983 3833 conparati
1001 3759 1075 3831 sint,
1104 3763 1135 3818 nt
1157 3756 1243 3817 leand
1262 3758 1366 3817 uidea-

79 3869 120 3918 mr
139 3859 268 3920 aliamue
295 3861 338 3918 eis
365 3859 513 3918 auxilinm
539 3873 603 3917 esse
625 3858 797 3932 petendum.
845 3857 1030 3934 mamaeam
1052 3861 1110 3920 iaec
1131 3861 1251 3920 minime
1273 3875 1366 3934 neqn-

78 3961 173 4035 eerim,
199 3977 261 4021 non
281 3975 411 4037 proram
432 3961 553 4020 inanem
579 3966 789 4036 moaeptnrnm
816 3961 950 4020 laborem
971 3978 1053 4036 enm,
1082 3959 1136 4038 qui
1162 3962 1268 4022 nonam
1294 3978 1366 4036 qna-

80 4079 127 4134 eue
150 4069 303 4138 acerem
319 4067 540 4139 perscrutetur,
569 4064 680 4137 qnippe
706 4077 774 4122 anm
796 4063 928 4136 nouisse,
964 4079 1025 4138 qna
1050 4061 1235 4140 potissimam
1259 4062 1366 4136 sermo

80 4161 118 4222 iu·
139 4165 214 4225 irini
241 4164 334 4224 nmdii
359 4165 431 4223 aerei
456 4161 647 4239 artiorapha's
680 4169 803 4239 praesto
832 4163 967 4240 samaim,
1005 4167 1084 4226 scitu
1117 4181 1176 4225 non
1208 4147 1365 4240 inmanem

81 4266 218 4328 orbarer.

151 4369 266 4446 Itaque
289 4366 551 4430 Maximianus
572 4370 616 4429 iis
637 4369 787 4430 landatur
803 4367 834 4440 s.
860 4375 938 4430 1·et
955 4368 985 4441 s.
1008 4375 1061 4429 8⁸:

153 4487 172 4547 i.
198 4487 238 4547 1Β
264 4485 328 4548 llos
349 4485 519 4558 scientium,
548 4485 626 4566 quod
655 4488 710 4549 ista
738 4505 753 4548 s
782 4486 877 4547 littera
907 4485 1015 4566 liquida
1045 4488 1100 4549 luit
1128 4487 1204 4565 apud
1228 4489 1365 4566 antiquos

9 4599 10 4608 ’
81 4597 179 4661 naeus,
203 4589 281 4670 apud
297 4589 480 4668 posteriores
495 4607 569 4649 uero
584 4587 621 4650 de
637 4597 733 4650 metro
754 4587 930 4659 excluditur,
954 4597 987 4650 ut
1009 4587 1256 4650 Maximianus
1280 4590 1364 4651 dicit:

64 4686 146 4757 ΞΟιιία
167 4689 293 4752 licenter
316 4689 429 4770 antiqui
452 4690 567 4771 etipsa
591 4693 674 4768 quasi
696 4709 751 4771 pro
774 4688 898 4768 liquenti
922 4689 1082 4752 utebantur
1098 4692 1245 4752 inerudita
1269 4692 1366 4754 adhuc

9 4827 10 4830 ,
86 4823 299 4836 --.—...-.

140 4911 263 4960 trilatera
332 4909 550 4977 emaximinnm]
570 4912 605 4974 es.
619 4909 748 4964 Munianus
762 4913 908 4964 Weiora'nua
920 4913 1063 4978 niuea?
1130 4873 1215 4966 ilicet
1250 4912 1365 4966 licentius

86 4974 222 5030 Victorino
240 4979 355 5030 Panem
