3354 5580
244 343 478 396 conlaudavit
496 342 743 396 EINSIDLENSE
761 345 799 396 IN
817 343 901 400 DON.
920 343 1046 396 ARTBM
1064 343 1246 396 matonam.
1326 343 1389 408 203

93 532 173 594 aliud
196 548 361 612 pronomen
386 530 476 593 habet
497 532 682 600 uocatiuum,
704 531 762 592 nisi
785 529 915 592 secunda
937 549 1061 610 persona
1076 577 1169 596 .....
1187 531 1265 613 quod
1289 541 1335 594 est
1357 539 1390 594 tu

94 645 125 696 et
147 637 242 714 prima
265 651 392 714 persona
415 633 592 713 possessiui‚
616 631 693 710 quod
710 641 755 695 est
769 651 853 694 mens
868 631 915 694 uel
931 641 1041 696 noster.
1072 631 1156 709 lile,
1181 634 1259 712 quod
1276 633 1389 696 Graeco
1403 650 1515 703 aaaron

92 736 205 799 dicitur
226 723 342 808 αὐτός,
363 781 455 799 .....
479 735 570 796 habet
590 735 621 796 in
643 753 676 798 se
697 734 944 814 significationes,
972 742 1005 797 ut
1031 733 1079 796 ille
1101 743 1132 797 et
1152 734 1211 796 ille.
1256 735 1390 815 Iungitur

93 841 184 902 etiam
206 839 319 920 primae
340 854 501 917 personae,
523 844 569 898 ut:

66 961 78 999 s
222 937 290 1002 llle
314 958 395 1019 ego,
419 941 481 1020 qui
504 938 685 1018 quondam
708 939 844 1019 gracili
866 937 1080 1000 modulatus
1103 957 1230 1001 auena.

173 1039 290 1124 llll3fl
314 1040 448 1120 iungitur
471 1047 501 1104 et
522 1041 686 1112 secundae.
711 1049 759 1104 nt:

500 1142 600 1206 Tune
623 1141 691 1204 ille
714 1161 751 1205 es
772 1142 934 1205 deneas?

94 1247 182 1324 ‘Ego’
197 1245 346 1324 quondam
362 1263 417 1325 per
438 1264 471 1308 se
493 1243 644 1324 singulare
660 1253 724 1306 erat
738 1246 802 1306 sine
817 1243 1001 1324 pluralitate:
1025 1245 1161 1306 similiter
1181 1247 1259 1307 ‘nos’
1275 1245 1390 1326 plurale

95 1357 159 1408 erat
180 1348 245 1408 sioc
267 1345 481 1425 singularitate.
525 1347 666 1409 'inactum
695 1353 740 1407 est
766 1355 903 1408 autema
928 1346 1133 1409 maiestatihus
1160 1346 1210 1409 uel
1238 1350 1389 1428 potestati·

61 1459 82 1498 ¹0
96 1451 167 1520 hus,
191 1449 300 1527 quibus
322 1447 472 1510 familiaris
494 1467 559 1510 mos
581 1457 626 1510 est
647 1465 765 1528 semper
788 1451 818 1508 in
841 1448 947 1510 edictis
969 1449 1030 1509 suis
1052 1446 1206 1527 pluraliter
1221 1448 1318 1530 loqui,
1343 1460 1390 1512 ut:

96 1553 245 1613 ‘decreuit
266 1559 365 1612 nostra
390 1551 548 1612 maiestas!
592 1549 756 1612 Plurimum
779 1557 893 1622 mouet,
924 1567 977 1611 cur
999 1551 1094 1630 prima
1118 1558 1148 1611 et
1169 1549 1299 1614 secunda
1322 1570 1390 1631 per·

95 1672 167 1726 sona
189 1651 321 1731 singrdas
344 1671 435 1714 uoces
456 1650 582 1721 habent,
606 1652 692 1713 tertia
715 1670 788 1713 uero
811 1671 873 1713 ser.
911 1651 952 1712 ld
970 1651 1027 1712 lroc
1048 1651 1301 1730 respondendum,
1317 1672 1389 1734 quo·

97 1757 172 1816 niam
196 1755 292 1833 prima
315 1761 346 1815 et
366 1753 496 1816 mcunda
518 1754 617 1815 linitae
644 1761 715 1816 suut
737 1760 767 1814 et
789 1763 891 1814 mutuo
919 1771 1040 1834 semper
1067 1753 1305 1832 praesentialiter
1327 1773 1390 1817 ser·

97 1857 296 1924 mocinantnr,
321 1856 407 1916 tertia
423 1873 497 1916 uero
513 1854 670 1934 aliquando
685 1872 844 1934 praesens,
868 1854 1026 1932 aliquando
1042 1855 1164 1927 absens,
1181 1854 1269 1917 modo
1285 1875 1389 1936 prope,
1504 1863 1511 1876 '

65 1958 184 2020 1⁵ruodo
206 1957 310 2036 longe,
339 1954 428 2018 modo
449 1957 698 2027 demonstratiuae,
727 1955 816 2018 modo
838 1955 961 2018 relatiua
983 1964 1107 2038 propter
1130 1959 1229 2020 uarias
1251 1956 1391 2020 dilleren-

97 2061 149 2121 tias
171 2077 224 2121 sex
246 2057 335 2119 habet
359 2076 457 2120 noces.
502 2057 573 2120 ‘lile
596 2059 689 2120 irater
711 2057 808 2137 iegit’,
833 2057 900 2120 ‘illa
923 2057 1049 2137 puella’,
1079 2057 1164 2120 ‘illud
1189 2059 1389 2140 mancipium’.

96 2161 147 2222 llic
169 2163 227 2222 iam
250 2160 460 2222 discernuntur
481 2178 602 2238 genera.

179 2263 294 2324 ‘Minus
316 2279 405 2342 quam
427 2263 526 2322 linita’
548 2263 703 2333 dicuntur,
732 2263 751 2322 i.
776 2280 835 2322 uon
859 2280 894 2323 cr
923 2269 985 2323 toto
1014 2281 1111 2342 neque
1138 2264 1272 2342 perfecte
1298 2263 1388 2324 linita.
1401 2277 1428 2320 er.
1438 2279 1544 2332 pesnas

100 2363 223 2434 Quando
237 2364 324 2424 enim
348 2361 386 2424 dc
408 2363 525 2442 cognito
548 2363 595 2424 uel
619 2363 656 2424 de
678 2365 827 2444 praesenti
850 2363 998 2434 dicuntur,
1021 2365 1104 2426 linita
1119 2371 1294 2454 sonticum
1317 2383 1391 2426 uero

66 2466 133 2527 ¹tide
155 2466 305 2544 incognito
328 2463 376 2526 uel
398 2465 435 2526 do
457 2464 588 2534 absenti,
612 2465 724 2526 introita
748 2474 826 2526 sunt.

180 2565 543 2628 ‘articularia-dicuutur
565 2567 638 2629 liaeo
661 2569 855 2647 pronomina,
884 2566 1020 2647 eoquod
1044 2586 1099 2647 pro
1121 2567 1254 2630 articulis
1276 2581 1544 2648 ponec-etrum

100 2678 154 2729 tur.
200 2670 306 2730 Graeci
332 2677 431 2730 autem
461 2676 575 2748 partem
604 2668 797 2731 articulorum
821 2667 946 2744 habent,
976 2685 1064 2750 quarn
1086 2687 1142 2730 nos
1165 2688 1225 2732 non
1248 2669 1394 2732 habemus

100 2779 127 2830 ct
147 2772 177 2831 in
208 2769 310 2832 ultimo
339 2789 403 2831 eam
433 2779 560 2850 ponunt.
590 2769 641 2830 ubi
671 2789 724 2832 nos
751 2771 988 2832 interiectionem
1019 2773 1165 2850 ponimus.
1210 2773 1289 2852 Ergo
1318 2771 1392 2833 haec

102 2874 289 2950 pronomina,
318 2873 338 2932 i.
362 2869 410 2932 hio
432 2871 505 2932 haec
528 2871 600 2941 hoc,
629 2872 795 2934 articularia
824 2882 984 2942 uocantur,
1013 2875 1082 2952 quia
1104 2891 1159 2952 pro
1181 2874 1315 2935 articulis
1337 2892 1390 2952 po·

70 2981 218 3035 25cuntur.
263 2973 537 3052 ‘Praepositiunm'
559 2973 667 3035 dicitur
690 2994 725 3034 eo
748 2974 826 3054 quod
849 2977 978 3055 primum
1001 2982 1142 3054 ponetur:
1171 2974 1391 3036 ‘demonstrati-

103 3080 191 3145 uum’,
216 3077 284 3154 quia
306 3077 336 3136 in
360 3074 613 3136 demonstratione
635 3088 771 3156 ponatur,
795 3088 826 3137 ut
849 3075 909 3137 ‘iric
924 3078 1017 3137 iecit’.
1056 3075 1216 3138 Sciendum
1240 3085 1294 3146 cst,
1312 3077 1391 3155 quod

104 3179 170 3238 ‘hic'
195 3195 358 3258 pronomen
381 3195 499 3256 semper
522 3175 684 3256 corripitur
707 3187 736 3240 et
758 3177 832 3240 ‘hic’
855 3176 1029 3240 aduerhium
1052 3178 1244 3258 producitur,
1268 3186 1300 3239 ut
1314 3180 1391 3240 Vir·

103 3280 226 3355 gilius:
504 3279 572 3341 Hic
594 3280 666 3348 uir,
690 3279 750 3340 hic
773 3279 930 3342 esttibi.

103 3395 172 3474 llic,
189 3400 236 3459 uir
251 3383 339 3476 legin
362 3396 481 3474 huius,
500 3399 559 3459 uiri
574 3396 715 3476 legentis;
739 3399 839 3473 haec,
857 3397 965 3460 mulier
980 3409 1092 3469 cantat;
1116 3400 1193 3469 hoo,
1210 3401 1389 3480 mancipium
1404 3413 1516 3466 nubam

74 3495 181 3562 alodia.

182 3601 207 3662 ls
230 3601 490 3664 ‘subiunctiuum'
513 3601 636 3672 dicitur,
659 3603 728 3681 quia
752 3619 870 3680 semper
893 3602 1091 3682 srrbiungitur.
1138 3603 1291 3664 Praecedit
1313 3605 1392 3665 enim
1408 3616 1546 3670 dudd·³

107 3719 215 3772 noman,
232 3702 424 3784 subsequitur
439 3721 615 3784 pronomen,
639 3709 686 3764 ul:
710 3706 835 3765 ‘deneas
850 3704 928 3766 lilius
943 3706 1081 3776 venerim
1105 3707 1130 3765 is
1146 3706 1220 3768 uicit
1235 3704 1392 3766 Turnnm!

108 3799 207 3866 [licitur
231 3813 262 3864 et
283 3805 457 3874 relatiuam,
487 3824 523 3866 eo
552 3805 630 3882 quod
658 3805 842 3885 praecedens
871 3825 979 3866 nomen
1002 3806 1050 3868 uei
1073 3807 1300 3886 praecedentem
1324 3827 1393 3887 per-

106 3921 197 3966 sonam
220 3916 343 3968 renocat
364 3907 401 3967 ad
430 3909 619 3978 memoriam,
649 3915 696 3968 ut:
734 3907 892 3970 ‘Dominus
920 3909 1002 3970 lesus
1030 3907 1180 3976 Christus:
1209 3909 1236 3969 is
1259 3917 1318 3984 est,
1342 3910 1394 3989 qul

78 4007 174 4066 ³⁵uicit
198 4007 364 4078 diabolum,
387 4005 398 4090 ΙΙ
422 4005 483 4070 114
504 4007 515 4092 ΙΙ
537 4010 600 4070 eins
626 4011 721 4086 gratia
750 4008 855 4071 saluati
882 4028 1000 4089 sumus,
1031 4010 1057 4070 ei
1085 4008 1201 4070 laudem
1231 4010 1335 4072 demus
1364 4020 1394 4073 et

108 4105 257 4181 honorem,
288 4129 356 4172 eum
386 4110 554 4180 laudamus,
584 4110 621 4171 ab
645 4130 680 4170 eo
711 4111 856 4192 redempti
885 4113 1011 4174 sumus?
1054 4113 1174 4173 ‘Sancti
1202 4111 1343 4192 apostoli,
1372 4113 1394 4173 ii

109 4219 183 4280 sunt,
203 4213 254 4292 qui
277 4211 364 4273 nobis
387 4211 553 4274 doctrinam
577 4213 737 4278 dederunt.
767 4231 870 4275 corum
893 4214 979 4276 dictis
1001 4213 1109 4276 eruditi
1131 4231 1248 4300 sumus,
1273 4215 1315 4274 eis
1337 4214 1390 4274 lro·

110 4325 201 4376 uorem
229 4315 348 4382 demus,
379 4333 430 4374 eos
458 4312 625 4385 laudamus,
654 4313 692 4375 ab
721 4316 764 4376 eis
792 4315 888 4377 edocti
912 4320 1038 4378 sumus!
1082 4317 1205 4378 ‘Sancta
1227 4315 1333 4386 Maria,
1358 4335 1391 4378 ea

170 4603 182 4650 l
201 4600 324 4666 persona]
345 4604 386 4653 An
402 4605 525 4668 scriptam
539 4604 604 4667 snit:
623 4617 734 4669 persono
748 4603 911 4669 personalis?
980 4607 996 4654 2
1009 4603 1061 4662 lile,
1074 4603 1263 4669 praedamnauit,
1276 4605 1395 4668 suppleni

170 4683 240 4734 grece
309 4668 430 4737 3habet]
451 4673 505 4721 Au:
524 4670 726 4722 multaslmbeti
808 4669 1219 4738 attteego]Verp.Aen.11
1289 4671 1393 4722 'i'l'nne

25 4797 26 4810 χ
112 4732 252 4853 gleplserp.
273 4741 340 4792 Aeo.
361 4740 444 4790 1617
512 4755 590 4788 aenea
676 4740 796 4804 ‘tuguri
882 4741 914 4791 27
935 4736 1071 4806 Virgilius]
1094 4741 1157 4790 Aen.
1182 4739 1223 4789 VI
1242 4743 1291 4791 792
1360 4741 1393 4792 37

25 4854 26 4869 p
126 4816 198 4858 ocrm
