3316 5566
280 355 341 421 136
800 353 867 408 aas
887 355 1061 408 auoarnr

277 547 361 608 Sicut
383 551 443 606 est:
474 561 541 622 ego
565 547 660 624 ipse,
686 541 886 622 Virgilius,
916 547 977 621 qui
1002 543 1183 621 quondam
1206 543 1341 622 gracili
1365 541 1572 604 modulatus

276 666 405 709 eneae.
451 645 525 708 lteru
548 649 647 708 minus
670 662 759 724 quom
782 645 913 716 dnitum,
937 645 1056 726 quando
1079 643 1396 708 dealtsentedicitur:
1421 645 1573 724 ‘Virgilius
1649 675 1650 722 p

276 753 399 830 scripsit
421 745 575 818 Bucolica,
599 751 663 826 ipse
685 747 807 827 scripsit
828 749 996 827 Georgica’.
1028 749 1092 810 ntia
1116 751 1292 828 pronomina
1315 749 1414 826 gentis
1436 753 1519 814 sunt,
1542 757 1571 806 ut
1649 765 1650 836 ι

277 855 359 915 cuias
381 859 498 914 nostras
521 859 551 912 et
572 851 684 914 calates
708 857 868 919 nostrates,
900 849 937 910 de
964 849 1074 930 quibus
1097 851 1320 912 Priscianus
1341 849 1429 910 dicit:
1467 865 1573 930 prono·
1649 837 1650 846 ’

278 958 358 1017 ntiae
387 961 457 1016 suut
484 953 653 1014 eommunia
683 954 774 1014 trium
803 969 947 1031 generum
971 961 1000 1014 et
1023 955 1129 1014 tertiae
1157 951 1383 1020 declinationis,
1412 959 1447 1012 ut
1475 949 1522 1012 hic
1548 959 1595 1012 ets

218 1065 222 1074 '
278 1057 352 1118 hoec
382 1063 411 1116 et
443 1054 500 1116 hoc
533 1061 650 1116 nostras
679 1057 822 1116 nostratis
845 1061 874 1115 et
903 1053 952 1115 ltic
979 1060 1010 1114 et
1037 1054 1110 1115 lutee
1139 1063 1167 1115 et
1198 1052 1254 1114 ltoc
1283 1061 1398 1114 uestras
1428 1055 1573 1114 nostratis.

279 1159 400 1220 Nostrae
423 1174 496 1235 ergo
519 1166 548 1217 et
570 1165 687 1218 uestras
710 1159 879 1217 eommunia
903 1165 971 1218 sunt
994 1157 1084 1218 trium
1107 1171 1262 1234 generum.
1308 1153 1379 1215 ltent
1403 1157 1488 1217 cuias
1508 1173 1573 1235 pro·

216 1305 221 1312 -
279 1277 387 1322 nomen
410 1259 662 1340 praepositiuum,
686 1261 764 1319 sieut
788 1256 974 1338 Virgilius
997 1258 1135 1328 ostendit,
1154 1267 1199 1318 ut:
1224 1260 1320 1319 ‘cuias
1335 1265 1380 1318 est
1394 1259 1452 1318 iste
1469 1255 1574 1322 ltomo’:

278 1362 530 1424 subiunctttiuum
561 1371 658 1422 eutem
688 1377 854 1440 pronomen
884 1367 928 1420 est
956 1368 1072 1420 nostras
1101 1367 1131 1420 et
1158 1369 1282 1422 uestras.
1327 1359 1462 1422 Dicimus
1485 1361 1574 1419 enim:

280 1469 412 1526 ‘nostras
435 1471 479 1524 est
501 1465 557 1524 iste
581 1462 693 1523 homo’.
738 1459 827 1522 Verbi
850 1461 959 1540 gratia,
982 1464 1007 1521 si
1030 1479 1079 1521 me
1102 1464 1270 1540 interrogas
1291 1461 1328 1522 de
1343 1461 1464 1524 Latino:
1488 1463 1576 1521 ‘cuias
1590 1473 1608 1510 n

278 1568 346 1633 est',
363 1574 413 1626 aut
427 1564 465 1626 de
480 1565 590 1634 llauro,
607 1563 675 1626 dieo
691 1563 760 1626 tibi:
784 1563 914 1625 ‘nostros
929 1571 975 1624 est
990 1566 1046 1625 iste
1061 1562 1204 1633 Latinns',
1224 1565 1354 1625 ‘uestras
1369 1571 1413 1624 est
1427 1565 1488 1624 iste
1501 1563 1576 1624 lieu·
1651 1561 1652 1596 l

279 1669 353 1730 rus’.
398 1666 470 1728 ltetu
495 1665 703 1746 Peperinus
725 1665 797 1726 dicit
819 1665 856 1726 de
871 1664 918 1726 his
933 1665 1175 1745 pronominibus:
1206 1669 1358 1728 ‘cuiatis
1381 1677 1471 1730 sunt
1494 1665 1577 1726 ltaec

279 1768 496 1849 ntancipiai’
520 1767 808 1847 respondemus:
833 1769 1037 1864 ‘nostratia
1060 1771 1175 1829 sunt’.
1199 1767 1271 1828 ltem
1285 1765 1579 1848 Virgiliusdelris

281 1869 508 1954 pronominibus
524 1869 616 1934 dixit:
646 1879 732 1930 strnt
759 1871 978 1950 pronomina
1007 1868 1205 1930 secundum
1236 1878 1434 1950 utrumque
1459 1887 1578 1931 nume·
1652 1866 1653 1940 ]

281 1991 367 2041 ruat,
384 1991 478 2054 quae
501 1991 566 2052 per
589 1979 766 2052 quattuor
789 1987 897 2033 casus
919 1970 1171 2039 declinentur,
1195 1980 1233 2032 ut
1255 1973 1360 2032 cuias
1382 1973 1526 2033 cuiatis
1548 1979 1611 2030 et1⁵
1652 1971 1653 2010 ³

282 2077 515 2136 nontinotiuo
545 2074 687 2154 plurali
721 2075 865 2134 cuiates
892 2083 927 2134 et
954 2075 1094 2134 euteria
1122 2082 1157 2134 et
1185 2075 1405 2135 accusation
1441 2069 1580 2154 plural]

281 2180 442 2246 euictos:
466 2176 645 2238 sicetiem
663 2177 1485 2238 nostrasnostratisetnostratesnostrates.
1509 2173 1580 2234 lliac

283 2277 627 2358 legiturt'nVirgilio:
652 2280 939 2340 nostrasomnis
962 2277 1118 2347 lamilia,
1142 2285 1333 2339 nostrates
1354 2293 1501 2357 quoque
1524 2293 1581 2355 pe·

283 2399 369 2442 cora
393 2379 555 2442 suadent
583 2379 808 2442 inminentia
838 2377 1033 2442 hostilium
1064 2379 1242 2459 pericula.
1287 2379 1474 2440 Garrinus
1496 2395 1581 2458 quo·

285 2500 355 2559 que
378 2484 645 2559 grammaticus
674 2483 813 2561 inquit:
838 2489 1027 2542 nostrates
1055 2480 1220 2542 salutate
1249 2482 1405 2550 iratres,
1437 2483 1528 2560 quia
1549 2487 1614 2538 eta

286 2591 479 2645 nostrates
502 2599 566 2644 uos
589 2581 766 2644 salutant.
810 2582 1012 2644 Terentius
1043 2599 1190 2664 quoque
1219 2581 1334 2644 ‹lixitt
1363 2585 1469 2644 cuias
1496 2599 1583 2660 gens

286 2693 324 2746 et
346 2687 496 2746 ettiates
518 2683 647 2765 populi
669 2681 680 2767 ]]
704 2685 724 2746 l.
743 2681 824 2745 11422
849 2681 860 2766 ]]
882 2683 1029 2746 litteris
1052 2695 1124 2746 iarn
1147 2694 1318 2772 prompte
1341 2683 1460 2745 dediti
1483 2691 1582 2752 sunt,

285 2805 390 2868 quant
414 2785 543 2857 Tusci,
573 2805 727 2867 quorum
756 2793 887 2849 natura
918 2786 1042 2848 lertttr
1065 2785 1109 2848 ult
1138 2787 1300 2848 infantia
1324 2785 1502 2866 usquead
1529 2803 1583 2844 ca·
1654 2827 1655 2870 ι

286 2892 418 2951 nitiatn
447 2891 660 2970 sapientiae
693 2888 765 2950 soll
798 2889 953 2950 studere
981 2899 1017 2950 et
1047 2888 1143 2949 nihil
1177 2887 1278 2950 allud
1312 2906 1448 2958 amare,
1480 2905 1583 2966 quant

286 3010 434 3072 semper
467 2990 752 3072 pnitosopnarti
796 2991 834 3052 Et
865 2994 974 3052 iterum
998 2989 1185 3069 Virgilius
1217 2989 1255 3050 de
1282 2989 1328 3051 his
1357 2987 1616 3070 pronominibus

286 3096 426 3156 tractauit
440 3095 557 3156 dicens:
582 3100 662 3155 ‘sunt
684 3093 858 3173 pronomina
881 3095 995 3172 ignota,
1019 3111 1094 3173 qaae
1117 3089 1281 3154 multifarie
1302 3091 1480 3153 delectatior
1501 3097 1582 3155 sant:

359 3402 371 3448 1
391 3413 439 3463 ego
458 3397 526 3464 ipse]
547 3400 692 3449 Faeranine
710 3400 796 3464 ipitur,
814 3399 858 3466 pai
875 3400 998 3450 notissimi
1014 3414 1103 3450 uerear
1119 3401 1272 3466 principium
1289 3401 1362 3464 ‘ipse
1380 3402 1443 3466 epo’
1462 3413 1519 3449 erre
1536 3397 1585 3446 uel·

289 3469 359 3518 ient?
410 3467 519 3516 condam
571 3467 717 3516 modulatae
786 3467 934 3518 3lrorolirtt
1002 3465 1194 3533 tri-tenaces]
1213 3468 1416 3532 calamna
1486 3469 1585 3518 boont-

290 3551 366 3584 rnuna
418 3535 636 3601 8propositiuunt
683 3531 818 3600 Virgilius]
840 3535 896 3586 Noa
915 3543 988 3585 extat
1006 3539 1028 3584 is
1045 3539 1114 3586 locus
1132 3539 1203 3600 apud
1214 3536 1318 3586 Meriana.
1373 3537 1404 3585 tt
1417 3530 1583 3601 pauperinus]

289 3606 324 3667 cf.
346 3604 377 3652 Α.
397 3603 466 3654 Maii
481 3610 548 3657 anet.
566 3605 641 3654 class.
665 3604 724 3654 Vei.
744 3611 802 3654 tora.
825 3603 887 3667 Vp.
902 3607 935 3652 27
948 3611 998 3654 aot.
1013 3606 1030 3653 3
1048 3620 1083 3655 eae
1103 3603 1245 3668 Goinsredo
1263 3611 1427 3669 excerptum:
1446 3603 1585 3669 Paperitius

289 3673 337 3720 ait:
356 3673 447 3721 calatin
466 3683 526 3722 sunt
543 3671 593 3722 ista
612 3671 757 3736 mancipia?
777 3671 963 3736 respondemus
982 3673 1114 3722 nostratia.
1139 3671 1190 3722 Sed
1209 3671 1333 3738 Virgilius·
1351 3672 1500 3734 dicitquod
1518 3671 1586 3718 cuias

289 3751 313 3788 et
333 3748 434 3788 nostras
453 3749 560 3805 excepto
579 3740 736 3790 nominatius
755 3739 887 3801 utriusque
905 3740 1003 3788 numeri
1021 3739 1132 3802 reliquos
1153 3755 1203 3789 non
1216 3739 1310 3789 liabent
1327 3754 1412 3800 rusus,
1433 3751 1460 3788 at
1476 3739 1547 3788 cuias
1566 3747 1587 3784 et

291 3819 392 3856 nostros
411 3817 436 3855 et
454 3807 583 3872 pluraliter
600 3808 696 3858 cuiates
715 3817 852 3860 nostrates.
957 3810 988 3858 13
1006 3808 1143 3873 respondit
1165 3823 1212 3857 nos
1232 3808 1380 3872 nostrumne
1449 3801 1585 3872 Virgilius]

290 3877 325 3938 rs.
346 3875 450 3924 Α.Μαί
464 3877 544 3939 p.27.
557 3878 603 3925 28:
623 3875 671 3926 Est
688 3877 764 3924 etiam
783 3889 923 3940 pronomen
942 3877 1083 3925 sectandum
1102 3889 1237 3939 utrumque
1256 3890 1388 3926 numerum
1406 3891 1452 3942 pet·
1470 3885 1587 3938 quattuor

290 3957 366 3992 casus
385 3941 576 4000 declinandum,
596 3944 661 3994 duos
680 3941 776 3992 scilieet
794 3944 967 3993 nomiuetlnos
986 3943 1144 4007 singularem
1162 3955 1187 3994 et
1205 3943 1341 4010 pluralem,
1364 3943 1430 3993 duos
1448 3959 1529 4005 aeque
1548 3955 1587 3990 ae·

290 4012 434 4070 cusatiuos,
454 4023 481 4060 ut
499 4020 601 4060 trustras
620 4023 757 4073 nostrates,
775 4012 846 4060 cuias
865 4013 970 4063 caiana.
1041 4015 1073 4062 rt
1091 4019 1222 4075 Vtrumque
1281 4015 1312 4063 to
1330 4027 1420 4061 cassus
1471 4012 1542 4060 cuias
1561 4023 1587 4056 as

291 4081 382 4129 cadatis
418 4079 603 4128 nominatiuum
658 4081 688 4130 to
706 4079 803 4130 cinates
856 4081 887 4131 17
906 4091 1019 4130 nostram
1038 4080 1159 4130 nostratis
1213 4075 1589 4145 18lnont.Virgilio]uir-glo.

290 4149 326 4210 rs.
345 4147 402 4198 alleri
418 4164 446 4212 p.
466 4149 500 4197 28
586 4150 617 4198 19
637 4143 761 4212 psillium]
786 4147 898 4198 ltostium
921 4149 1130 4200 caesaream
1147 4149 1241 4200 Daniel
1307 4145 1441 4212 tierriaua]
1461 4147 1588 4196 Gabritias

296 4216 419 4281 Virgilius
431 4215 498 4266 Maii
549 4217 582 4266 20
599 4216 754 4280 gramaticus
772 4217 834 4266 inuit
883 4218 916 4266 at
935 4215 1033 4279 tertias]
1052 4217 1183 4266 Terentius
1198 4216 1401 4280 VirgilinrMat'i
1451 4217 1491 4264 eol
1510 4229 1588 4280 egens

292 4286 325 4334 ta
343 4299 394 4346 qua
412 4290 525 4349 penante
594 4285 628 4335 23
646 4284 677 4333 eit
695 4283 818 4333 inlrtntiae
836 4283 911 4334 unnls
929 4285 1070 4349 sapientiae
1092 4284 1195 4334 studere
1212 4285 1261 4334 sol't
1283 4285 1406 4349 Virgilius
1423 4283 1491 4333 Mate·
1557 4283 1588 4331 tt

293 4348 418 4418 sapientie
487 4353 520 4402 to
538 4351 727 4417 philosopltale,
746 4369 815 4402 corr.
834 4350 866 4400 ali
918 4349 1056 4417 Virgilius]
1073 4354 1108 4416 es.
1128 4355 1236 4416 epitome
1254 4352 1298 4402 IX
1315 4369 1342 4416 p.
1363 4355 1415 4403 138
1433 4351 1512 4401 Mai-t
1532 4361 1589 4400 sunt

294 4422 447 4486 pronomina
475 4421 576 4485 ignota,
605 4435 671 4482 quae
694 4419 830 4469 tntdtilutt'e
854 4419 979 4469 delectiua
1001 4432 1074 4474 santa
1105 4420 1226 4470 nonnulla
1255 4421 1322 4470 eninr
1350 4419 1406 4470 solo
1434 4419 1588 4468 nominatius

293 4489 436 4552 nectuntur,
457 4489 523 4538 uude
541 4499 580 4538 est
597 4489 707 4554 uspiam.
743 4487 809 4538 Sunt
826 4503 892 4550 quae
910 4489 989 4537 tribns
1008 4489 1110 4538 casibus
1130 4489 1264 4538 llertuntur
1281 4491 1365 4540 cuium
1383 4489 1423 4538 eui
1443 4489 1516 4552 catio,
1535 4487 1588 4534 eu'ttt

292 4557 364 4606 cuine
382 4558 475 4606 culam.
512 4555 577 4606 Sunt
594 4571 660 4618 quae
678 4557 845 4606 tetracasilrns
862 4556 1033 4616 declinantur,
1061 4570 1087 4605 ut
1109 4556 1180 4606 ltelns
1204 4555 1285 4606 ltelius
1313 4557 1361 4606 ltel't
1389 4555 1498 4612 helintn3
1526 4555 1588 4604 ltelia

294 4625 375 4674 laelius
394 4624 442 4674 lteli
462 4623 557 4686 ltelant3
577 4624 660 4674 ltclum
679 4624 761 4675 ltelins
781 4625 831 4674 lteli
848 4624 942 4675 ltelam.
979 4625 1044 4673 Sunt
1061 4641 1127 4687 quae
1146 4627 1325 4690 pentaeasilats
1338 4635 1450 4686 utantur,
1466 4637 1493 4672 ut
1505 4637 1587 4674 εοειιιιι

294 4693 345 4740 ecci
363 4707 422 4741 ereo
441 4707 527 4742 eccam
546 4708 647 4756 eccum3
670 4709 728 4741 ecca
747 4709 819 4742 eccae
837 4709 921 4743 eccam
940 4709 998 4742 ecca
1016 4709 1087 4754 eeen;
1111 4693 1185 4742 elium
1209 4694 1249 4746 elli
1277 4693 1325 4742 ello
1349 4693 1423 4742 ellam
1447 4691 1504 4744 ello.
1541 4689 1588 4739 Sed

295 4759 385 4823 plurali
403 4773 497 4810 carent.
565 4762 599 4810 26
616 4758 781 4825 delectatiua]
800 4763 870 4811 Hinc
886 4763 1004 4826 corrigar
1020 4761 1154 4826 Virgilium
1168 4762 1233 4812 Maii
1248 4779 1274 4827 p.
1286 4761 1334 4811 27:
1354 4759 1420 4810 Sunt
1437 4761 1587 4827 pronomina

295 4827 389 4888 qrribns
407 4827 542 4876 declinatio
560 4827 702 4877 aneetattaa
722 4829 759 4876 nel
779 4831 959 4878 eommtttatiaa
977 4831 1108 4879 asseritur.
