3354 5580
516 374 556 427 ιιι
574 376 659 430 nou.
679 375 803 427 saecu
821 375 1002 428 maronem.
1350 375 1414 443 243

119 561 389 640 Nugigerulus,
419 563 528 625 dicitur
550 567 635 645 piger
658 573 687 626 et
707 563 822 628 inutilis
844 567 971 646 portitor
993 564 1007 649 ll
1026 562 1129 649 16511.
1174 565 1499 647 inexpugna-sm

120 663 224 736 hilis,
258 665 368 726 dicitur
399 667 450 747 qui
483 685 542 728 non
576 675 674 748 potest
707 669 881 748 expugnari.
926 667 1229 748 imperterritus,
1259 671 1309 747 qui
1340 668 1414 730 nihil

120 768 215 828 timet.
259 767 431 839 Praetor,
466 767 574 830 dicitur
606 771 688 849 quasi
716 771 863 850 praeitor,
893 771 944 850 qui
974 777 1094 851 praeest
1121 768 1202 840 urbi,
1230 772 1295 851 ipse
1318 778 1363 833 est
1385 779 1415 833 et
1427 787 1473 837 ou,
1487 790 1511 828 ιι

118 868 234 930 aedilis.
272 867 368 930 tedes
390 870 531 933 dicuutur
554 870 659 932 domus
680 869 729 932 uel
752 873 933 933 munitiones
956 873 1097 942 ciuitatis,
1122 871 1191 934 inde
1210 871 1319 934 aedilis
1342 872 1414 934 dici·

92 979 176 1042 stur,
200 972 251 1050 qui
274 979 393 1049 praeest
414 972 546 1035 aedibus.
584 971 707 1050 Eques
729 973 923 1039 Romanus.
960 974 1092 1054 Populus
1115 975 1314 1036 Romanorum
1338 974 1414 1036 diui·
1428 993 1473 1044 err,
1488 994 1512 1034 ro

116 1090 167 1132 sus
190 1079 254 1134 erat
276 1074 306 1134 in
330 1077 447 1152 equites
471 1084 501 1137 et
520 1077 552 1136 iu
573 1075 698 1157 pedites.

202 1174 246 1235 De
268 1175 395 1237 casibus.
442 1177 532 1240 Casus
560 1178 710 1239 dicituro
734 1177 883 1250 cadendo,
914 1197 950 1240 eo
978 1179 1058 1259 quod
1086 1198 1163 1240 unus
1185 1159 1318 1240 cadtt'tn
1341 1178 1414 1240 alte·

116 1293 195 1337 rum.
241 1275 299 1337 Sex
328 1285 398 1338 suut
425 1279 503 1359 apud
531 1279 667 1348 Latinos,
699 1282 765 1358 quia
794 1279 871 1360 apud
900 1281 1030 1342 Graecos
1059 1283 1191 1362 quinque
1221 1289 1300 1342 suut.
1355 1280 1413 1343 Sed

115 1377 286 1449 sciendum,
311 1379 376 1456 quia
399 1382 601 1442 nominatiuus
624 1399 683 1442 non
705 1383 827 1462 proprie
849 1381 958 1443 dicitur
980 1401 1081 1455 casus,
1105 1382 1156 1446 sed
1180 1382 1312 1444 abusiuc.
1355 1382 1414 1443 No·

83 1496 105 1534 ιο
117 1481 279 1541 minatiuus
302 1479 410 1543 dicitur
432 1501 447 1543 a
471 1482 668 1554 nominando,
697 1501 731 1544 eo
753 1483 832 1565 quod
855 1502 909 1563 per
932 1482 1014 1544 illum
1038 1487 1159 1546 uomina
1182 1485 1363 1563 requirimus
1386 1491 1415 1546 et

116 1582 236 1642 uomina
265 1585 366 1662 pueris
393 1585 588 1664 imponimus,
617 1594 647 1647 et
669 1587 738 1663 quia
761 1585 811 1645 aiii
833 1587 980 1664 originem
1008 1585 1045 1646 ab
1068 1587 1118 1648 illo
1141 1593 1272 1650 sumunt.
1316 1585 1413 1647 Gene-

115 1685 196 1744 tiuns
225 1701 240 1743 a
269 1685 439 1762 generando
470 1684 516 1746 uel
545 1687 629 1764 quasi
657 1689 778 1764 generis
806 1685 965 1756 relatiuus,
995 1689 1064 1768 quia
1092 1704 1186 1766 genus
1214 1694 1347 1768 reportat
1376 1687 1413 1749 ad

117 1787 310 1857 memoriam;
339 1787 449 1849 dicitur
478 1790 565 1850 etiam
595 1795 751 1868 paternus,
781 1791 851 1867 quia
873 1796 988 1869 patrem
1011 1788 1208 1858 demonstrat,
1238 1796 1284 1849 ut:
1314 1791 1414 1851 ‘cuius

116 1886 194 1948 ditus
222 1895 267 1950 est
294 1890 387 1950 istel’
431 1890 594 1952 ‘teneaat
639 1891 753 1952 Dicitur
782 1897 811 1951 et
843 1893 1047 1971 possessiuus,
1083 1891 1160 1968 quod
1194 1893 1412 1970 possessionem

81 1989 315 2059 udcmonstrat,
338 1993 511 2053 uta‘cuins
533 2009 627 2070 equus
650 1999 694 2054 est
716 1993 802 2054 istel'
846 1991 1009 2054 ‘Ascanii'.
1055 1992 1178 2053 Batinus
1201 2011 1216 2053 a
1240 1991 1352 2061 dando,
1377 2011 1413 2053 eo

115 2091 192 2168 quod
221 2110 277 2171 per
303 2091 388 2154 illum
418 2092 537 2165 damus;
567 2094 676 2155 dicitur
699 2102 728 2155 et
751 2093 1019 2164 commendatiuus,
1050 2095 1118 2174 quia
1147 2092 1306 2174 perillum
1330 2112 1411 2156 com·

115 2192 308 2264 mendamus,
339 2203 385 2256 ut:
423 2196 616 2257 ‘commendo
646 2195 698 2257 tibi
728 2215 826 2256 meum
855 2195 992 2258 librum’.
1036 2197 1229 2258 Accusatiuus
1258 2194 1295 2256 ab
1325 2213 1411 2256 accu-

114 2293 224 2363 sando,
249 2294 357 2357 dicitnr
386 2298 473 2358 etiam
504 2307 534 2359 et
561 2300 690 2368 actions,
715 2299 784 2376 quia
812 2298 917 2358 actiuis
940 2297 1042 2359 uerbis
1064 2298 1250 2377 adiungitur,
1274 2304 1306 2358 nt
1328 2295 1412 2376 ‘lego

113 2393 236 2458 librum'
256 2394 358 2458 ‘laudo
372 2398 483 2460 deum’.
515 2400 674 2461 Vocatiuus
689 2399 798 2460 dicitnr
813 2418 829 2460 a
847 2398 998 2476 uocaudo,
1021 2399 1168 2461 ablatinus
1184 2399 1220 2461 ab
1237 2398 1410 2460 auterendo.

79 2497 155 2558 coEx
184 2497 231 2559 bis
259 2518 312 2560 sex
341 2499 458 2562 casibus
486 2500 545 2562 duo
573 2509 643 2562 sum
669 2503 759 2569 recti,
795 2501 996 2562 nominatiuus
1025 2512 1054 2562 et
1081 2503 1253 2572 uocatiuus,
1283 2503 1352 2582 qnia
1380 2503 1411 2562 in

114 2603 199 2674 omni,
224 2600 424 2663 declinatione
451 2602 564 2664 similes
592 2612 662 2664 sunt
686 2610 811 2683 excepto
833 2604 864 2663 in
889 2603 1019 2664 secunda
1038 2602 1262 2665 declinatione:
1291 2603 1410 2684 quando

114 2704 316 2764 nominatiuus
332 2705 392 2765 exit
406 2705 436 2765 in
453 2723 501 2774 us,
518 2707 674 2767 uocatiuus
689 2707 719 2766 in
737 2723 767 2774 e,
794 2711 826 2766 ut
842 2703 910 2765 ‘hic
925 2703 1047 2765 doctns’
1063 2711 1092 2765 et
1108 2710 1138 2765 ‘o
1154 2705 1275 2772 docte':'
1292 2705 1411 2786 quando

114 2822 186 2864 uero
209 2806 239 2865 iu
263 2806 324 2873 ius,
347 2803 419 2867 iacit
440 2807 610 2868 uocatiuum
632 2809 663 2867 in
686 2809 709 2878 i,
735 2815 766 2868 ut
788 2805 849 2866 ‘hic
870 2806 1042 2868 l'erentius’
1065 2813 1095 2867 et
1117 2809 1146 2866 ‘o
1169 2806 1314 2867 Terenti’.

197 2903 365 2985 Obliqui‚
391 2909 434 2968 ·i·
459 2911 593 2969 tortuosi.
638 2910 744 2970 Gracci
774 2927 833 2969 nnn
864 2907 975 2970 habent
1003 2905 1179 2979 ahiatiuum,
1209 2907 1261 2969 sed
1290 2925 1346 2987 pro
1375 2926 1410 2968 eo
1423 2935 1469 2985 scr,
1484 2937 1508 2976 u

79 3015 238 3069 uutuotor
266 3009 414 3086 genetiuo.
459 3008 545 3071 Hunc
573 3018 688 3072 sextum
718 3029 818 3071 casum
847 3010 994 3091 quidam
1023 3009 1160 3070 latinum
1188 3016 1311 3080 uocant,
1342 3011 1409 3087 quia

114 3111 254 3190 proprius
269 3117 316 3170 est
331 3109 520 3180 Latinorum,
545 3111 719 3173 nonnulli
741 3121 857 3174 sextum
874 3129 974 3174 rasum
993 3118 1101 3172 nocant
1122 3119 1244 3190 propter
1266 3111 1410 3172 ordinem.

114 3211 373 3273 Nominatiuus
396 3212 455 3273 hic
479 3213 579 3275 Cato.
624 3214 711 3275 Modo
733 3214 821 3275 docet
843 3213 1070 3275 declinationem
1087 3229 1219 3274 casuum.
1256 3212 1409 3284 Quidam
1423 3240 1467 3290 ιη,
1483 3243 1507 3282 18

114 3322 267 3376 assumunt
300 3315 459 3392 septimum
488 3331 589 3376 casum
618 3317 682 3376 siue
711 3317 948 3395 praepositione,
983 3316 1035 3377 sed
1065 3335 1120 3377 nos
1148 3333 1206 3376 nou
1234 3317 1408 3394 recipimus,

113 3449 263 3458 -——-.-—--
271 3451 306 3457 ..-.
314 3452 338 3456 ,-

178 3537 194 3586 8
212 3549 303 3601 grecos
374 3537 405 3585 12
423 3550 515 3600 genere
533 3536 626 3586 latinns
696 3538 729 3588 18
746 3531 859 3603 actious]
878 3537 1054 3596 accusatione,
1078 3538 1147 3602 quod
1161 3537 1275 3600 sortasse
1293 3551 1321 3586 se
1338 3543 1409 3586 recte

113 3601 197 3668 dedet,
217 3606 251 3669 cs.
270 3621 297 3668 p.
318 3605 383 3664 1⁹3,
401 3605 435 3652 25
505 3607 539 3654 at
556 3606 624 3670 greci

114 3807 154 3856 utu
171 3805 318 3874 pecedebot)
346 3809 465 3858 retiarius
491 3824 548 3858 cum
575 3821 628 3858 rete
646 3819 670 3858 et
688 3810 841 3871 sequebatur
868 3819 992 3872 sequntor
1016 3823 1072 3856 cnm
1096 3807 1182 3871 gladio
1207 3817 1246 3871 ut,
1269 3809 1292 3856 si
1310 3818 1409 3873 posset,

113 3877 239 3926 retiarium
258 3875 424 3936 interficeret,
452 3887 476 3926 ct
494 3893 508 3927 e
526 3888 611 3927 contra
631 3878 761 3940 retiarius,
782 3880 803 3928 si
823 3888 925 3943 posset,
953 3876 1031 3942 pedes
1055 3875 1206 3941 gladiatoris
1224 3891 1281 3924 cum
1300 3889 1353 3926 rete
1371 3877 1410 3924 iu·

115 3945 225 3994 uniueret
242 3956 267 3994 et
284 3945 413 3995 abstracto
431 3945 463 3994 ab
482 3959 512 3995 co
531 3944 626 4009 gladio,
646 3945 690 4007 qui
709 3946 787 4012 pinna
807 3946 958 4004 uocabatur,
978 3944 1047 3993 illum
1067 3943 1227 3994 interficeret.

175 4032 192 4080 9
217 4029 308 4080 Glosra
329 4031 425 4081 codicis
446 4028 587 4080 Berncust'r
606 4031 658 4080 386
672 4029 695 4092 s.
714 4028 750 4078 5¹>
767 4047 847 4096 mcrp.
871 4031 956 4080 decet:
987 4027 1015 4077 lit
1037 4029 1211 4078 nominatiuus
1234 4040 1261 4078 et
1282 4028 1409 4078 dicituro

113 4097 266 4148 nominando
283 4099 344 4161 quia
362 4113 408 4164 per
424 4097 494 4146 ilium
514 4098 674 4147 nominamus
694 4099 779 4148 omniu
797 4109 823 4148 et
839 4098 914 4147 rebus
935 4099 1038 4146 nomina
1057 4097 1224 4163 imponimus,
1243 4107 1321 4146 utest
1333 4095 1408 4146 illud:

112 4163 247 4216 ‘loirenues
265 4166 409 4217 uocabitur’
429 4177 453 4215 et
470 4181 516 4231 per
534 4165 604 4216 iilum
624 4166 699 4216 rebus
719 4167 836 4215 omnibus
856 4180 948 4215 rrnrrreo
966 4173 1068 4230 aptatur
1086 4165 1226 4230 (aptemur,
1244 4179 1376 4228 suprascr.
1396 4162 1410 4212 i

113 4233 170 4296 tur).
241 4235 273 4285 15
292 4234 384 4285 illoesa
401 4235 496 4285 codicis
515 4233 656 4284 Beraeosis
671 4233 693 4296 s.
706 4231 741 4284 5b
754 4250 834 4300 scarp.
846 4235 904 4284 sim:
923 4233 952 4283 lit
969 4232 1071 4282 dotiuus
1090 4243 1115 4282 et
1131 4233 1223 4282 dicitur
1241 4246 1257 4280 s
1274 4233 1359 4282 dando
1378 4249 1408 4282 eo

113 4301 179 4361 quod
196 4317 244 4368 per
260 4301 330 4352 illum
349 4304 440 4352 dsmos
460 4311 487 4352 ut
510 4301 558 4352 ‘do
577 4302 623 4352 tibi
641 4301 776 4368 pallium’;
799 4302 892 4352 dicitur
909 4311 934 4350 et
951 4301 1171 4351 commendatione
1194 4301 1256 4362 quia
1273 4315 1319 4366 per
1337 4300 1408 4349 illum

113 4369 331 4429 commendamus,
352 4380 379 4419 ut
396 4371 558 4420 ‘commendo
576 4370 619 4418 tibi
639 4373 756 4432 equum's
783 4369 876 4420 dicitur
893 4369 1059 4428 salutatiuus,
1078 4369 1138 4431 quia
1159 4383 1205 4433 per
1222 4368 1292 4418 ilium
1311 4369 1407 4418 amicos

113 4436 261 4498 salutamus,
281 4447 308 4488 ut
326 4437 476 4488 ‘ueneratio
495 4437 581 4504 putri!
668 4438 700 4489 19
718 4438 809 4490 Glossa
826 4439 923 4488 codicis
940 4437 1120 4499 Beruensirs.
1140 4441 1156 4485 5
1163 4435 1174 4470 ¹³
1192 4452 1272 4502 marq.
1291 4437 1353 4500 inse
1380 4435 1409 4487 iit

114 4507 243 4557 uocatinus
261 4517 285 4556 et
304 4506 430 4556 dicituro
448 4505 564 4556 uocando
583 4520 613 4555 en
632 4507 699 4568 quod
719 4523 763 4572 per
781 4505 851 4556 illum
866 4520 998 4564 uocumns,
1017 4503 1186 4569 ut‘oVirgili
1200 4507 1282 4566 neui’;
1302 4515 1408 4554 uocatur

112 4583 135 4621 ct
151 4576 317 4637 sairrmtiuus,
341 4576 401 4637 quia
418 4589 465 4640 per
482 4574 552 4624 illurn
571 4574 725 4634 salutamus,
750 4585 777 4624 ut
795 4579 823 4625 ‘o
842 4575 928 4623 Aeueo
946 4573 1037 4636 solue'‚
1061 4573 1104 4634 qui
1124 4571 1196 4634 (quia
1213 4571 1285 4636 cod.)
1304 4587 1319 4621 u
1337 4573 1408 4636 apud

113 4641 220 4692 tirnscos
237 4643 342 4693 ultimus
361 4643 467 4709 ponitur
484 4643 544 4705 quio
562 4641 650 4692 Graeci
667 4642 778 4692 oblatiuo
796 4655 890 4692 carent.
992 4643 1025 4691 25
1044 4640 1135 4691 Glossc
1152 4642 1248 4690 codicis
1266 4639 1408 4690 Beruenses

110 4709 131 4770 s.
148 4708 182 4760 5¹·
199 4727 279 4777 rump-
297 4711 357 4775 infit
385 4709 437 4761 Hoc
454 4710 605 4761 couilrmant
627 4710 753 4772 quidam
777 4710 988 4777 grammatici,
1015 4709 1076 4773 quio
1098 4707 1224 4757 ablaturus
1247 4709 1350 4770 quondo
1369 4710 1407 4758 in-

114 4779 209 4829 uenitur
230 4781 288 4830 sios
310 4779 517 4846 praepositione,
545 4788 605 4828 tunc
622 4779 668 4827 Vll
692 4790 730 4828 est
752 4793 842 4838 casus,
868 4779 913 4828 sed
936 4776 1055 4828 iriuolum
1074 4787 1126 4836 est,
1150 4777 1210 4839 quia
1233 4786 1277 4826 aut
1299 4779 1333 4826 sit
1349 4793 1407 4828 curn

113 4849 300 4916 praepositione
317 4857 362 4898 ant
378 4848 435 4898 sinc
452 4847 647 4915 praepositione
665 4860 770 4914 semper
787 4859 827 4897 est
843 4855 942 4898 sextus.

1147 4927 1201 4984 16*
