3346 5558
480 368 555 420 CVM
575 367 780 420 EXCERPTIS
798 369 972 420 inamata.
1199 383 1368 432 ccxxxvii

248 555 330 618 Nam
354 557 523 636 inceptio
546 562 601 616 est
622 558 840 626 amentium,
863 555 953 616 haut
975 557 1183 618 amantium.

81 639 146 701 ltem
170 641 314 703 Cicero:
345 640 486 706 ‘abire
511 659 553 701 an
577 641 683 702 obire
706 648 740 702 te
762 642 978 703 conuenitl'
1006 642 1083 702 idest
1105 642 1221 704 exulem
1243 643 1306 704 lieri
1330 662 1367 704 an

81 727 170 786 mori?
192 726 280 787 item:
304 725 404 806 ‘lpse
427 727 489 806 qui
513 726 619 800 locus
641 724 972 804 religiosissimus,
997 726 1057 787 hic
1080 729 1153 788 erit
1175 726 1282 790 locus
1305 727 1367 788 de·

79 813 335 872 sertissimus'.
381 811 470 873 ltem:
494 811 553 872 ‘Et
571 810 743 872 custodia
773 829 965 873 sacrorum
989 831 1059 873 uon
1083 813 1279 883 honorum,
1303 814 1366 874 sed

59 899 199 957 seueris
222 915 333 958 causa
357 896 672 958 existimabitur'.
710 897 756 958 Fit
771 905 867 958 autem
884 915 1087 977 paronomasia
1111 907 1141 958 et
1161 917 1217 980 per
1240 896 1366 959 litteram

80 981 217 1051 demtam,
241 981 450 1043 otestillud:
474 981 568 1042 ‘Non
592 999 725 1042 nomeu
749 981 970 1060 debellata,
994 983 1056 1044 sed
1079 986 1212 1045 omen’.
1242 986 1367 1064 Autpor

1 1107 2 1116 ,
80 1065 200 1127 litteram
216 1075 435 1136 commutatam,
452 1074 497 1127 ut:
521 1067 729 1147 ‘Sapientis
752 1085 875 1128 mensa
898 1069 1127 1138 conuiuium,
1149 1067 1258 1130 stulti
1281 1087 1366 1130 con·

1 1171 2 1188 ¹
80 1155 207 1212 uitium
232 1155 315 1212 est'.

157 1289 277 1350 Schesia
299 1295 457 1351 onomaton
481 1297 526 1350 est
548 1287 706 1351 multitudo
729 1290 882 1351 nominum
904 1290 1130 1351 coniunctorum
1153 1289 1280 1370 quodam
1304 1309 1366 1352 am·
1404 1310 1410 1330 ⁰

52 1373 138 1435 ubitu
161 1373 330 1454 copulandi,
354 1383 400 1436 ut:

1 1509 2 1516 ,
79 1543 157 1604 Πρω.
242 1459 358 1521 Marsa
382 1476 527 1566 manus,
550 1459 701 1540 Peligna
725 1459 877 1530 cohors,
900 1461 1052 1522 Festina
1075 1463 1197 1522 uirum
1221 1463 1288 1527 uis.

79 1713 87 1774 ι
151 1592 158 1606 ¹
243 1629 375 1692 Nubila
398 1632 459 1692 nix
482 1629 622 1708 grando
645 1629 816 1708 procella
838 1630 995 1693 ilumiua
1019 1633 1132 1694 uenti.

51 1725 158 1943 uellem·
244 1799 365 1862 lmber
387 1810 513 1863 aestus
536 1803 594 1862 nix
617 1802 751 1882 pruina
775 1800 871 1864 silua
895 1809 931 1862 et
952 1821 1038 1863 aura
1064 1820 1131 1863 nox
1154 1801 1244 1883 dies.

89 1894 156 1945 tem:

1 2017 2 2020 ,
78 2055 113 2115 ηε
242 1970 1039 2050 Prouidalargaaollcrslaeuudadecora.
1109 1941 1114 1956 ³

115 2074 158 2116 m:

1 2139 2 2214 l
242 2142 301 2203 los
323 2159 415 2220 aqua
439 2141 508 2203 mel
532 2143 657 2205 uinum
680 2145 788 2223 panis
811 2145 918 2224 piper
940 2143 1056 2205 herba
1080 2141 1202 2205 oleum
1226 2143 1289 2206 sal.

51 2341 69 2372 s,
157 2311 396 2393 Homoeoptoton
419 2320 473 2385 est,
497 2331 565 2374 eum
588 2314 618 2374 in
641 2314 752 2376 similes
774 2333 862 2376 casus
885 2321 994 2376 exeunt
1015 2313 1108 2376 uerba
1130 2313 1257 2386 diuersa,
1281 2323 1328 2377 ut:

242 2399 447 2461 Maerentes
471 2397 607 2460 ilentes
628 2398 875 2461 lacrimantes
898 2401 1206 2462 conmiserantes.
1229 2435 1272 2446 —

242 2483 311 2544 Sed
335 2501 454 2562 neque
478 2492 688 2545 currentem
712 2503 750 2546 se
772 2504 839 2546 uec
861 2487 1056 2562 cognoscit
1078 2494 1223 2548 euntem

242 2568 528 2650 Tollentemque
551 2587 655 2630 manu
679 2587 882 2648 saxumque
904 2571 1061 2631 immane
1084 2582 1306 2633 mouentem.

79 2685 144 2748 ltem
174 2688 323 2749 Cicero:
355 2688 547 2758 ‘Tandem
575 2689 719 2749 tandem
749 2687 967 2767 aliquando,
997 2686 1180 2762 Quirites,
1213 2690 1364 2753 Lucium

51 2772 272 2834 uiatilinam
300 2775 485 2836 torentem
515 2773 670 2835 audacia
702 2772 825 2834 scelus
862 2772 1096 2836 anhelantem
1131 2786 1272 2855 pestem
1302 2795 1364 2857 pa-

78 2860 169 2919 triae
193 2860 338 2920 nelarie
361 2859 574 2931 molientem
598 2859 707 2920 uobis
729 2867 837 2939 atque
860 2858 945 2920 huic
967 2858 1050 2919 urbi
1073 2861 1176 2922 lerro
1198 2858 1362 2922 flamma·

78 2961 138 3020 quo
161 2945 394 3007 minantem'.

154 3113 420 3175 Homoeoteleoton
444 3125 496 3185 est,
520 3134 589 3177 cum
611 3113 698 3176 simili
714 3115 802 3176 modo
818 3114 961 3176 dictiones
976 3115 1118 3196 plurimae
1134 3117 1292 3189 finiuntur,
1317 3125 1362 3178 ut:

51 3307 69 3346 π
240 3198 459 3346 lllluriedm
482 3219 585 3280 qoam
607 3199 789 3281 relinqui,
812 3201 944 3262 reoehi
967 3219 1072 3279 quam
1095 3201 1222 3262 deseri

1 3433 2 3470 l

80 3504 294 3540 sturtt‘rvmm.

156 3563 175 3620 9
198 3562 331 3619 lulianus
347 3581 379 3635 p.
397 3565 450 3621 30:
473 3563 582 3620 Sehesls
606 3571 752 3621 onomaton
768 3572 810 3620 est
825 3563 971 3622 multitudo
987 3566 1126 3621 nominum
1142 3565 1363 3636 coniunctorum,

80 3664 141 3718 quae
164 3648 279 3722 quodam
303 3648 397 3704 habitu
420 3647 593 3722 copulantur,
617 3658 648 3705 ut
671 3649 753 3706 llarsa
769 3681 809 3688 —
826 3651 916 3706 uir'um
941 3652 992 3706 uis.
1033 3649 1113 3706 item:
1136 3649 1223 3706 imber
1237 3681 1278 3689 —
1294 3649 1361 3705 dies.

81 3731 152 3788 item:
176 3735 219 3790 ius
241 3764 282 3773 —
304 3733 360 3796 sal,
382 3737 485 3790 ceteris
507 3737 623 3791 omissis.

134 3817 455 3891 201uttanusp.37.·
488 3819 710 3894 Homoeoptotoo
735 3850 771 3860 -
796 3829 961 3877 mouentem.
1006 3821 1071 3877 ltem
1094 3821 1235 3894 Virgilius.
1281 3821 1363 3878 ‘Tan-

81 3903 148 3974 dem,
172 3905 278 3961 tandem
302 3903 465 3979 aliquando,
488 3904 631 3976 Quirites’‚
653 3905 772 3978 reliquis
794 3906 909 3962 amasia.

136 3987 175 4047 28
197 3989 331 4047 Iulianus
350 4006 381 4062 p.
404 3993 458 4045 37:
480 3989 691 4048 llomoteleuton
713 4022 754 4030 —
777 4008 862 4048 rosas.

1 4181 2 4194 ¹
81 4205 180 4243 oaorem
197 4205 354 4242 annueram
372 4192 422 4242 207
439 4205 587 4248 venturas.

141 4265 153 4310 1
166 4257 372 4325 autumantium]
395 4259 454 4311 Ter.
469 4261 551 4311 Andr.
565 4260 581 4309 1
594 4263 618 4323 9,
633 4263 676 4322 13,
690 4261 722 4324 es.
736 4261 802 4310 Don.
816 4277 843 4325 p.
858 4263 964 4323 398,1o
1009 4256 1134 4325 illiceto]
1154 4261 1260 4312 Nomine
1271 4266 1362 4313 omisso

83 4327 197 4380 licium
214 4329 349 4379 adhibetur
367 4327 604 4380 alluderem}
623 4331 710 4391 35,12
778 4329 858 4378 ⁴ised
876 4329 979 4378 lionoris
997 4343 1108 4378 accusa
1176 4328 1283 4380 iaaluti
1302 4343 1363 4378 eon-

84 4396 160 4446 uitiom
211 4399 326 4448 9seesis
396 4399 425 4445 11
446 4411 539 4463 magne
556 4395 657 4462 munus]
679 4397 758 4447 Ennii
769 4412 858 4446 uersus
870 4397 905 4460 ef.
919 4398 986 4451 uon.
994 4413 1022 4461 p.
1036 4399 1098 4461 398,
1111 4398 1142 4446 19
1194 4411 1252 4447 cors
1271 4395 1364 4447 lection

1 4497 2 4534 p
83 4465 154 4514 uinrm
171 4467 209 4516 bis
280 4467 312 4516 13
330 4463 430 4529 Nubila]
451 4465 568 4528 cunta.
588 4481 628 4517 or.
647 4465 666 4514 I
683 4467 774 4526 35,13
843 4465 875 4516 15
892 4465 972 4516 imber
989 4475 1064 4514 extens
1135 4467 1166 4515 19
1184 4479 1264 4531 panes
1283 4467 1361 4516 Iulia·

1 4537 2 4540 ’
85 4547 123 4580 nu
185 4535 217 4584 21
238 4530 375 4597 merentes]
396 4533 475 4582 Ennii
491 4549 589 4594 uererer,
608 4533 643 4597 rs.
662 4535 728 4584 lion.
745 4551 771 4598 p.
792 4536 853 4597 398,
864 4535 900 4583 23
968 4535 1000 4582 22
1019 4530 1070 4582 Sed
1089 4531 1181 4597 oeque]
1203 4533 1362 4599 Verp.Aeu.

85 4597 502 4665 x119035cfi1eid.135,1o
586 4603 619 4652 13
637 4601 817 4664 tollentemque
834 4615 928 4663 manos
998 4603 1082 4650 imaue
1167 4603 1201 4652 24
1219 4599 1318 4670 Cicero]
1337 4605 1364 4652 in

84 4665 203 4720 Gordium
219 4670 482 4734 or.Il,oap.1in.
550 4671 583 4720 25
600 4669 732 4719 cateliuam
785 4669 926 4718 anelontem
1006 4668 1168 4719 toletanae
1220 4668 1364 4733 lornemque

84 4734 111 4782 28
128 4736 365 4788 llomoeonteleuton
384 4748 424 4788 est
439 4753 497 4787 cum
515 4738 654 4787 similitudo
673 4739 797 4788 dictiones
820 4737 928 4803 plurime
1047 4739 1079 4789 29
1103 4751 1132 4788 eo
1155 4753 1183 4787 se
1205 4739 1262 4788 duci
1286 4753 1361 4801 (priam

84 4805 191 4924 retiplqoi,
208 4823 238 4856 se
256 4807 315 4856 ueto
333 4821 408 4869 quam
426 4808 509 4857 deseri
528 4806 617 4856 maluit
634 4806 757 4856 Iulianus.
794 4806 843 4856 Eat
862 4805 940 4856 Ennii
956 4821 1055 4870 ueram,
1074 4807 1108 4870 cs.
1126 4807 1201 4858 llum·
1210 4825 1238 4873 p.
1258 4809 1318 4872 393,
1329 4810 1363 4856 25

114 4889 244 4940 rrnqoerc
261 4891 302 4925 uer
