3308 5542
274 389 389 440 xxvitt
684 375 734 426 DE
753 374 875 426 ttssttts
894 374 1154 426 Bnauuustssvu

360 567 453 625 llodos
476 567 625 626 uerborum
647 568 711 625 alii
741 567 878 642 quinque,
906 567 1119 643 alii-septeni,
1147 568 1309 626 nonnulli
1338 584 1453 637 nouem,
1482 567 1583 641 plnres

275 655 367 712 docem
384 669 445 710 osse
461 653 638 710 arbitrantur.
672 651 723 720 Oui
740 655 861 728 quinque
877 653 973 710 modos
989 670 1049 710 esse
1073 661 1185 729 putant,
1206 656 1244 710 ita
1267 654 1375 710 dicunt:
1398 652 1581 710 iudicatiuunr

275 739 467 813 imperatluusn
484 740 638 814 optatluunr
654 738 887 795 coniunctatiuunt
904 738 1076 795 inlinitiuum.
1114 737 1166 805 Qui
1186 748 1308 814 septem,
1332 737 1532 814 inpersonalcm
1549 747 1584 792 ct

275 822 388 896 gerendi
411 823 520 880 modurn
543 823 660 892 addunt;
685 823 731 897 qui
756 839 865 895 nouem,
887 825 1083 898 prontissiuum
1106 830 1135 879 et
1156 825 1346 881 concessluurn
1369 824 1499 896 iungunt3
1529 823 1580 896 qui

275 908 386 982 decern,
414 907 651 982 pronuntiatiuum
681 909 910 982 superinpuuunt.
962 907 1012 964 Sed
1042 923 1136 965 eorum
1164 909 1317 983 procacitas
1346 907 1495 982 respuenda
1524 916 1582 963 est„

274 993 339 1050 liant
363 993 491 1068 quicquid
515 993 559 1050 uel
583 991 749 1050 nerbialihus
771 994 875 1066 regulis
898 993 1068 1062 ostenditur,
1097 1009 1145 1068 per
1167 1004 1271 1069 septeni
1295 993 1390 1050 modos
1412 1007 1494 1067 posse
1517 991 1582 1048 lieri

273 1077 486 1152 conprobantus.
532 1077 708 1135 ludicatluum
733 1077 843 1134 modurn
866 1077 903 1134 oh
926 1079 978 1135 troc
1000 1077 1101 1134 dictum
1125 1095 1187 1136 esse
1209 1087 1353 1154 putamus,
1376 1079 1502 1152 quoniani
1527 1093 1584 1150 per

274 1179 335 1220 euro
359 1161 486 1220 iudiciuin
510 1164 617 1237 agentis
640 1171 687 1219 ant
710 1162 840 1238 patientis
862 1163 976 1220 uerblali
1000 1161 1142 1233 (uerlrialla
1164 1164 1239 1236 cod.)
1261 1162 1460 1237 significatione
1482 1169 1583 1218 osten-

273 1248 372 1304 dimus.
397 1247 474 1304 llunn
490 1249 628 1322 quldani
645 1247 754 1303 niodum
771 1249 1007 1322 pronuntiatiuuni
1023 1247 1125 1319 disere,
1141 1249 1213 1323 quod
1238 1266 1287 1324 per
1310 1249 1398 1304 uarias
1422 1258 1581 1321 temporum

275 1331 381 1407 species
403 1335 511 1406 agentis
534 1349 583 1390 seu
606 1331 736 1408 patientis
759 1333 883 1390 ellectum
906 1332 1051 1404 significat.
1094 1333 1185 1390 [lictus
1209 1335 1272 1389 item
1295 1333 1484 1407 imperatione,
1501 1333 1581 1406 quod

275 1433 324 1492 pcr
354 1433 416 1474 eum
446 1415 565 1475 oidcium
595 1418 754 1492 imperantis
777 1417 803 1474 in
827 1419 964 1492 praesenti
995 1427 1042 1474 out
1070 1417 1096 1472 in
1126 1418 1219 1475 tuturo
1243 1418 1400 1476 ostenditur
1421 1415 1469 1488 (cf.
1494 1415 1585 1472 Petri

274 1508 416 1574 excerpta
441 1518 473 1574 p.
499 1505 570 1567 166,
595 1501 631 1574 9).
676 1501 752 1559 llunc
775 1503 910 1576 qnidam
935 1499 1052 1580 (quidem
1075 1501 1148 1574 cod.)
1170 1503 1334 1560 dominicum
1357 1500 1584 1576 appellauerunt,

276 1586 349 1660 qnod
371 1586 514 1661 proprium
537 1587 710 1643 dominorum
734 1595 776 1644 est
799 1588 950 1663 imperare3
979 1595 1007 1643 et
1029 1588 1072 1644 lde
1094 1587 1191 1644 modus
1214 1590 1328 1663 primani
1351 1603 1495 1663 personam
1520 1603 1582 1642 non

274 1669 373 1742 trahet,
402 1671 475 1746 quod
504 1687 583 1728 nemo
612 1681 698 1728 semet
721 1671 810 1746 ipsum
833 1673 957 1747 imperat.
1001 1671 1078 1729 Sicut
1101 1674 1173 1729 enim
1196 1674 1222 1728 in
1245 1674 1406 1748 pronomine
1430 1673 1584 1728 uocatiuus

274 1757 451 1827 deiecit,*ita
475 1759 502 1812 ln
527 1755 612 1813 uerlro
636 1757 795 1831 imperando
817 1758 904 1831 prima
928 1765 1044 1832 persona
1067 1757 1233 1830 abnegatum
1256 1773 1335 1814 nemo
1352 1757 1423 1815 enirn
1440 1773 1469 1812 se
1485 1761 1582 1830 ipsum

274 1848 355 1898 uocat
377 1849 424 1897 ant
447 1841 497 1898 sili
515 1841 574 1916 ipso
590 1843 714 1916 imperat.
750 1841 893 1917 Optatiuus
909 1842 1006 1898 mortus
1021 1841 1131 1912 dicitur,
1155 1844 1282 1916 quoniam
1306 1859 1354 1916 per
1377 1858 1438 1899 euru
1462 1839 1583 1916 optandi

276 1923 396 1982 officiunt
420 1925 619 2000 significamus,
643 1943 696 1983 uon
720 1944 770 2000 pro
793 1943 837 1996 eo,
862 1927 934 2001 quod
958 1927 1078 2001 optentis
1101 1927 1258 1984 ndnerlslum
1276 1927 1372 1998 lrabet,
1395 1926 1440 1982 scd
1457 1926 1531 2000 quod
1549 1925 1581 1980 in

176 2057 178 2064 ,
273 2025 334 2066 sese
357 2011 468 2085 optandi
492 2011 718 2085 significationem
743 2020 843 2086 gestat.
876 2013 904 2068 ln
920 2011 973 2068 lroc
988 2011 1069 2068 niodo
1089 2011 1195 2086 singula
1219 2012 1301 2070 uerba
1322 2012 1395 2068 binis
1420 2019 1582 2084 temporum

275 2093 520 2168 significationibus
544 2094 727 2152 ostenduntur
749 2095 837 2168 (binas
853 2104 873 2152 t.
889 2095 1102 2168 significationes
1125 2097 1279 2153 ostenditur
1293 2097 1375 2166 cod).
1412 2095 1583 2152 Coniunctu-

276 2181 362 2235 tinuui
393 2180 502 2236 ιιιοιΙιιιιι
532 2180 564 2236 nli
588 2179 639 2236 lroc
660 2180 763 2236 «lictum
786 2196 848 2236 esse
870 2181 1021 2252 credimus,
1054 2182 1182 2255 quonlam
1205 2183 1226 2238 si
1250 2181 1387 2256 aliquibus
1410 2180 1497 2237 modis
1520 2197 1581 2236 non

273 2265 454 2336 adiungatur,
477 2264 550 2338 pleni
574 2263 728 2322 intellectus
751 2264 871 2322 officiunt
895 2267 921 2321 in
946 2281 1051 2321 senon
1076 2265 1173 2339 habet,
1196 2276 1240 2336 ut,
1263 2283 1323 2323 cunr
1347 2266 1476 2322 dicimus:
1500 2263 1582 2322 ‘cum

161 2393 170 2408 .
274 2348 431 2406 inuocarer’
456 2348 528 2406 ‘cuni
552 2347 719 2421 clamarem',
742 2360 837 2424 aperte
858 2351 1018 2424 conspicere
1034 2351 1134 2424 possis,
1157 2352 1286 2425 quoniam
1303 2353 1328 2407 ln
1345 2367 1374 2408 se
1390 2351 1582 2423 integritatem

274 2450 372 2490 sensus
395 2433 568 2490 utanilestare
592 2435 703 2508 nequit,
732 2435 784 2491 nisi
806 2434 858 2491 albi
885 2436 1018 2508 adiungas
1047 2436 1238 2508 iudicatiuunr,
1270 2443 1300 2491 ut
1321 2437 1358 2492 ita
1381 2435 1469 2491 dicas:
1499 2433 1581 2490 ‘cuns

275 2521 435 2592 inanesces,
464 2518 579 2590 audiui’,
608 2518 680 2576 ‘cunr
704 2517 847 2576 clamarem
869 2520 901 2578 ad
924 2520 1081 2592 dominum,
1108 2521 1246 2578 exaudiuit
1274 2519 1343 2576 rne’.
1389 2518 1443 2576 Sed
1470 2528 1583 2590 errant,

274 2605 320 2677 qui
350 2603 422 2659 ltunc
450 2603 557 2660 moduni
586 2605 818 2662 coniunctatiuurn
847 2603 948 2662 dictum
971 2621 1032 2662 esse
1060 2605 1218 2676 addensent,
1247 2605 1319 2680 qnod
1349 2603 1527 2678 coniungitur
1551 2607 1582 2659 ei

273 2686 405 2762 particula
430 2685 526 2746 ‘cum’.
571 2687 598 2744 Sl
622 2691 692 2746 enirn
716 2689 751 2746 oli
773 2689 992 2748 hanorationem
1015 2691 1237 2747 coniunctutiuus
1267 2690 1418 2762 diceretur,
1447 2697 1474 2744 et
1496 2696 1583 2762 opta·

275 2772 349 2828 tiuns
377 2773 596 2830 coniunctntiuns
626 2773 678 2832 dici
704 2767 715 2850 Η
734 2775 752 2830 l.
771 2768 880 2852 122⁸ll
910 2775 1016 2851 potuit,
1046 2777 1174 2849 quonlam
1198 2777 1222 2832 ei
1246 2774 1383 2832 ‘utinam'
1413 2773 1581 2830 aduerbiunn

274 2859 394 2932 optantis
417 2858 593 2933 coniungitur
617 2857 667 2930 les.
689 2858 773 2915 Petri
792 2866 934 2932 excerpto
952 2876 984 2931 p.
1012 2863 1077 2931 166,
1105 2859 1242 2930 lat—20).
1288 2859 1356 2916 Sunt
1380 2859 1480 2930 uerba,
1503 2875 1583 2931 quae

274 2940 429 3016 ‘tipiclalla'
454 2943 591 3014 dicuntur,
615 2943 686 2999 irlest
707 2943 910 3016 similitudinis,
933 2946 1062 3018 quonlam
1086 2942 1292 3002 similitudinem
1315 2943 1522 3018 participiorum
1549 2943 1580 2998 in

274 3043 303 3082 sc
327 3027 491 3099 ostendunt,
519 3045 580 3085 eum
609 3030 664 3084 slnt
692 3027 775 3084 uerba
799 3036 902 3085 elnon
932 3029 1083 3102 participia.
1127 3029 1188 3085 Tria
1218 3031 1289 3085 enirn
1319 3028 1401 3085 uerba
1432 3027 1580 3083 ‘amandi’

259 3110 410 3168 '‘arnando'
435 3111 600 3169 ‘amandum'
626 3112 830 3182 similitudinem
854 3113 989 3187 participii
1011 3116 1137 3188 passione
1166 3113 1375 3186 significationis
1398 3113 1482 3168 luturi
1507 3120 1582 3167 tcm-

273 3199 350 3270 poris
378 3197 534 3254 ostendunt.
585 3196 745 3254 ‘tinctum'
775 3214 842 3254 uero
871 3197 1073 3256 similitudinem
1105 3199 1241 3274 participii
1271 3197 1412 3273 praeteriti
1442 3199 1582 3272 temporis

274 3281 399 3354 pussiuac
420 3281 628 3354 significationis
651 3281 716 3352 (cut
739 3282 811 3354 cod.)
834 3291 933 3356 gestat.
1185 3290 1188 3296 '

358 3485 427 3540 Sunt
449 3483 526 3552 alil,
550 3485 596 3557 qul
613 3484 780 3541 huiusmodi
804 3485 885 3542 uerba
910 3488 941 3542 nd
965 3488 1098 3562 passinnnr
1122 3485 1348 3560 significationem
1372 3487 1468 3558 nugis,
1492 3503 1580 3558 quoue

272 3567 388 3625 aretinam
419 3565 574 3642 (actiuuanr)
603 3568 683 3624 scribi
719 3568 881 3626 confirmant
909 3571 944 3627 olr
975 3571 1025 3627 hoc
1059 3573 1187 3642 manime,
1222 3573 1350 3645 quoninrn
1378 3589 1392 3626 a
1421 3570 1582 3644 participiis

273 3653 446 3726 pussiuoruni
462 3652 574 3709 diriunri
590 3651 726 3708 uidentur.
757 3653 808 3710 Sed
828 3661 914 3710 tarncn
938 3653 1148 3728 praeuidendusn
1172 3665 1231 3726 est,
1254 3657 1381 3730 quonium
1405 3671 1460 3710 non
1485 3655 1581 3710 suiuus

274 3739 361 3794 uotiua
385 3734 499 3812 (actione
521 3735 596 3808 coel.)
619 3735 784 3810 significatio
807 3738 834 3793 in
858 3738 900 3794 liis
923 3741 1047 3808 uidetur,
1075 3758 1155 3813 quani
1184 3741 1302 3814 passion.
1348 3741 1463 3797 llicirnus
1486 3739 1581 3796 enirn:

274 3821 398 3892 ‘legendi
423 3838 503 3878 causa
527 3820 606 3877 ueni’
638 3822 726 3878 aetina
751 3822 856 3878 scilicet
877 3823 1091 3894 significandus,
1119 3835 1146 3880 et
1174 3825 1304 3882 dicimus:
1335 3823 1434 3882 ‘cansa
1464 3824 1579 3898 legendi

274 3905 394 3964 crucior'
419 3905 558 3977 (crutior),
581 3905 634 3961 lroc
656 3915 698 3961 est
721 3904 795 3962 ‘dum
818 3905 851 3962 nlr
874 3906 935 3963 aliis
957 3907 1059 3980 legor',
1082 3917 1111 3964 et
1132 3908 1254 3965 ‘sciendo
1278 3909 1352 3981 lego’
1377 3919 1419 3966 ct:

649 3989 822 4046 oantnndo
846 3994 1021 4065 rurnpitnr
1044 3995 1168 4064 angitis

276 4075 376 4148 (Vcrp.
401 4074 465 4130 Ecl.
495 4072 572 4129 VIII
594 4069 650 4148 71),
674 4090 727 4128 non
752 4072 825 4128 ‘dnnr
849 4075 951 4132 cuntet’
977 4073 1099 4148 (cantet),
1122 4077 1170 4133 sed
1193 4077 1266 4133 ‘iluur
1290 4077 1438 4136 cantatur'.

358 4241 536 4318 ‘lteponens'
561 4241 673 4298 uerlruns
697 4241 758 4297 ideo
782 4243 948 4312 numidatur,
973 4245 1115 4316 quoniam,
1138 4254 1169 4300 ut
1192 4246 1392 4318 quibusdam
1417 4247 1537 4317 uidetur,
1563 4267 1580 4304 r

272 4328 391 4384 litterani
406 4344 459 4382 non
475 4328 587 4401 deponit
603 4337 630 4380 et
645 4325 761 4382 nctiuurn
785 4325 1012 4398 significationem
1035 4329 1062 4382 lu
1086 4345 1115 4383 se
1138 4331 1278 4401 continet,
1303 4341 1332 4386 ut
1355 4332 1473 4388 meditor
1490 4331 1581 4387 niedi-

275 4413 356 4479 tnris,
380 4409 512 4468 conliteor
535 4409 690 4478 confiteris,
713 4409 814 4482 loquor
837 4408 970 4483 loquoris,
993 4411 1092 4466 metior
1115 4405 1283 4489 lli122¹²l
1318 4415 1430 4472 metiris.
1475 4415 1526 4472 Sed
1552 4420 1579 4474 si

273 4495 309 4551 nli
332 4497 384 4552 linc
413 4493 527 4562 dicitur,
558 4496 685 4567 quonium
709 4511 722 4547 r
745 4493 861 4548 litterum
891 4509 945 4548 non
968 4494 1096 4567 deponit,
1123 4504 1151 4550 et
1180 4513 1323 4554 commune
1346 4499 1505 4571 (communi)
1527 4501 1580 4556 de—

273 4595 376 4654 ponens
405 4579 457 4632 dici
487 4587 595 4651 potest,
625 4577 696 4650 quod
721 4595 734 4632 r
757 4576 874 4632 litterani
898 4594 951 4632 non
975 4578 1095 4651 deponit.
1140 4579 1191 4635 Sed
1220 4582 1313 4638 uerius
1342 4583 1403 4640 ideo
1433 4585 1579 4658 deponens

272 4665 389 4736 dicitur,
418 4664 545 4736 quuninrn
568 4661 681 4734 deponit
705 4659 898 4733 plenitudinem
921 4661 1130 4732 significationis
1153 4665 1234 4720 actiui
1258 4669 1359 4739 passini
1384 4671 1475 4725 neutri
1498 4687 1577 4726 corrr—

274 4749 379 4819 ntunis,
410 4747 455 4800 sed
479 4745 512 4800 ab
536 4745 577 4800 liis
602 4745 728 4800 omnibns
752 4752 855 4817 pnrteni
879 4743 1041 4800 subtrahens
1071 4748 1159 4802 ornrria
1184 4749 1292 4819 penitus
1315 4753 1445 4824 deponit,
1469 4753 1507 4809 ita
1533 4765 1577 4824 ut,

273 4851 335 4892 cnm
365 4833 478 4890 dicimus
507 4826 652 4902 ‘loquor',
680 4845 735 4886 nou
763 4827 807 4884 lic
835 4827 918 4886 actiui
945 4845 993 4886 seu
1020 4831 1124 4903 passini
1154 4831 1196 4888 uel
1225 4838 1316 4891 uentri
1343 4853 1392 4893 seu
1420 4854 1579 4896 commotus
