3560 5574
396 265 459 338 272
789 271 1286 328 conuanrvuamsmnansa

395 480 419 522 s·
443 479 546 524 naues.
592 461 708 524 Notus
732 465 753 524 i.
778 470 886 526 uentus
913 462 1064 535 australis;
1094 463 1274 545 abreptas
1300 465 1320 524 i·
1344 481 1411 525 cum
1440 465 1553 545 impetu
1574 472 1673 545 raptas:
1777 489 1778 494 ¹

395 566 432 624 in
464 583 550 626 saxa
584 563 743 626 latentia
772 567 796 625 i·
822 563 982 634 absconsa;
1016 575 1173 643 torquet
1204 569 1229 628 i·
1253 569 1419 647 torquendo
1447 567 1565 649 proicit.
1608 565 1675 626 llaec

397 683 465 726 saxa
488 668 567 728 inter
590 667 759 728 Sardiniam
783 675 813 727 et
834 666 962 727 Africam
986 677 1070 738 sunt,
1099 687 1176 748 quae
1204 673 1280 731 mari
1303 687 1410 731 sereno
1432 677 1591 750 apparent,
1611 678 1674 727 tem·

396 775 536 848 pestuoso
560 786 631 829 uero
654 766 760 839 latent,
784 769 852 848 quia
875 767 1013 830 lluctibus
1036 771 1228 851 operiuntur,
1252 768 1304 832 ubi
1328 771 1451 832 Romani
1474 779 1506 830 et
1528 771 1588 832 liri
1608 771 1674 829 iuter

259 888 428 939 perorasse
456 871 692 932 coniurationem
721 872 869 931 lecerunt.
915 870 1007 932 Saxa
1039 881 1177 932 uocant
1208 871 1293 934 Itali
1322 875 1347 933 i·
1380 871 1521 942 Romani;
1551 889 1630 932 aras
1654 885 1693 928 ss

396 972 518 1034 deorum
542 974 734 1037 marinorum.

258 1091 382 1142 „nomas
480 1072 690 1154 Hyperbole
714 1082 772 1135 est
793 1074 912 1135 dictio
934 1074 1047 1136 iidem
1071 1077 1089 1136 i·
1114 1075 1336 1144 credulitatem:
1363 1075 1551 1137 excedens
1572 1075 1590 1134 i·
1612 1075 1673 1134 emi·

396 1194 470 1237 arens
492 1183 523 1236 et
543 1176 774 1246 transcendens,
798 1176 915 1256 quando
939 1176 1078 1238 uidelicet
1100 1195 1205 1256 magna
1228 1196 1277 1240 res
1299 1178 1417 1248 dicitur,
1442 1195 1519 1256 quae
1534 1175 1611 1236 credi
1625 1193 1674 1234 non

395 1281 504 1359 possit;
528 1276 691 1356 augendi
714 1296 840 1348 causa,
864 1287 903 1339 ut
925 1280 1009 1339 triue
1033 1279 1242 1342 candidior.
1290 1279 1372 1340 'l'alis
1394 1297 1444 1340 res
1464 1281 1484 1339 i·
1509 1278 1576 1340 talis
1596 1277 1674 1336 dictio

259 1379 484 1449 r·.m1,2slrdem
507 1381 723 1460 supereminet,
752 1382 820 1458 quia
844 1379 922 1440 nulla
945 1397 995 1440 res
1017 1381 1087 1442 niue
1110 1381 1264 1444 candidior
1285 1382 1448 1443 inuenitur.
1494 1377 1673 1442 blinuendi
1688 1393 1712 1430 ro

363 1471 368 1482 '
397 1491 435 1544 ut
465 1481 606 1544 tardior
634 1501 658 1543 s.
682 1489 727 1542 est
753 1483 823 1550 iste:
856 1481 1060 1548 testudine.
1111 1483 1242 1546 Testudo
1277 1492 1322 1546 est
1350 1481 1458 1544 animal
1487 1480 1675 1560 tardigradam

309 1635 322 1656 ,
396 1587 483 1646 cuius
510 1581 633 1644 dorsum
660 1592 735 1644 testa
763 1583 922 1646 durissima
951 1587 1069 1664 tegitur,
1104 1584 1182 1646 unde
1205 1595 1235 1646 et
1257 1603 1365 1646 nomen
1388 1585 1512 1664 accepit.
1557 1581 1677 1643 ‘lectudo

396 1687 485 1748 etiam
508 1697 554 1748 est
576 1703 693 1746 camera
716 1693 881 1747 scutorum.
925 1685 983 1748 lsta
1005 1687 1096 1747 dictio
1118 1687 1206 1750 lidem
1229 1695 1366 1768 superat,
1396 1687 1465 1764 quia
1488 1685 1600 1746 nullum
1621 1683 1677 1744 ani·

397 1787 455 1850 naal
479 1788 591 1850 tardius
613 1785 762 1848 testudine
784 1787 904 1852 incedit.

259 1909 382 1960 ...cosm
479 1888 668 1969 allegoria
692 1897 747 1950 est
768 1896 899 1969 tropus
921 1890 940 1950 i·
964 1907 1109 1953 conuersa
1132 1890 1238 1960 dietim
1267 1909 1339 1972 quo
1361 1889 1463 1952 aliud
1486 1888 1678 1967 significa·
1694 1903 1716 1940 n

397 2000 455 2053 tur
478 2007 582 2069 quam
605 1991 762 2061 dicitur,
786 1992 807 2051 i·
823 1989 943 2072 quaudo
958 1990 1038 2054 aliud
1053 1995 1183 2053 sonatio
1207 1991 1310 2054 uerbis
1333 1999 1421 2070 atque
1444 1990 1523 2052 aliud
1546 1991 1575 2050 in
1596 2005 1695 2058 sensu,

258 2113 380 2165 ...ronan
396 2092 584 2172 intelligitur;
608 2101 647 2155 ut
669 2101 706 2154 et
727 2095 796 2155 iam
820 2101 1003 2174 tempure.
1021 2102 1080 2163 θείς
1105 2113 1236 2172 equum
1252 2113 1307 2175 pro
1323 2111 1483 2173 equorum:
1508 2091 1681 2154 lumentis

396 2193 575 2263 laborantia;
599 2195 751 2256 soluere
773 2213 830 2256 s.a
853 2195 955 2257 irenis.
1000 2195 1126 2259 Tractus
1148 2215 1248 2258 sermo
1263 2196 1301 2258 ab
1316 2197 1416 2276 cquis,
1440 2195 1509 2272 quia
1531 2194 1606 2254 sicut
1625 2189 1683 2251 illis

396 2298 522 2378 fatigatis
549 2295 625 2358 colla
652 2296 810 2357 soluuntur
832 2305 861 2358 et
883 2297 967 2358 lrena
989 2296 1135 2368 laxantur,
1158 2300 1201 2359 ita
1224 2307 1253 2360 ct
1275 2305 1363 2376 poeta
1385 2297 1524 2375 fatigatus
1546 2313 1600 2358 suo
1620 2311 1684 2353 car·

397 2401 469 2459 mini
491 2400 581 2460 linem
603 2399 744 2478 imponit;
768 2397 947 2460 ‘lumantia’
969 2399 1061 2478 igitur
1083 2398 1169 2460 ‘colla
1191 2403 1313 2477 equum’
1338 2416 1459 2460 carmen
1481 2417 1568 2460 suum
1589 2405 1682 2458 uocat.
1695 2411 1719 2450 eo

246 2521 394 2575 prosena
480 2499 607 2561 Ironia
640 2507 699 2569 est,
737 2499 857 2577 quando
888 2499 1014 2581 aliquem
1047 2501 1246 2581 uituperando
1272 2499 1284 2584 i
1306 2497 1405 2582 2121}
1433 2499 1595 2562 laudamus
1641 2497 1686 2557 Vt

397 2603 586 2682 egregiam
614 2619 708 2662 uero
738 2600 882 2663 laudem
905 2611 935 2664 et
957 2610 1066 2668 cetera.
1110 2601 1184 2664 bido
1206 2603 1263 2664 boc
1285 2601 1461 2682 loquebatur
1483 2600 1520 2662 ad
1543 2601 1684 2660 Venerem

396 2715 426 2766 et
447 2703 483 2765 ad
505 2703 596 2766 lilium
620 2721 706 2765 suum
730 2704 916 2784 Cupidinem.
961 2703 1129 2784 ‘Egregium
1152 2723 1225 2767 uero
1247 2705 1378 2766 laudem’
1400 2705 1421 2766 i·
1445 2721 1504 2763 nort
1528 2703 1684 2780 egregiam.

397 2811 446 2867 ‘et
468 2805 562 2887 spolia
585 2805 682 2886 ampla
711 2807 849 2868 relertis’
872 2807 892 2866 l·
916 2825 976 2868 non
1004 2806 1124 2888 ampla,¹
1145 2814 1250 2887 utpote
1278 2806 1316 2868 de
1345 2823 1402 2868 una
1429 2804 1549 2866 lamina.
1593 2803 1686 2864 Hanc

271 2931 355 2982 leros,
371 2927 422 2970 es.
445 2911 587 2978 ironiam;
617 2910 692 2970 nisi
713 2911 883 2988 grauitas
906 2909 1230 2987 pronuntiationis
1252 2907 1446 2969 adiuuerit
1467 2908 1488 2966 i·
1511 2905 1718 2968 sollemne-a

397 3012 450 3081 rit;
474 3010 570 3092 qood
592 3028 731 3089 negare
753 3010 950 3073 contendit
971 3012 991 3076 i.
1014 3008 1087 3072 uult.

270 3131 291 3171 o·
305 3118 382 3167 ww
480 3113 547 3174 anti
569 3111 682 3174 Graece
704 3120 824 3184 contra,
848 3112 934 3174 lrasis
956 3113 1086 3183 locutio,
1111 3094 1180 3174 inde
1196 3113 1347 3174 antibasis
1370 3113 1519 3172 contraria
1535 3109 1625 3171 dictio
1639 3105 1686 3168 uel

272 3233 293 3274 r·
307 3222 355 3268 ⁴⁰²·
370 3215 515 3276 ⁴locutio.
560 3212 704 3275 bellum
727 3213 889 3277 diriuatum
912 3214 1032 3276 abono.
1077 3213 1191 3278 Bellum
1213 3216 1314 3294 itaque
1336 3216 1355 3276 i·
1371 3214 1518 3295 proelium
1541 3229 1596 3292 per
1617 3228 1686 3271 con-

395 3317 521 3379 trarium
543 3315 661 3388 dicitur,
685 3335 720 3378 eo
742 3316 821 3398 qood
844 3319 969 3379 minime
983 3319 1023 3379 sit
1043 3316 1165 3378 bonum.
1209 3315 1328 3378 Lucus
1350 3325 1395 3376 est
1416 3314 1491 3377 silua
1513 3313 1685 3376 densissima

271 3439 292 3481 r·
306 3428 356 3475 ⁴⁰&
370 3427 383 3468 ⁵
396 3419 453 3480 diis
475 3425 657 3482 consecrata.
701 3417 841 3480 Parcae
864 3418 1006 3482 dicuutur
1023 3418 1153 3497 eoquod
1176 3419 1299 3480 minime
1321 3418 1444 3498 parcant
1465 3419 1486 3478 i·
1503 3415 1684 3494 indulgeant.
1697 3431 1719 3468 a

396 3522 472 3582 Tres
499 3529 570 3582 sunt
596 3521 706 3582 Parcae
733 3520 811 3583 liliae
832 3519 912 3582 louis
934 3529 963 3582 et
989 3521 1127 3583 lunonis:
1166 3519 1272 3582 Clotho
1298 3521 1515 3600 interpretatur
1542 3518 1684 3595 eumatio,

396 3621 538 3684 Lachesis
560 3641 627 3684 sors
650 3625 745 3690 uitae.
774 3627 901 3703 Atropos
923 3625 989 3684 sine
1011 3623 1076 3702 lege
1100 3620 1148 3683 uel
1171 3621 1287 3683 ordine.
1332 3621 1431 3684 Prima
1453 3623 1534 3682 enim
1555 3620 1614 3682 luit
1636 3637 1685 3678 na·

397 3726 523 3786 tinitatis
546 3727 695 3794 euocatio,
719 3724 848 3786 secunda
870 3743 936 3786 sors
957 3727 1052 3797 uine,
1077 3723 1328 3802 quemadmodum
1342 3726 1467 3804 quisque
1482 3724 1578 3792 uiuat,
1603 3721 1684 3781 tertia

397 3828 502 3888 mortis
523 3828 588 3888 sine
610 3825 787 3888 condicione
808 3828 830 3887 i·
852 3827 916 3888 sine
937 3825 1013 3906 lege.
1057 3825 1125 3907 Ipsa
1147 3833 1217 3888 sunt
1239 3835 1268 3887 et
1290 3827 1346 3886 tria
1368 3826 1437 3887 lata.

482 3931 654 4009 aenigma
682 3936 740 3991 est
768 3927 927 3991 obscura
955 3931 977 3990 i.
1007 3928 1163 3990 tenebrosa
1193 3926 1311 3989 obtecta
1344 3925 1473 3989 difficilis
1502 3923 1717 4005 scrupulosa-³6

271 4033 592 4101 1·.ms,eSententia
615 4032 634 4094 i.
658 4031 763 4100 dictio:
786 4049 841 4111 per
863 4029 1046 4092 occultam
1068 4032 1091 4091 l.
1115 4028 1290 4092 absconsam
1313 4037 1342 4090 et
1363 4030 1560 4108 incognitam:
1585 4025 1683 4088 simi·

272 4133 596 4202 „assalitodinem
624 4133 650 4193 i·
679 4133 938 4212 significationem.
984 4133 1027 4192 Vt
1054 4140 1172 4194 mater
1200 4149 1252 4192 me
1281 4133 1409 4210 gennit
1442 4139 1471 4192 et
1499 4136 1610 4192 cetera.
1652 4127 1681 4186 ln

397 4235 613 4316 aenigmatibus
641 4233 856 4317 symphosii
884 4234 940 4296 hoc
968 4231 1077 4314 legitur
1105 4233 1141 4294 de
1164 4231 1268 4313 glacie.
1312 4231 1428 4296 Glacies
1451 4232 1531 4293 enim
1554 4249 1590 4292 ex
1612 4245 1682 4307 aqua

466 4424 592 4475 luothos
661 4422 804 4473 4liomani
822 4429 847 4470 et
864 4416 933 4488 atri]
952 4421 987 4485 cs.
1006 4421 1122 4472 Seruium
1139 4423 1175 4472 od
1192 4422 1258 4473 Aen.
1278 4419 1355 4472 1108
1423 4417 1578 4486 ‘lyperbole
1652 4415 1681 4466 21

398 4493 488 4556 pronis
538 4495 572 4543 bb
589 4493 705 4556 yroniam
757 4489 870 4541 ateleto
921 4491 954 4541 35
972 4492 1073 4556 enigma
1125 4491 1158 4540 37
1176 4489 1348 4555 enigmatibus
1400 4483 1609 4554 SSSymplrosii]
1629 4485 1682 4535 ll'oo

397 4563 483 4612 inueni
499 4563 570 4625 opud
580 4561 765 4625 symphosium,
783 4560 853 4608 cuiue
865 4559 963 4624 puidam
981 4561 1014 4609 de
1031 4560 1113 4624 glacie
1129 4561 1245 4624 aenigma
1256 4559 1329 4620 longe
1342 4557 1418 4606 aliter
1428 4563 1512 4618 sonat,
1525 4557 1560 4619 cs.
1569 4557 1603 4607 Α.
1613 4555 1684 4628 Riese

398 4632 493 4679 antbol.
504 4631 564 4680 Lat.
574 4629 592 4679 1
600 4647 625 4694 p.
637 4631 694 4692 190,
706 4631 747 4678 ⁴5.
767 4625 836 4688 Quae
845 4629 1048 4678 comessatores
1055 4627 1183 4692 expositio
1194 4627 1219 4676 ei
1227 4639 1277 4690 pro
1290 4623 1535 4688 emblematum,
1545 4620 1682 4688 Spmpboait

398 4705 471 4747 oetas
488 4701 632 4747 accuratim
649 4699 751 4761 deliniri
767 4697 827 4746 inde
844 4697 952 4760 poterit,
971 4711 1044 4762 mum
1061 4696 1143 4745 uditate
1152 4696 1249 4758 sactum
1260 4700 1300 4744 est
1311 4692 1343 4743 ab
1356 4692 1510 4744 Alexandro
1524 4691 1614 4742 liiereo
1627 4703 1679 4739 nnn.

397 4782 479 4832 ppmn.
499 4767 588 4815 Austr.
609 4768 674 4816 rada
690 4781 716 4830 p.
736 4765 795 4814 485.
