<?xml version="1.0" encoding="UTF-8"?>
<!DOCTYPE html PUBLIC "-//W3C//DTD XHTML 1.0 Transitional//EN"
    "http://www.w3.org/TR/xhtml1/DTD/xhtml1-transitional.dtd">
<html xmlns="http://www.w3.org/1999/xhtml" xml:lang="en" lang="en">
 <head>
  <title>
</title>
<meta http-equiv="Content-Type" content="text/html;charset=utf-8" />
  <meta name='ocr-system' content='tesseract 3.04.00' />
  <meta name='ocr-capabilities' content='ocr_page ocr_carea ocr_par ocr_line ocrx_word'/>
</head>
<body>
  <div class='ocr_page' id='page_1' title='image "./anecdotahelveti00hagegoog_0462.png"; bbox 0 0 3354 5580; ppageno 0'>
   <div class='ocr_carea' id='block_1_1' title="bbox 576 329 1380 458">
    <p class='ocr_par' dir='ltr' id='par_1_1' title="bbox 576 329 1380 458">
     <span class='ocr_line' id='line_1_1' title="bbox 576 329 1380 458; baseline 0.001 -14"><span class='ocrx_word' id='word_1_1' title='bbox 576 329 580 336; x_wconf 27' lang='grc' dir='ltr'>ι</span> <span class='ocrx_word' id='word_1_2' title='bbox 635 393 838 446; x_wconf 70' lang='lat' dir='ltr'>excutient.</span> <span class='ocrx_word' id='word_1_3' title='bbox 960 385 966 394; x_wconf 81' lang='grc'><strong>’</strong></span> <span class='ocrx_word' id='word_1_4' title='bbox 1322 394 1380 458; x_wconf 84' lang='grc'>191</span> 
     </span>
    </p>
   </div>
   <div class='ocr_carea' id='block_1_2' title="bbox 48 580 1416 2390">
    <p class='ocr_par' dir='ltr' id='par_1_2' title="bbox 84 580 1380 661">
     <span class='ocr_line' id='line_1_2' title="bbox 84 580 1380 661; baseline 0.002 -19"><span class='ocrx_word' id='word_1_5' title='bbox 84 581 193 642; x_wconf 85' lang='lat' dir='ltr'>norint.</span> <span class='ocrx_word' id='word_1_6' title='bbox 239 580 375 642; x_wconf 88' lang='lat' dir='ltr'>Probae</span> <span class='ocrx_word' id='word_1_7' title='bbox 398 598 469 660; x_wconf 88' lang='lat' dir='ltr'>ergo</span> <span class='ocrx_word' id='word_1_8' title='bbox 493 582 608 642; x_wconf 90' lang='lat' dir='ltr'>ratione</span> <span class='ocrx_word' id='word_1_9' title='bbox 631 599 797 661; x_wconf 80' lang='lat' dir='ltr'><strong>pronomen</strong></span> <span class='ocrx_word' id='word_1_10' title='bbox 825 599 840 641; x_wconf 91' lang='lat' dir='ltr'>a</span> <span class='ocrx_word' id='word_1_11' title='bbox 869 581 988 642; x_wconf 89' lang='lat' dir='ltr'>nomine</span> <span class='ocrx_word' id='word_1_12' title='bbox 1022 599 1181 643; x_wconf 79' lang='lat' dir='ltr'>secernere</span> <span class='ocrx_word' id='word_1_13' title='bbox 1212 582 1380 658; x_wconf 90' lang='lat' dir='ltr'>noluerunt,</span> 
     </span>
    </p>

    <p class='ocr_par' dir='ltr' id='par_1_3' title="bbox 81 682 1381 764">
     <span class='ocr_line' id='line_1_3' title="bbox 81 682 1381 764; baseline 0.002 -23"><span class='ocrx_word' id='word_1_14' title='bbox 81 685 160 742; x_wconf 90' lang='lat' dir='ltr'>sieut</span> <span class='ocrx_word' id='word_1_15' title='bbox 181 699 237 742; x_wconf 88' lang='lat' dir='ltr'>nec</span> <span class='ocrx_word' id='word_1_16' title='bbox 259 683 390 759; x_wconf 78' lang='lat' dir='ltr'>armiger</span> <span class='ocrx_word' id='word_1_17' title='bbox 410 686 579 748; x_wconf 88' lang='lat' dir='ltr'>secernitur</span> <span class='ocrx_word' id='word_1_18' title='bbox 602 701 617 742; x_wconf 90' lang='lat' dir='ltr'>a</span> <span class='ocrx_word' id='word_1_19' title='bbox 640 699 721 762; x_wconf 89' lang='lat' dir='ltr'>rege.</span> <span class='ocrx_word' id='word_1_20' title='bbox 760 682 928 745; x_wconf 89' lang='lat' dir='ltr'>Pronomen</span> <span class='ocrx_word' id='word_1_21' title='bbox 952 691 998 744; x_wconf 89' lang='lat' dir='ltr'>cst</span> <span class='ocrx_word' id='word_1_22' title='bbox 1020 682 1289 746; x_wconf 86' lang='lat' dir='ltr'>subministratoria</span> <span class='ocrx_word' id='word_1_23' title='bbox 1312 703 1381 764; x_wconf 90' lang='lat' dir='ltr'>pars</span> 
     </span>
    </p>

    <p class='ocr_par' dir='ltr' id='par_1_4' title="bbox 82 782 1381 865">
     <span class='ocr_line' id='line_1_4' title="bbox 82 782 1381 865; baseline 0.003 -23"><span class='ocrx_word' id='word_1_24' title='bbox 82 785 240 850; x_wconf 77' lang='lat' dir='ltr'>‹rr-ationis,</span> <span class='ocrx_word' id='word_1_25' title='bbox 274 785 341 863; x_wconf 91' lang='lat' dir='ltr'>quia</span> <span class='ocrx_word' id='word_1_26' title='bbox 375 784 513 865; x_wconf 88' lang='lat' dir='ltr'>quicquid</span> <span class='ocrx_word' id='word_1_27' title='bbox 545 793 589 846; x_wconf 89' lang='lat' dir='ltr'>est</span> <span class='ocrx_word' id='word_1_28' title='bbox 617 782 730 865; x_wconf 80' lang='lat' dir='ltr'>absque</span> <span class='ocrx_word' id='word_1_29' title='bbox 762 785 892 845; x_wconf 90' lang='lat' dir='ltr'>nominis</span> <span class='ocrx_word' id='word_1_30' title='bbox 923 784 1130 855; x_wconf 85' lang='lat' dir='ltr'>amminiculo,</span> <span class='ocrx_word' id='word_1_31' title='bbox 1165 787 1280 847; x_wconf 90' lang='lat' dir='ltr'>inllrma</span> <span class='ocrx_word' id='word_1_32' title='bbox 1315 805 1381 847; x_wconf 87' lang='lat' dir='ltr'>osse</span> 
     </span>
    </p>

    <p class='ocr_par' dir='ltr' id='par_1_5' title="bbox 82 885 1250 946">
     <span class='ocr_line' id='line_1_5' title="bbox 82 885 1250 946; baseline 0.003 -2"><span class='ocrx_word' id='word_1_33' title='bbox 82 885 211 946; x_wconf 91' lang='lat' dir='ltr'>uidetur.</span> <span class='ocrx_word' id='word_1_34' title='bbox 1248 905 1250 910; x_wconf 75' lang='grc'>’</span> 
     </span>
    </p>

    <p class='ocr_par' dir='ltr' id='par_1_6' title="bbox 48 983 1382 1474">
     <span class='ocr_line' id='line_1_6' title="bbox 48 983 1380 1070; baseline 0.003 -24"><span class='ocrx_word' id='word_1_35' title='bbox 48 1002 59 1040; x_wconf 79' lang='lat' dir='ltr'>s</span> <span class='ocrx_word' id='word_1_36' title='bbox 171 985 182 1068; x_wconf 67' lang='lat'>11</span> <span class='ocrx_word' id='word_1_37' title='bbox 201 987 220 1046; x_wconf 92' lang='lat' dir='ltr'>i.</span> <span class='ocrx_word' id='word_1_38' title='bbox 237 983 276 1047; x_wconf 68' lang='lat'>7⁸</span> <span class='ocrx_word' id='word_1_39' title='bbox 293 985 306 1070; x_wconf 82' lang='grc' dir='ltr'>ΙΙ</span> <span class='ocrx_word' id='word_1_40' title='bbox 330 987 366 1048; x_wconf 88' lang='lat' dir='ltr'>Vt</span> <span class='ocrx_word' id='word_1_41' title='bbox 388 987 581 1068; x_wconf 88' lang='lat' dir='ltr'>Vergilius</span> <span class='ocrx_word' id='word_1_42' title='bbox 603 989 689 1050; x_wconf 91' lang='lat' dir='ltr'>dicit:</span> <span class='ocrx_word' id='word_1_43' title='bbox 728 989 919 1067; x_wconf 77' lang='lat' dir='ltr'>Interrogare</span> <span class='ocrx_word' id='word_1_44' title='bbox 941 987 1051 1055; x_wconf 90' lang='lat' dir='ltr'>debeo.</span> <span class='ocrx_word' id='word_1_45' title='bbox 1075 1007 1130 1050; x_wconf 91' lang='lat' dir='ltr'>cur</span> <span class='ocrx_word' id='word_1_46' title='bbox 1152 1007 1261 1051; x_wconf 87' lang='lat' dir='ltr'>nomen</span> <span class='ocrx_word' id='word_1_47' title='bbox 1285 993 1380 1051; x_wconf 90' lang='lat' dir='ltr'>omui·</span> 
     </span>
     <span class='ocr_line' id='line_1_7' title="bbox 84 1083 1382 1170; baseline 0.004 -22"><span class='ocrx_word' id='word_1_48' title='bbox 84 1087 137 1150; x_wconf 90' lang='lat' dir='ltr'>bus</span> <span class='ocrx_word' id='word_1_49' title='bbox 166 1087 303 1169; x_wconf 86' lang='lat' dir='ltr'>partibus</span> <span class='ocrx_word' id='word_1_50' title='bbox 329 1089 496 1151; x_wconf 74' lang='lat' dir='ltr'>Latinitatis</span> <span class='ocrx_word' id='word_1_51' title='bbox 521 1089 687 1170; x_wconf 88' lang='lat' dir='ltr'>praelatum</span> <span class='ocrx_word' id='word_1_52' title='bbox 717 1093 769 1160; x_wconf 88' lang='lat' dir='ltr'>sit,</span> <span class='ocrx_word' id='word_1_53' title='bbox 800 1109 867 1152; x_wconf 91' lang='lat' dir='ltr'>cum</span> <span class='ocrx_word' id='word_1_54' title='bbox 895 1083 927 1150; x_wconf 85' lang='lat' dir='ltr'>ib</span> <span class='ocrx_word' id='word_1_55' title='bbox 954 1087 1131 1170; x_wconf 89' lang='lat' dir='ltr'>†biborum</span> <span class='ocrx_word' id='word_1_56' title='bbox 1160 1093 1328 1153; x_wconf 84' lang='lat' dir='ltr'>elocutione</span> <span class='ocrx_word' id='word_1_57' title='bbox 1351 1100 1382 1153; x_wconf 91' lang='lat' dir='ltr'>et</span> 
     </span>
     <span class='ocr_line' id='line_1_8' title="bbox 81 1190 1376 1288; baseline 0.003 -38"><span class='ocrx_word' id='word_1_58' title='bbox 81 1191 298 1270; x_wconf 83' lang='lat' dir='ltr'>compositione</span> <span class='ocrx_word' id='word_1_59' title='bbox 319 1192 512 1272; x_wconf 89' lang='lat' dir='ltr'>praecipuum</span> <span class='ocrx_word' id='word_1_60' title='bbox 529 1193 714 1288; x_wconf 63' lang='lat' dir='ltr'>existimqur</span> <span class='ocrx_word' id='word_1_61' title='bbox 729 1190 863 1253; x_wconf 86' lang='lat' dir='ltr'>uerbum.</span> <span class='ocrx_word' id='word_1_62' title='bbox 910 1191 1008 1272; x_wconf 87' lang='lat' dir='ltr'>Super</span> <span class='ocrx_word' id='word_1_63' title='bbox 1024 1193 1081 1254; x_wconf 90' lang='lat' dir='ltr'>boc</span> <span class='ocrx_word' id='word_1_64' title='bbox 1096 1195 1243 1255; x_wconf 76' lang='lat' dir='ltr'>Aeneas</span> <span class='ocrx_word' id='word_1_65' title='bbox 1265 1194 1376 1272; x_wconf 91' lang='lat' dir='ltr'>inquit:</span> 
     </span>
     <span class='ocr_line' id='line_1_9' title="bbox 83 1291 1378 1376; baseline 0.004 -25"><span class='ocrx_word' id='word_1_66' title='bbox 83 1291 196 1353; x_wconf 87' lang='lat' dir='ltr'>Nomen</span> <span class='ocrx_word' id='word_1_67' title='bbox 219 1292 383 1355; x_wconf 90' lang='lat' dir='ltr'>secundum</span> <span class='ocrx_word' id='word_1_68' title='bbox 406 1311 574 1354; x_wconf 89' lang='lat' dir='ltr'>sermonem</span> <span class='ocrx_word' id='word_1_69' title='bbox 597 1294 777 1374; x_wconf 87' lang='lat' dir='ltr'>principium</span> <span class='ocrx_word' id='word_1_70' title='bbox 794 1302 851 1364; x_wconf 86' lang='lat' dir='ltr'>est,</span> <span class='ocrx_word' id='word_1_71' title='bbox 876 1311 935 1354; x_wconf 92' lang='lat' dir='ltr'>non</span> <span class='ocrx_word' id='word_1_72' title='bbox 958 1293 1123 1355; x_wconf 88' lang='lat' dir='ltr'>secuudum</span> <span class='ocrx_word' id='word_1_73' title='bbox 1138 1294 1378 1376; x_wconf 86' lang='lat' dir='ltr'>appeliationem.</span> 
     </span>
     <span class='ocr_line' id='line_1_10' title="bbox 84 1393 1379 1474; baseline 0 -18"><span class='ocrx_word' id='word_1_74' title='bbox 84 1395 155 1456; x_wconf 81' lang='lat' dir='ltr'>Cum</span> <span class='ocrx_word' id='word_1_75' title='bbox 179 1397 260 1456; x_wconf 90' lang='lat' dir='ltr'>enirn</span> <span class='ocrx_word' id='word_1_76' title='bbox 288 1397 424 1456; x_wconf 87' lang='lat' dir='ltr'>nascitur</span> <span class='ocrx_word' id='word_1_77' title='bbox 452 1394 556 1468; x_wconf 75' lang='lat' dir='ltr'>bouso,</span> <span class='ocrx_word' id='word_1_78' title='bbox 586 1397 759 1474; x_wconf 88' lang='lat' dir='ltr'>priusquam</span> <span class='ocrx_word' id='word_1_79' title='bbox 788 1413 850 1456; x_wconf 85' lang='lat' dir='ltr'>rem</span> <span class='ocrx_word' id='word_1_80' title='bbox 880 1393 1008 1474; x_wconf 83' lang='lat' dir='ltr'>aliquam</span> <span class='ocrx_word' id='word_1_81' title='bbox 1036 1402 1105 1474; x_wconf 90' lang='lat' dir='ltr'>agat</span> <span class='ocrx_word' id='word_1_82' title='bbox 1132 1394 1180 1456; x_wconf 90' lang='lat' dir='ltr'>uel</span> <span class='ocrx_word' id='word_1_83' title='bbox 1209 1396 1304 1458; x_wconf 83' lang='lat' dir='ltr'>diseat</span> <span class='ocrx_word' id='word_1_84' title='bbox 1332 1395 1379 1456; x_wconf 91' lang='lat' dir='ltr'>uel</span> 
     </span>
    </p>

    <p class='ocr_par' dir='ltr' id='par_1_7' title="bbox 51 1495 1416 1679">
     <span class='ocr_line' id='line_1_11' title="bbox 51 1495 1416 1576; baseline 0.001 -20"><span class='ocrx_word' id='word_1_85' title='bbox 51 1497 171 1566; x_wconf 73' lang='lat' dir='ltr'>resciat,</span> <span class='ocrx_word' id='word_1_86' title='bbox 194 1515 303 1559; x_wconf 89' lang='lat' dir='ltr'>nomeu</span> <span class='ocrx_word' id='word_1_87' title='bbox 325 1496 367 1558; x_wconf 92' lang='lat' dir='ltr'>ilii</span> <span class='ocrx_word' id='word_1_88' title='bbox 388 1496 517 1567; x_wconf 88' lang='lat' dir='ltr'>inditur,</span> <span class='ocrx_word' id='word_1_89' title='bbox 540 1513 638 1572; x_wconf 83' lang='lat' dir='ltr'>quare</span> <span class='ocrx_word' id='word_1_90' title='bbox 659 1495 755 1558; x_wconf 87' lang='lat' dir='ltr'>uerbo</span> <span class='ocrx_word' id='word_1_91' title='bbox 782 1495 949 1576; x_wconf 89' lang='lat' dir='ltr'>praecedit;</span> <span class='ocrx_word' id='word_1_92' title='bbox 979 1515 1088 1558; x_wconf 88' lang='lat' dir='ltr'>nomeu</span> <span class='ocrx_word' id='word_1_93' title='bbox 1116 1514 1187 1576; x_wconf 91' lang='lat' dir='ltr'>ergo</span> <span class='ocrx_word' id='word_1_94' title='bbox 1216 1515 1286 1576; x_wconf 92' lang='lat' dir='ltr'>pars</span> <span class='ocrx_word' id='word_1_95' title='bbox 1313 1517 1380 1559; x_wconf 92' lang='lat' dir='ltr'>ora·</span> <span class='ocrx_word' id='word_1_96' title='bbox 1412 1543 1416 1550; x_wconf 73' lang='lat'>.</span> 
     </span>
     <span class='ocr_line' id='line_1_12' title="bbox 85 1597 565 1679; baseline 0.002 -22"><span class='ocrx_word' id='word_1_97' title='bbox 85 1599 173 1660; x_wconf 90' lang='lat' dir='ltr'>tionis</span> <span class='ocrx_word' id='word_1_98' title='bbox 194 1597 367 1679; x_wconf 87' lang='lat' dir='ltr'>principalis</span> <span class='ocrx_word' id='word_1_99' title='bbox 388 1597 565 1659; x_wconf 83' lang='lat' dir='ltr'>Latinitatis.</span> 
     </span>
    </p>

    <p class='ocr_par' dir='ltr' id='par_1_8' title="bbox 85 1699 1379 1985">
     <span class='ocr_line' id='line_1_13' title="bbox 166 1699 1379 1781; baseline -0.001 -19"><span class='ocrx_word' id='word_1_100' title='bbox 166 1701 247 1762; x_wconf 85' lang='lat' dir='ltr'>Ibid.</span> <span class='ocrx_word' id='word_1_101' title='bbox 293 1701 329 1760; x_wconf 90' lang='lat' dir='ltr'>Vt</span> <span class='ocrx_word' id='word_1_102' title='bbox 344 1699 541 1781; x_wconf 86' lang='lat' dir='ltr'>Pompeius</span> <span class='ocrx_word' id='word_1_103' title='bbox 571 1747 704 1762; x_wconf 90' lang='grc'><strong>.......</strong></span> <span class='ocrx_word' id='word_1_104' title='bbox 719 1702 766 1761; x_wconf 91' lang='lat' dir='ltr'>nis</span> <span class='ocrx_word' id='word_1_105' title='bbox 788 1709 924 1762; x_wconf 89' lang='lat' dir='ltr'>creatura</span> <span class='ocrx_word' id='word_1_106' title='bbox 948 1720 984 1762; x_wconf 81' lang='lat' dir='ltr'>ex</span> <span class='ocrx_word' id='word_1_107' title='bbox 1006 1702 1127 1762; x_wconf 91' lang='lat' dir='ltr'>nomine</span> <span class='ocrx_word' id='word_1_108' title='bbox 1149 1719 1203 1762; x_wconf 92' lang='lat' dir='ltr'>suo</span> <span class='ocrx_word' id='word_1_109' title='bbox 1225 1702 1379 1779; x_wconf 85' lang='lat' dir='ltr'>cognosci·</span> 
     </span>
     <span class='ocr_line' id='line_1_14' title="bbox 85 1801 1379 1882; baseline 0.002 -21"><span class='ocrx_word' id='word_1_110' title='bbox 85 1809 143 1862; x_wconf 91' lang='lat' dir='ltr'>tur:</span> <span class='ocrx_word' id='word_1_111' title='bbox 175 1803 231 1864; x_wconf 90' lang='lat' dir='ltr'>nisi</span> <span class='ocrx_word' id='word_1_112' title='bbox 255 1804 334 1864; x_wconf 89' lang='lat' dir='ltr'>euim</span> <span class='ocrx_word' id='word_1_113' title='bbox 358 1803 463 1864; x_wconf 85' lang='lat' dir='ltr'>scieris</span> <span class='ocrx_word' id='word_1_114' title='bbox 484 1819 609 1871; x_wconf 90' lang='lat' dir='ltr'>nomen,</span> <span class='ocrx_word' id='word_1_115' title='bbox 633 1803 762 1880; x_wconf 77' lang='lat' dir='ltr'>cognitio</span> <span class='ocrx_word' id='word_1_116' title='bbox 785 1820 885 1864; x_wconf 90' lang='lat' dir='ltr'>rerum</span> <span class='ocrx_word' id='word_1_117' title='bbox 909 1803 998 1882; x_wconf 89' lang='lat' dir='ltr'>perit.</span> <span class='ocrx_word' id='word_1_118' title='bbox 1041 1801 1135 1864; x_wconf 75' lang='lat' dir='ltr'>aliter</span> <span class='ocrx_word' id='word_1_119' title='bbox 1156 1821 1229 1864; x_wconf 91' lang='lat' dir='ltr'>uero</span> <span class='ocrx_word' id='word_1_120' title='bbox 1253 1803 1379 1880; x_wconf 89' lang='lat' dir='ltr'>Vergi-</span> 
     </span>
     <span class='ocr_line' id='line_1_15' title="bbox 86 1891 1378 1985; baseline 0.001 -22"><span class='ocrx_word' id='word_1_121' title='bbox 86 1901 156 1964; x_wconf 87' lang='lat' dir='ltr'>lius</span> <span class='ocrx_word' id='word_1_122' title='bbox 184 1904 271 1966; x_wconf 89' lang='lat' dir='ltr'>dicit:</span> <span class='ocrx_word' id='word_1_123' title='bbox 301 1904 372 1965; x_wconf 87' lang='lat' dir='ltr'>ideo</span> <span class='ocrx_word' id='word_1_124' title='bbox 393 1905 589 1985; x_wconf 81' lang='lat' dir='ltr'>‘praeponitur</span> <span class='ocrx_word' id='word_1_125' title='bbox 612 1921 735 1979; x_wconf 82' lang='lat' dir='ltr'>nomen,</span> <span class='ocrx_word' id='word_1_126' title='bbox 764 1903 844 1984; x_wconf 92' lang='lat' dir='ltr'>quod</span> <span class='ocrx_word' id='word_1_127' title='bbox 867 1903 986 1984; x_wconf 89' lang='lat' dir='ltr'>quando</span> <span class='ocrx_word' id='word_1_128' title='bbox 1008 1951 1099 1966; x_wconf 92' lang='grc'><strong>.....</strong></span> <span class='ocrx_word' id='word_1_129' title='bbox 1120 1905 1232 1974; x_wconf 86' lang='lat' dir='ltr'>inians,</span> <span class='ocrx_word' id='word_1_130' title='bbox 1256 1891 1378 1964; x_wconf 88' lang='lat' dir='ltr'>neccsse</span> 
     </span>
    </p>

    <p class='ocr_par' dir='ltr' id='par_1_9' title="bbox 53 2005 1379 2188">
     <span class='ocr_line' id='line_1_16' title="bbox 53 2005 1379 2085; baseline 0.002 -20"><span class='ocrx_word' id='word_1_131' title='bbox 53 2019 74 2058; x_wconf 81' lang='lat'>1⁵</span> <span class='ocrx_word' id='word_1_132' title='bbox 88 2013 145 2076; x_wconf 88' lang='lat' dir='ltr'>est,</span> <span class='ocrx_word' id='word_1_133' title='bbox 169 2007 321 2068; x_wconf 87' lang='lat' dir='ltr'>utstatim</span> <span class='ocrx_word' id='word_1_134' title='bbox 345 2005 453 2066; x_wconf 88' lang='lat' dir='ltr'>babeat</span> <span class='ocrx_word' id='word_1_135' title='bbox 475 2023 599 2074; x_wconf 76' lang='lat' dir='ltr'>nomen:</span> <span class='ocrx_word' id='word_1_136' title='bbox 627 2013 725 2067; x_wconf 87' lang='lat' dir='ltr'>actum</span> <span class='ocrx_word' id='word_1_137' title='bbox 748 2023 822 2066; x_wconf 85' lang='lat' dir='ltr'>uero</span> <span class='ocrx_word' id='word_1_138' title='bbox 844 2023 903 2068; x_wconf 90' lang='lat' dir='ltr'>ooo</span> <span class='ocrx_word' id='word_1_139' title='bbox 926 2014 1023 2085; x_wconf 90' lang='lat' dir='ltr'>potest</span> <span class='ocrx_word' id='word_1_140' title='bbox 1045 2006 1157 2068; x_wconf 85' lang='lat' dir='ltr'>iacere:</span> <span class='ocrx_word' id='word_1_141' title='bbox 1179 2009 1308 2082; x_wconf 82' lang='lat' dir='ltr'>proprie</span> <span class='ocrx_word' id='word_1_142' title='bbox 1321 2007 1379 2067; x_wconf 86' lang='lat' dir='ltr'>boe</span> 
     </span>
     <span class='ocr_line' id='line_1_17' title="bbox 88 2107 506 2188; baseline 0 -21"><span class='ocrx_word' id='word_1_143' title='bbox 88 2115 268 2169; x_wconf 83' lang='lat' dir='ltr'>monstratur</span> <span class='ocrx_word' id='word_1_144' title='bbox 290 2125 346 2188; x_wconf 88' lang='lat' dir='ltr'>per</span> <span class='ocrx_word' id='word_1_145' title='bbox 368 2107 506 2169; x_wconf 89' lang='lat' dir='ltr'>uerbum.</span> 
     </span>
    </p>

    <p class='ocr_par' dir='ltr' id='par_1_10' title="bbox 87 2206 1378 2390">
     <span class='ocr_line' id='line_1_18' title="bbox 167 2206 1377 2292; baseline 0 -23"><span class='ocrx_word' id='word_1_146' title='bbox 167 2207 179 2288; x_wconf 81' lang='lat' dir='ltr'>ll</span> <span class='ocrx_word' id='word_1_147' title='bbox 200 2206 325 2292; x_wconf 76' lang='lat' dir='ltr'>i.10¹’ll</span> <span class='ocrx_word' id='word_1_148' title='bbox 356 2210 517 2272; x_wconf 85' lang='lat' dir='ltr'>Diriuatiua</span> <span class='ocrx_word' id='word_1_149' title='bbox 545 2208 653 2270; x_wconf 84' lang='lat' dir='ltr'>multas</span> <span class='ocrx_word' id='word_1_150' title='bbox 675 2209 900 2271; x_wconf 85' lang='lat' dir='ltr'>terminationes</span> <span class='ocrx_word' id='word_1_151' title='bbox 921 2207 1032 2272; x_wconf 88' lang='lat' dir='ltr'>babent</span> <span class='ocrx_word' id='word_1_152' title='bbox 1058 2212 1090 2270; x_wconf 94' lang='lat' dir='ltr'>iu</span> <span class='ocrx_word' id='word_1_153' title='bbox 1114 2209 1227 2271; x_wconf 82' lang='lat' dir='ltr'>ultimis</span> <span class='ocrx_word' id='word_1_154' title='bbox 1249 2207 1377 2288; x_wconf 78' lang='lat' dir='ltr'>syllabis,</span> 
     </span>
     <span class='ocr_line' id='line_1_19' title="bbox 87 2310 1378 2390; baseline 0.002 -20"><span class='ocrx_word' id='word_1_155' title='bbox 87 2320 116 2372; x_wconf 89' lang='lat' dir='ltr'>ut</span> <span class='ocrx_word' id='word_1_156' title='bbox 136 2310 327 2390; x_wconf 88' lang='lat' dir='ltr'>Vergilius</span> <span class='ocrx_word' id='word_1_157' title='bbox 350 2310 435 2373; x_wconf 87' lang='lat' dir='ltr'>dicit:</span> <span class='ocrx_word' id='word_1_158' title='bbox 473 2311 634 2372; x_wconf 85' lang='lat' dir='ltr'>Diriuatiua</span> <span class='ocrx_word' id='word_1_159' title='bbox 663 2318 761 2372; x_wconf 89' lang='lat' dir='ltr'>autern</span> <span class='ocrx_word' id='word_1_160' title='bbox 792 2328 851 2371; x_wconf 90' lang='lat' dir='ltr'>nou</span> <span class='ocrx_word' id='word_1_161' title='bbox 881 2312 968 2372; x_wconf 91' lang='lat' dir='ltr'>unius</span> <span class='ocrx_word' id='word_1_162' title='bbox 990 2319 1058 2372; x_wconf 92' lang='lat' dir='ltr'>sunl</span> <span class='ocrx_word' id='word_1_163' title='bbox 1080 2314 1183 2373; x_wconf 90' lang='lat' dir='ltr'>moris.</span> <span class='ocrx_word' id='word_1_164' title='bbox 1228 2312 1378 2383; x_wconf 83' lang='lat' dir='ltr'>Quaedam</span> 
     </span>
    </p>
   </div>
   <div class='ocr_carea' id='block_1_3' title="bbox 86 2410 1474 2494">
    <p class='ocr_par' dir='ltr' id='par_1_11' title="bbox 86 2410 1474 2494">
     <span class='ocr_line' id='line_1_20' title="bbox 86 2410 1474 2494; baseline 0.001 -22"><span class='ocrx_word' id='word_1_165' title='bbox 86 2414 159 2474; x_wconf 86' lang='lat' dir='ltr'>cuim</span> <span class='ocrx_word' id='word_1_166' title='bbox 182 2415 213 2473; x_wconf 92' lang='lat' dir='ltr'>iu</span> <span class='ocrx_word' id='word_1_167' title='bbox 237 2432 273 2474; x_wconf 92' lang='lat' dir='ltr'>us</span> <span class='ocrx_word' id='word_1_168' title='bbox 296 2411 439 2494; x_wconf 74' lang='lat' dir='ltr'>syllabam</span> <span class='ocrx_word' id='word_1_169' title='bbox 463 2412 616 2482; x_wconf 89' lang='lat' dir='ltr'>desinunt,</span> <span class='ocrx_word' id='word_1_170' title='bbox 639 2421 673 2473; x_wconf 93' lang='lat' dir='ltr'>ut</span> <span class='ocrx_word' id='word_1_171' title='bbox 694 2410 731 2472; x_wconf 92' lang='lat' dir='ltr'>de</span> <span class='ocrx_word' id='word_1_172' title='bbox 755 2421 834 2474; x_wconf 93' lang='lat' dir='ltr'>terra</span> <span class='ocrx_word' id='word_1_173' title='bbox 858 2421 1004 2483; x_wconf 90' lang='lat' dir='ltr'>terrenus,</span> <span class='ocrx_word' id='word_1_174' title='bbox 1028 2412 1064 2474; x_wconf 91' lang='lat' dir='ltr'>de</span> <span class='ocrx_word' id='word_1_175' title='bbox 1088 2421 1188 2475; x_wconf 89' lang='lat' dir='ltr'>monte</span> <span class='ocrx_word' id='word_1_176' title='bbox 1212 2423 1377 2482; x_wconf 89' lang='lat' dir='ltr'>montanus,</span> <span class='ocrx_word' id='word_1_177' title='bbox 1466 2413 1474 2422; x_wconf 91' lang='lat'>&#39;</span> 
     </span>
    </p>
   </div>
   <div class='ocr_carea' id='block_1_4' title="bbox 54 2513 1381 2899">
    <p class='ocr_par' dir='ltr' id='par_1_12' title="bbox 54 2513 1381 2899">
     <span class='ocr_line' id='line_1_21' title="bbox 54 2513 1381 2594; baseline -0.001 -19"><span class='ocrx_word' id='word_1_178' title='bbox 54 2514 226 2591; x_wconf 73' lang='lat' dir='ltr'>squaedam</span> <span class='ocrx_word' id='word_1_179' title='bbox 255 2516 285 2576; x_wconf 93' lang='lat' dir='ltr'>in</span> <span class='ocrx_word' id='word_1_180' title='bbox 314 2533 366 2576; x_wconf 87' lang='lat' dir='ltr'>cus</span> <span class='ocrx_word' id='word_1_181' title='bbox 393 2518 536 2584; x_wconf 83' lang='lat' dir='ltr'>maxime,</span> <span class='ocrx_word' id='word_1_182' title='bbox 564 2532 641 2594; x_wconf 90' lang='lat' dir='ltr'>quae</span> <span class='ocrx_word' id='word_1_183' title='bbox 669 2513 706 2573; x_wconf 90' lang='lat' dir='ltr'>de</span> <span class='ocrx_word' id='word_1_184' title='bbox 734 2514 905 2593; x_wconf 86' lang='lat' dir='ltr'>regionibus</span> <span class='ocrx_word' id='word_1_185' title='bbox 933 2524 960 2575; x_wconf 93' lang='lat' dir='ltr'>et</span> <span class='ocrx_word' id='word_1_186' title='bbox 987 2514 1126 2592; x_wconf 89' lang='lat' dir='ltr'>gentibus</span> <span class='ocrx_word' id='word_1_187' title='bbox 1153 2515 1322 2577; x_wconf 89' lang='lat' dir='ltr'>diriuautur</span> <span class='ocrx_word' id='word_1_188' title='bbox 1351 2522 1381 2574; x_wconf 90' lang='lat' dir='ltr'>el</span> 
     </span>
     <span class='ocr_line' id='line_1_22' title="bbox 86 2615 1378 2694; baseline 0.002 -19"><span class='ocrx_word' id='word_1_189' title='bbox 86 2619 185 2687; x_wconf 89' lang='lat' dir='ltr'>sectis,</span> <span class='ocrx_word' id='word_1_190' title='bbox 208 2625 241 2679; x_wconf 91' lang='lat' dir='ltr'>ut</span> <span class='ocrx_word' id='word_1_191' title='bbox 262 2616 471 2678; x_wconf 85' lang='lat' dir='ltr'>Macedonicus</span> <span class='ocrx_word' id='word_1_192' title='bbox 493 2616 675 2679; x_wconf 90' lang='lat' dir='ltr'>Sarmaticus</span> <span class='ocrx_word' id='word_1_193' title='bbox 698 2617 891 2679; x_wconf 85' lang='lat' dir='ltr'>Germanicus</span> <span class='ocrx_word' id='word_1_194' title='bbox 912 2617 1132 2694; x_wconf 89' lang='lat' dir='ltr'>grammaticus.</span> <span class='ocrx_word' id='word_1_195' title='bbox 1169 2615 1327 2688; x_wconf 87' lang='lat' dir='ltr'>Quaedam</span> <span class='ocrx_word' id='word_1_196' title='bbox 1347 2618 1378 2678; x_wconf 93' lang='lat' dir='ltr'>iu</span> 
     </span>
     <span class='ocr_line' id='line_1_23' title="bbox 88 2714 1377 2796; baseline 0.002 -20"><span class='ocrx_word' id='word_1_197' title='bbox 88 2717 135 2786; x_wconf 88' lang='lat' dir='ltr'>tis,</span> <span class='ocrx_word' id='word_1_198' title='bbox 158 2727 191 2780; x_wconf 90' lang='lat' dir='ltr'>ut</span> <span class='ocrx_word' id='word_1_199' title='bbox 214 2716 362 2781; x_wconf 86' lang='lat' dir='ltr'>caelestis.</span> <span class='ocrx_word' id='word_1_200' title='bbox 407 2718 558 2789; x_wconf 82' lang='lat' dir='ltr'>Quaedam</span> <span class='ocrx_word' id='word_1_201' title='bbox 586 2721 617 2779; x_wconf 92' lang='lat' dir='ltr'>in</span> <span class='ocrx_word' id='word_1_202' title='bbox 646 2737 713 2788; x_wconf 87' lang='lat' dir='ltr'>eus,</span> <span class='ocrx_word' id='word_1_203' title='bbox 743 2725 776 2779; x_wconf 92' lang='lat' dir='ltr'>ut</span> <span class='ocrx_word' id='word_1_204' title='bbox 801 2719 916 2796; x_wconf 88' lang='lat' dir='ltr'>igneus.</span> <span class='ocrx_word' id='word_1_205' title='bbox 961 2714 1110 2787; x_wconf 82' lang='lat' dir='ltr'>Quaedam</span> <span class='ocrx_word' id='word_1_206' title='bbox 1132 2719 1163 2779; x_wconf 90' lang='lat' dir='ltr'>in</span> <span class='ocrx_word' id='word_1_207' title='bbox 1186 2719 1246 2788; x_wconf 89' lang='lat' dir='ltr'>ius,</span> <span class='ocrx_word' id='word_1_208' title='bbox 1270 2726 1302 2780; x_wconf 92' lang='lat' dir='ltr'>ut</span> <span class='ocrx_word' id='word_1_209' title='bbox 1322 2721 1377 2780; x_wconf 81' lang='lat' dir='ltr'>Ae-</span> 
     </span>
     <span class='ocr_line' id='line_1_24' title="bbox 88 2819 902 2899; baseline 0 -19"><span class='ocrx_word' id='word_1_210' title='bbox 88 2822 208 2899; x_wconf 73' lang='lat' dir='ltr'>ggptius.</span> <span class='ocrx_word' id='word_1_211' title='bbox 252 2819 403 2892; x_wconf 88' lang='lat' dir='ltr'>Quaedam</span> <span class='ocrx_word' id='word_1_212' title='bbox 426 2821 457 2880; x_wconf 92' lang='lat' dir='ltr'>iu</span> <span class='ocrx_word' id='word_1_213' title='bbox 480 2819 531 2889; x_wconf 89' lang='lat' dir='ltr'>lis,</span> <span class='ocrx_word' id='word_1_214' title='bbox 555 2829 587 2882; x_wconf 93' lang='lat' dir='ltr'>ut</span> <span class='ocrx_word' id='word_1_215' title='bbox 609 2820 737 2882; x_wconf 89' lang='lat' dir='ltr'>carnalis</span> <span class='ocrx_word' id='word_1_216' title='bbox 759 2819 902 2881; x_wconf 90' lang='lat' dir='ltr'>animalis.</span> 
     </span>
    </p>
   </div>
   <div class='ocr_carea' id='block_1_5' title="bbox 58 2935 1378 3428">
    <p class='ocr_par' dir='ltr' id='par_1_13' title="bbox 58 2935 1378 3428">
     <span class='ocr_line' id='line_1_25' title="bbox 159 2935 1378 3021; baseline 0.001 -21"><span class='ocrx_word' id='word_1_217' title='bbox 159 2935 282 3021; x_wconf 79' lang='grc' dir='ltr'>11111Ι</span> <span class='ocrx_word' id='word_1_218' title='bbox 305 2936 316 3021; x_wconf 91' lang='grc' dir='ltr'>ΙΙ</span> <span class='ocrx_word' id='word_1_219' title='bbox 346 2939 450 3000; x_wconf 84' lang='lat' dir='ltr'>Vtrum</span> <span class='ocrx_word' id='word_1_220' title='bbox 479 2937 641 3000; x_wconf 90' lang='lat' dir='ltr'>obseruant</span> <span class='ocrx_word' id='word_1_221' title='bbox 673 2937 848 3000; x_wconf 81' lang='lat' dir='ltr'>diminutius</span> <span class='ocrx_word' id='word_1_222' title='bbox 880 2955 990 3016; x_wconf 90' lang='lat' dir='ltr'>genera</span> <span class='ocrx_word' id='word_1_223' title='bbox 1022 2939 1191 3008; x_wconf 88' lang='lat' dir='ltr'>nominum,</span> <span class='ocrx_word' id='word_1_224' title='bbox 1227 2959 1242 3000; x_wconf 88' lang='lat' dir='ltr'>a</span> <span class='ocrx_word' id='word_1_225' title='bbox 1272 2939 1378 3019; x_wconf 88' lang='lat' dir='ltr'>quibus</span> 
     </span>
     <span class='ocr_line' id='line_1_26' title="bbox 58 3038 1376 3120; baseline 0.003 -22"><span class='ocrx_word' id='word_1_226' title='bbox 58 3041 266 3104; x_wconf 74' lang='lat' dir='ltr'>enascuntur?</span> <span class='ocrx_word' id='word_1_227' title='bbox 309 3039 473 3120; x_wconf 78' lang='lat' dir='ltr'>Aliquando</span> <span class='ocrx_word' id='word_1_228' title='bbox 510 3039 687 3116; x_wconf 91' lang='lat' dir='ltr'>obseruaut‚</span> <span class='ocrx_word' id='word_1_229' title='bbox 721 3038 879 3119; x_wconf 89' lang='lat' dir='ltr'>aliquando</span> <span class='ocrx_word' id='word_1_230' title='bbox 912 3057 987 3110; x_wconf 92' lang='lat' dir='ltr'>non,</span> <span class='ocrx_word' id='word_1_231' title='bbox 1021 3047 1054 3100; x_wconf 91' lang='lat' dir='ltr'>ut</span> <span class='ocrx_word' id='word_1_232' title='bbox 1077 3039 1257 3119; x_wconf 91' lang='lat' dir='ltr'>Virgilius</span> <span class='ocrx_word' id='word_1_233' title='bbox 1291 3039 1376 3103; x_wconf 86' lang='lat' dir='ltr'>dicit:</span> 
     </span>
     <span class='ocr_line' id='line_1_27' title="bbox 90 3139 1377 3222; baseline 0.004 -23"><span class='ocrx_word' id='word_1_234' title='bbox 90 3139 263 3205; x_wconf 80' lang='lat' dir='ltr'>diminutiua</span> <span class='ocrx_word' id='word_1_235' title='bbox 287 3149 400 3212; x_wconf 89' lang='lat' dir='ltr'>autem,</span> <span class='ocrx_word' id='word_1_236' title='bbox 425 3143 560 3222; x_wconf 91' lang='lat' dir='ltr'>quamuis</span> <span class='ocrx_word' id='word_1_237' title='bbox 584 3143 699 3222; x_wconf 91' lang='lat' dir='ltr'>etipsa</span> <span class='ocrx_word' id='word_1_238' title='bbox 721 3139 874 3202; x_wconf 91' lang='lat' dir='ltr'>inmobilia</span> <span class='ocrx_word' id='word_1_239' title='bbox 897 3149 980 3211; x_wconf 87' lang='lat' dir='ltr'>suut,</span> <span class='ocrx_word' id='word_1_240' title='bbox 1005 3140 1121 3220; x_wconf 92' lang='lat' dir='ltr'>quaudo</span> <span class='ocrx_word' id='word_1_241' title='bbox 1141 3141 1231 3203; x_wconf 90' lang='lat' dir='ltr'>nullis</span> <span class='ocrx_word' id='word_1_242' title='bbox 1246 3143 1377 3204; x_wconf 86' lang='lat' dir='ltr'>adiciun-</span> 
     </span>
     <span class='ocr_line' id='line_1_28' title="bbox 88 3242 1376 3324; baseline 0.002 -23"><span class='ocrx_word' id='word_1_243' title='bbox 88 3247 140 3313; x_wconf 85' lang='lat' dir='ltr'>tur,</span> <span class='ocrx_word' id='word_1_244' title='bbox 169 3245 206 3306; x_wconf 95' lang='lat' dir='ltr'>ab</span> <span class='ocrx_word' id='word_1_245' title='bbox 230 3245 276 3305; x_wconf 90' lang='lat' dir='ltr'>bis</span> <span class='ocrx_word' id='word_1_246' title='bbox 298 3253 397 3306; x_wconf 89' lang='lat' dir='ltr'>tameo</span> <span class='ocrx_word' id='word_1_247' title='bbox 420 3242 604 3309; x_wconf 88' lang='lat' dir='ltr'>nominibus.</span> <span class='ocrx_word' id='word_1_248' title='bbox 636 3243 744 3323; x_wconf 92' lang='lat' dir='ltr'>quibus</span> <span class='ocrx_word' id='word_1_249' title='bbox 773 3243 909 3314; x_wconf 91' lang='lat' dir='ltr'>haerent,</span> <span class='ocrx_word' id='word_1_250' title='bbox 939 3262 1029 3324; x_wconf 88' lang='lat' dir='ltr'>saepe</span> <span class='ocrx_word' id='word_1_251' title='bbox 1058 3259 1169 3321; x_wconf 88' lang='lat' dir='ltr'>genere</span> <span class='ocrx_word' id='word_1_252' title='bbox 1198 3243 1376 3323; x_wconf 84' lang='lat' dir='ltr'>discrepant.</span> 
     </span>
     <span class='ocr_line' id='line_1_29' title="bbox 89 3343 1377 3428; baseline 0.004 -26"><span class='ocrx_word' id='word_1_253' title='bbox 89 3343 310 3428; x_wconf 85' lang='lat' dir='ltr'>Nonnumquam</span> <span class='ocrx_word' id='word_1_254' title='bbox 333 3353 433 3406; x_wconf 88' lang='lat' dir='ltr'>tamen</span> <span class='ocrx_word' id='word_1_255' title='bbox 456 3345 650 3408; x_wconf 84' lang='lat' dir='ltr'>concordant.</span> <span class='ocrx_word' id='word_1_256' title='bbox 696 3346 774 3408; x_wconf 86' lang='lat' dir='ltr'>Dicis</span> <span class='ocrx_word' id='word_1_257' title='bbox 797 3347 875 3405; x_wconf 90' lang='lat' dir='ltr'>enim</span> <span class='ocrx_word' id='word_1_258' title='bbox 905 3343 1072 3414; x_wconf 78' lang='lat' dir='ltr'>‘taberna’‚</span> <span class='ocrx_word' id='word_1_259' title='bbox 1104 3365 1137 3406; x_wconf 85' lang='lat' dir='ltr'>ox</span> <span class='ocrx_word' id='word_1_260' title='bbox 1166 3365 1223 3425; x_wconf 88' lang='lat' dir='ltr'>qua</span> <span class='ocrx_word' id='word_1_261' title='bbox 1252 3347 1377 3407; x_wconf 87' lang='lat' dir='ltr'>dimion-</span> 
     </span>
    </p>
   </div>
   <div class='ocr_carea' id='block_1_6' title="bbox 90 3633 1378 4719">
    <p class='ocr_par' dir='ltr' id='par_1_14' title="bbox 90 3633 1378 4719">
     <span class='ocr_line' id='line_1_30' title="bbox 151 3633 1376 3701; baseline 0.004 -19"><span class='ocrx_word' id='word_1_262' title='bbox 151 3635 163 3682; x_wconf 93' lang='lat'>1</span> <span class='ocrx_word' id='word_1_263' title='bbox 182 3634 231 3684; x_wconf 88' lang='lat' dir='ltr'>bae</span> <span class='ocrx_word' id='word_1_264' title='bbox 248 3649 266 3700; x_wconf 89' lang='lat' dir='ltr'>g</span> <span class='ocrx_word' id='word_1_265' title='bbox 284 3634 391 3691; x_wconf 88' lang='lat' dir='ltr'>ratione,</span> <span class='ocrx_word' id='word_1_266' title='bbox 411 3649 480 3684; x_wconf 87' lang='lat' dir='ltr'>corr.</span> <span class='ocrx_word' id='word_1_267' title='bbox 499 3649 547 3700; x_wconf 90' lang='lat' dir='ltr'>pro</span> <span class='ocrx_word' id='word_1_268' title='bbox 566 3633 614 3684; x_wconf 87' lang='lat' dir='ltr'>hac</span> <span class='ocrx_word' id='word_1_269' title='bbox 632 3649 694 3700; x_wconf 88' lang='lat' dir='ltr'>ergo</span> <span class='ocrx_word' id='word_1_270' title='bbox 712 3649 732 3686; x_wconf 89' lang='lat' dir='ltr'>r.</span> <span class='ocrx_word' id='word_1_271' title='bbox 749 3651 782 3687; x_wconf 86' lang='lat' dir='ltr'>m.</span> <span class='ocrx_word' id='word_1_272' title='bbox 799 3633 834 3683; x_wconf 88' lang='grc' dir='ltr'>ΙΙ</span> <span class='ocrx_word' id='word_1_273' title='bbox 902 3636 918 3684; x_wconf 88' lang='grc'>2</span> <span class='ocrx_word' id='word_1_274' title='bbox 937 3649 982 3682; x_wconf 89' lang='lat' dir='ltr'>neo</span> <span class='ocrx_word' id='word_1_275' title='bbox 1000 3637 1091 3697; x_wconf 75' lang='lat' dir='ltr'>schqq</span> <span class='ocrx_word' id='word_1_276' title='bbox 1115 3649 1129 3683; x_wconf 90' lang='lat' dir='ltr'>a</span> <span class='ocrx_word' id='word_1_277' title='bbox 1148 3649 1221 3701; x_wconf 82' lang='lat' dir='ltr'>rege,</span> <span class='ocrx_word' id='word_1_278' title='bbox 1243 3651 1376 3700; x_wconf 78' lang='lat' dir='ltr'>suprascr.</span> 
     </span>
     <span class='ocr_line' id='line_1_31' title="bbox 91 3701 1376 3766; baseline 0.003 -18"><span class='ocrx_word' id='word_1_279' title='bbox 91 3701 190 3766; x_wconf 79' lang='lat' dir='ltr'>euuiger</span> <span class='ocrx_word' id='word_1_280' title='bbox 207 3703 348 3752; x_wconf 77' lang='lat' dir='ltr'>secernitur</span> <span class='ocrx_word' id='word_1_281' title='bbox 365 3719 393 3750; x_wconf 85' lang='lat' dir='ltr'>m.</span> <span class='ocrx_word' id='word_1_282' title='bbox 415 3701 449 3752; x_wconf 86' lang='lat'>11</span> <span class='ocrx_word' id='word_1_283' title='bbox 535 3705 639 3764; x_wconf 81' lang='lat' dir='ltr'>aquae</span> <span class='ocrx_word' id='word_1_284' title='bbox 708 3703 784 3766; x_wconf 88' lang='lat' dir='ltr'>qnid,</span> <span class='ocrx_word' id='word_1_285' title='bbox 811 3701 1021 3764; x_wconf 69' lang='lat' dir='ltr'>comquicquid</span> <span class='ocrx_word' id='word_1_286' title='bbox 1043 3701 1125 3751; x_wconf 78' lang='lat' dir='ltr'>nell</span> <span class='ocrx_word' id='word_1_287' title='bbox 1194 3704 1376 3766; x_wconf 65' lang='lat' dir='ltr'>ammiuucnlq</span> 
     </span>
     <span class='ocr_line' id='line_1_32' title="bbox 90 3767 1375 3837; baseline 0.006 -23"><span class='ocrx_word' id='word_1_288' title='bbox 90 3781 212 3832; x_wconf 76' lang='lat' dir='ltr'>suprascr.</span> <span class='ocrx_word' id='word_1_289' title='bbox 231 3769 359 3819; x_wconf 86' lang='lat' dir='ltr'>adiutorio</span> <span class='ocrx_word' id='word_1_290' title='bbox 377 3787 408 3820; x_wconf 81' lang='lat' dir='ltr'>m.</span> <span class='ocrx_word' id='word_1_291' title='bbox 427 3769 462 3820; x_wconf 89' lang='lat'>11</span> <span class='ocrx_word' id='word_1_292' title='bbox 530 3767 644 3829; x_wconf 78' lang='lat' dir='ltr'>infirma,</span> <span class='ocrx_word' id='word_1_293' title='bbox 668 3785 800 3834; x_wconf 78' lang='lat' dir='ltr'>suprascr.</span> <span class='ocrx_word' id='word_1_294' title='bbox 823 3785 873 3818; x_wconf 88' lang='lat' dir='ltr'>uon</span> <span class='ocrx_word' id='word_1_295' title='bbox 897 3769 996 3819; x_wconf 83' lang='lat' dir='ltr'>stabilis</span> <span class='ocrx_word' id='word_1_296' title='bbox 1014 3785 1044 3816; x_wconf 85' lang='lat' dir='ltr'>m.</span> <span class='ocrx_word' id='word_1_297' title='bbox 1063 3769 1097 3820; x_wconf 84' lang='grc' dir='ltr'>ΙΙ</span> <span class='ocrx_word' id='word_1_298' title='bbox 1199 3769 1375 3837; x_wconf 80' lang='lat' dir='ltr'>bVergilins]</span> 
     </span>
     <span class='ocr_line' id='line_1_33' title="bbox 91 3837 1377 3902; baseline 0.004 -18"><span class='ocrx_word' id='word_1_299' title='bbox 91 3850 113 3895; x_wconf 83' lang='lat' dir='ltr'>p.</span> <span class='ocrx_word' id='word_1_300' title='bbox 131 3839 179 3886; x_wconf 82' lang='grc'>132</span> <span class='ocrx_word' id='word_1_301' title='bbox 197 3837 265 3888; x_wconf 85' lang='lat' dir='ltr'>Mai:</span> <span class='ocrx_word' id='word_1_302' title='bbox 285 3837 322 3886; x_wconf 88' lang='lat' dir='ltr'>De</span> <span class='ocrx_word' id='word_1_303' title='bbox 341 3839 443 3887; x_wconf 88' lang='lat' dir='ltr'>nomine</span> <span class='ocrx_word' id='word_1_304' title='bbox 461 3838 612 3888; x_wconf 79' lang='lat' dir='ltr'>breuiarium</span> <span class='ocrx_word' id='word_1_305' title='bbox 632 3839 770 3902; x_wconf 82' lang='lat' dir='ltr'>epitomem</span> <span class='ocrx_word' id='word_1_306' title='bbox 789 3839 903 3887; x_wconf 86' lang='lat' dir='ltr'>editurus</span> <span class='ocrx_word' id='word_1_307' title='bbox 922 3851 1041 3902; x_wconf 81' lang='lat' dir='ltr'>rerogare</span> <span class='ocrx_word' id='word_1_308' title='bbox 1059 3839 1131 3902; x_wconf 87' lang='lat' dir='ltr'>prius</span> <span class='ocrx_word' id='word_1_309' title='bbox 1149 3837 1230 3888; x_wconf 83' lang='lat' dir='ltr'>debeo</span> <span class='ocrx_word' id='word_1_310' title='bbox 1248 3841 1377 3901; x_wconf 85' lang='lat' dir='ltr'>querimo-</span> 
     </span>
     <span class='ocr_line' id='line_1_34' title="bbox 93 3905 1376 3971; baseline 0.008 -23"><span class='ocrx_word' id='word_1_311' title='bbox 93 3905 200 3956; x_wconf 84' lang='lat' dir='ltr'>uantibus</span> <span class='ocrx_word' id='word_1_312' title='bbox 222 3920 273 3968; x_wconf 87' lang='lat' dir='ltr'>qun</span> <span class='ocrx_word' id='word_1_313' title='bbox 296 3905 329 3954; x_wconf 85' lang='lat' dir='ltr'>dc</span> <span class='ocrx_word' id='word_1_314' title='bbox 350 3920 429 3955; x_wconf 82' lang='lat' dir='ltr'>caroso</span> <span class='ocrx_word' id='word_1_315' title='bbox 452 3919 544 3954; x_wconf 91' lang='lat' dir='ltr'>nomen</span> <span class='ocrx_word' id='word_1_316' title='bbox 563 3906 680 3957; x_wconf 88' lang='lat' dir='ltr'>omuibus</span> <span class='ocrx_word' id='word_1_317' title='bbox 699 3906 814 3971; x_wconf 82' lang='lat' dir='ltr'>partibus</span> <span class='ocrx_word' id='word_1_318' title='bbox 833 3905 964 3956; x_wconf 83' lang='lat' dir='ltr'>latinitatis</span> <span class='ocrx_word' id='word_1_319' title='bbox 983 3905 1122 3970; x_wconf 82' lang='lat' dir='ltr'>praelatam</span> <span class='ocrx_word' id='word_1_320' title='bbox 1141 3907 1183 3956; x_wconf 88' lang='lat' dir='ltr'>sit.</span> <span class='ocrx_word' id='word_1_321' title='bbox 1220 3905 1316 3957; x_wconf 89' lang='lat' dir='ltr'>Nomen</span> <span class='ocrx_word' id='word_1_322' title='bbox 1336 3924 1376 3958; x_wconf 91' lang='lat' dir='ltr'>se·</span> 
     </span>
     <span class='ocr_line' id='line_1_35' title="bbox 92 3970 1378 4038; baseline 0.006 -21"><span class='ocrx_word' id='word_1_323' title='bbox 92 3971 191 4022; x_wconf 87' lang='lat' dir='ltr'>eundum</span> <span class='ocrx_word' id='word_1_324' title='bbox 209 3987 315 4023; x_wconf 83' lang='lat' dir='ltr'>sensum</span> <span class='ocrx_word' id='word_1_325' title='bbox 333 3981 382 4026; x_wconf 87' lang='lat' dir='ltr'>ete.</span> <span class='ocrx_word' id='word_1_326' title='bbox 400 3973 468 4024; x_wconf 83' lang='lat' dir='ltr'>Maii</span> <span class='ocrx_word' id='word_1_327' title='bbox 485 3981 611 4038; x_wconf 77' lang='lat' dir='ltr'>eoeeerpto</span> <span class='ocrx_word' id='word_1_328' title='bbox 715 3975 730 4024; x_wconf 88' lang='grc'><strong>7</strong></span> <span class='ocrx_word' id='word_1_329' title='bbox 752 3970 924 4038; x_wconf 85' lang='lat' dir='ltr'>existimetur]</span> <span class='ocrx_word' id='word_1_330' title='bbox 948 3975 1065 4038; x_wconf 73' lang='lat' dir='ltr'>estiqtpr,</span> <span class='ocrx_word' id='word_1_331' title='bbox 1091 3989 1224 4038; x_wconf 82' lang='lat' dir='ltr'>errpraacr.</span> <span class='ocrx_word' id='word_1_332' title='bbox 1243 3976 1278 4024; x_wconf 88' lang='lat' dir='ltr'>sit</span> <span class='ocrx_word' id='word_1_333' title='bbox 1294 3993 1324 4026; x_wconf 89' lang='lat' dir='ltr'>m.</span> <span class='ocrx_word' id='word_1_334' title='bbox 1344 3975 1378 4025; x_wconf 89' lang='lat'>11</span> 
     </span>
     <span class='ocr_line' id='line_1_36' title="bbox 92 4037 1377 4107; baseline 0.006 -22"><span class='ocrx_word' id='word_1_335' title='bbox 92 4037 254 4090; x_wconf 78' lang='lat' dir='ltr'>bsecundum</span> <span class='ocrx_word' id='word_1_336' title='bbox 273 4055 376 4091; x_wconf 89' lang='lat' dir='ltr'>sensum</span> <span class='ocrx_word' id='word_1_337' title='bbox 396 4041 483 4091; x_wconf 83' lang='lat' dir='ltr'>Maior</span> <span class='ocrx_word' id='word_1_338' title='bbox 534 4041 712 4107; x_wconf 87' lang='lat' dir='ltr'>apellationem</span> <span class='ocrx_word' id='word_1_339' title='bbox 765 4041 876 4092; x_wconf 85' lang='lat' dir='ltr'>9bomo</span> <span class='ocrx_word' id='word_1_340' title='bbox 893 4058 978 4106; x_wconf 80' lang='lat' dir='ltr'>enom,</span> <span class='ocrx_word' id='word_1_341' title='bbox 995 4043 1113 4106; x_wconf 74' lang='lat' dir='ltr'>suppleri</span> <span class='ocrx_word' id='word_1_342' title='bbox 1130 4058 1164 4092; x_wconf 80' lang='lat' dir='ltr'>em</span> <span class='ocrx_word' id='word_1_343' title='bbox 1182 4043 1255 4094; x_wconf 87' lang='lat' dir='ltr'>Maio</span> <span class='ocrx_word' id='word_1_344' title='bbox 1306 4053 1377 4093; x_wconf 77' lang='lat' dir='ltr'>ainte-</span> 
     </span>
     <span class='ocr_line' id='line_1_37' title="bbox 93 4108 1377 4176; baseline 0.005 -23"><span class='ocrx_word' id='word_1_345' title='bbox 93 4120 159 4164; x_wconf 84' lang='lat' dir='ltr'>quaur</span> <span class='ocrx_word' id='word_1_346' title='bbox 176 4109 263 4159; x_wconf 78' lang='lat' dir='ltr'>Maius</span> <span class='ocrx_word' id='word_1_347' title='bbox 331 4109 370 4158; x_wconf 80' lang='lat' dir='ltr'>nel</span> <span class='ocrx_word' id='word_1_348' title='bbox 389 4109 471 4158; x_wconf 87' lang='lat' dir='ltr'>diseat</span> <span class='ocrx_word' id='word_1_349' title='bbox 490 4109 528 4158; x_wconf 92' lang='lat' dir='ltr'>uel</span> <span class='ocrx_word' id='word_1_350' title='bbox 547 4111 612 4158; x_wconf 83' lang='lat' dir='ltr'>sciet</span> <span class='ocrx_word' id='word_1_351' title='bbox 629 4125 675 4160; x_wconf 88' lang='lat' dir='ltr'>om.</span> <span class='ocrx_word' id='word_1_352' title='bbox 694 4108 780 4159; x_wconf 79' lang='lat' dir='ltr'>Maius</span> <span class='ocrx_word' id='word_1_353' title='bbox 857 4111 889 4160; x_wconf 91' lang='grc'>10</span> <span class='ocrx_word' id='word_1_354' title='bbox 906 4110 1026 4161; x_wconf 85' lang='lat' dir='ltr'>iudicitur</span> <span class='ocrx_word' id='word_1_355' title='bbox 1078 4109 1185 4159; x_wconf 89' lang='lat' dir='ltr'>inditur:</span> <span class='ocrx_word' id='word_1_356' title='bbox 1206 4125 1295 4160; x_wconf 83' lang='lat' dir='ltr'>iromeu</span> <span class='ocrx_word' id='word_1_357' title='bbox 1316 4127 1377 4176; x_wconf 84' lang='lat' dir='ltr'>ergo</span> 
     </span>
     <span class='ocr_line' id='line_1_38' title="bbox 93 4172 1377 4244; baseline 0.005 -22"><span class='ocrx_word' id='word_1_358' title='bbox 93 4172 168 4226; x_wconf 55' lang='lat' dir='ltr'>illato</span> <span class='ocrx_word' id='word_1_359' title='bbox 217 4173 308 4240; x_wconf 86' lang='lat' dir='ltr'>quare]</span> <span class='ocrx_word' id='word_1_360' title='bbox 332 4177 412 4226; x_wconf 82' lang='lat' dir='ltr'>Vnum</span> <span class='ocrx_word' id='word_1_361' title='bbox 429 4177 575 4228; x_wconf 83' lang='lat' dir='ltr'>uocabulum</span> <span class='ocrx_word' id='word_1_362' title='bbox 592 4178 704 4242; x_wconf 80' lang='lat' dir='ltr'>euanuit,</span> <span class='ocrx_word' id='word_1_363' title='bbox 723 4179 792 4243; x_wconf 82' lang='lat' dir='ltr'>quod</span> <span class='ocrx_word' id='word_1_364' title='bbox 807 4178 1187 4243; x_wconf 82' lang='lat' dir='ltr'>seeunduorseastrmruppleoi.</span> <span class='ocrx_word' id='word_1_365' title='bbox 1257 4181 1287 4228; x_wconf 90' lang='grc'>11</span> <span class='ocrx_word' id='word_1_366' title='bbox 1306 4180 1377 4244; x_wconf 91' lang='lat' dir='ltr'>prin-</span> 
     </span>
     <span class='ocr_line' id='line_1_39' title="bbox 93 4240 1376 4312; baseline 0.007 -25"><span class='ocrx_word' id='word_1_367' title='bbox 93 4240 171 4304; x_wconf 85' lang='lat' dir='ltr'>cipalis</span> <span class='ocrx_word' id='word_1_368' title='bbox 190 4259 250 4310; x_wconf 87' lang='lat' dir='ltr'>pars</span> <span class='ocrx_word' id='word_1_369' title='bbox 269 4244 402 4295; x_wconf 87' lang='lat' dir='ltr'>latinitatis</span> <span class='ocrx_word' id='word_1_370' title='bbox 420 4255 460 4295; x_wconf 86' lang='lat' dir='ltr'>est</span> <span class='ocrx_word' id='word_1_371' title='bbox 477 4245 565 4294; x_wconf 78' lang='lat' dir='ltr'>Maius</span> <span class='ocrx_word' id='word_1_372' title='bbox 667 4246 698 4295; x_wconf 96' lang='grc'>12</span> <span class='ocrx_word' id='word_1_373' title='bbox 717 4241 867 4310; x_wconf 85' lang='lat' dir='ltr'>l&#39;ompeius]</span> <span class='ocrx_word' id='word_1_374' title='bbox 888 4246 964 4297; x_wconf 82' lang='lat' dir='ltr'>Hunc</span> <span class='ocrx_word' id='word_1_375' title='bbox 981 4250 1060 4297; x_wconf 82' lang='lat' dir='ltr'>locum</span> <span class='ocrx_word' id='word_1_376' title='bbox 1078 4248 1148 4310; x_wconf 84' lang='lat' dir='ltr'>opud</span> <span class='ocrx_word' id='word_1_377' title='bbox 1164 4247 1310 4312; x_wconf 83' lang='lat' dir='ltr'>Pompeium</span> <span class='ocrx_word' id='word_1_378' title='bbox 1327 4263 1376 4296; x_wconf 84' lang='lat' dir='ltr'>aon</span> 
     </span>
     <span class='ocr_line' id='line_1_40' title="bbox 92 4307 1374 4379; baseline 0.004 -21"><span class='ocrx_word' id='word_1_379' title='bbox 92 4307 188 4374; x_wconf 66' lang='lat' dir='ltr'>launo,</span> <span class='ocrx_word' id='word_1_380' title='bbox 206 4313 255 4362; x_wconf 80' lang='lat' dir='ltr'>red</span> <span class='ocrx_word' id='word_1_381' title='bbox 270 4313 305 4375; x_wconf 78' lang='lat' dir='ltr'>rs.</span> <span class='ocrx_word' id='word_1_382' title='bbox 322 4330 352 4377; x_wconf 87' lang='lat' dir='ltr'>p.</span> <span class='ocrx_word' id='word_1_383' title='bbox 371 4315 412 4376; x_wconf 81' lang='grc'>96,</span> <span class='ocrx_word' id='word_1_384' title='bbox 423 4315 465 4363; x_wconf 86' lang='grc'>27.</span> <span class='ocrx_word' id='word_1_385' title='bbox 476 4315 510 4362; x_wconf 84' lang='grc'>29</span> <span class='ocrx_word' id='word_1_386' title='bbox 522 4313 557 4366; x_wconf 84' lang='lat' dir='ltr'>K,</span> <span class='ocrx_word' id='word_1_387' title='bbox 592 4313 722 4363; x_wconf 81' lang='lat' dir='ltr'>Lacunam</span> <span class='ocrx_word' id='word_1_388' title='bbox 739 4314 917 4378; x_wconf 77' lang='lat' dir='ltr'>eiceoepleas:</span> <span class='ocrx_word' id='word_1_389' title='bbox 935 4315 1107 4366; x_wconf 89' lang='lat' dir='ltr'>dicit:omnis</span> <span class='ocrx_word' id='word_1_390' title='bbox 1178 4316 1209 4365; x_wconf 85' lang='lat'>13</span> <span class='ocrx_word' id='word_1_391' title='bbox 1228 4315 1277 4364; x_wconf 87' lang='lat' dir='ltr'>nisi</span> <span class='ocrx_word' id='word_1_392' title='bbox 1296 4311 1374 4379; x_wconf 90' lang='lat' dir='ltr'>euim]</span> 
     </span>
     <span class='ocr_line' id='line_1_41' title="bbox 93 4375 1376 4448; baseline 0.004 -22"><span class='ocrx_word' id='word_1_393' title='bbox 93 4375 121 4436; x_wconf 72' lang='lat' dir='ltr'>cs.</span> <span class='ocrx_word' id='word_1_394' title='bbox 137 4395 178 4428; x_wconf 81' lang='lat' dir='ltr'>err</span> <span class='ocrx_word' id='word_1_395' title='bbox 195 4397 321 4445; x_wconf 77' lang='lat' dir='ltr'>oaonprnu</span> <span class='ocrx_word' id='word_1_396' title='bbox 337 4379 418 4430; x_wconf 74' lang='lat' dir='ltr'>Beria.</span> <span class='ocrx_word' id='word_1_397' title='bbox 436 4397 462 4445; x_wconf 87' lang='lat' dir='ltr'>p.</span> <span class='ocrx_word' id='word_1_398' title='bbox 474 4383 518 4442; x_wconf 84' lang='grc'>63,</span> <span class='ocrx_word' id='word_1_399' title='bbox 530 4383 568 4430; x_wconf 80' lang='grc'>33</span> <span class='ocrx_word' id='word_1_400' title='bbox 620 4376 762 4448; x_wconf 84' lang='lat' dir='ltr'>Vergilius]</span> <span class='ocrx_word' id='word_1_401' title='bbox 782 4381 840 4432; x_wconf 82' lang='lat' dir='ltr'>Noa</span> <span class='ocrx_word' id='word_1_402' title='bbox 858 4389 932 4432; x_wconf 73' lang='lat' dir='ltr'>extat</span> <span class='ocrx_word' id='word_1_403' title='bbox 950 4383 1021 4448; x_wconf 81' lang='lat' dir='ltr'>apud</span> <span class='ocrx_word' id='word_1_404' title='bbox 1037 4381 1142 4436; x_wconf 77' lang='lat' dir='ltr'>Marum.</span> <span class='ocrx_word' id='word_1_405' title='bbox 1213 4383 1245 4432; x_wconf 79' lang='lat'>14</span> <span class='ocrx_word' id='word_1_406' title='bbox 1262 4381 1376 4448; x_wconf 71' lang='lat' dir='ltr'>quaudo]</span> 
     </span>
     <span class='ocr_line' id='line_1_42' title="bbox 94 4441 1377 4516; baseline 0.007 -24"><span class='ocrx_word' id='word_1_407' title='bbox 94 4441 220 4509; x_wconf 78' lang='lat' dir='ltr'>Suppleoee</span> <span class='ocrx_word' id='word_1_408' title='bbox 241 4449 354 4498; x_wconf 78' lang='lat' dir='ltr'>irascitur</span> <span class='ocrx_word' id='word_1_409' title='bbox 435 4450 467 4499; x_wconf 79' lang='lat'>15</span> <span class='ocrx_word' id='word_1_410' title='bbox 485 4445 610 4512; x_wconf 68' lang='lat' dir='ltr'>acilllltom</span> <span class='ocrx_word' id='word_1_411' title='bbox 681 4451 785 4514; x_wconf 89' lang='lat' dir='ltr'>proprie</span> <span class='ocrx_word' id='word_1_412' title='bbox 802 4448 852 4498; x_wconf 90' lang='lat' dir='ltr'>boc</span> <span class='ocrx_word' id='word_1_413' title='bbox 869 4465 905 4500; x_wconf 76' lang='lat' dir='ltr'>em</span> <span class='ocrx_word' id='word_1_414' title='bbox 922 4454 1069 4502; x_wconf 81' lang='lat' dir='ltr'>coniectura</span> <span class='ocrx_word' id='word_1_415' title='bbox 1086 4452 1160 4500; x_wconf 85' lang='lat' dir='ltr'>dedi:</span> <span class='ocrx_word' id='word_1_416' title='bbox 1178 4466 1235 4500; x_wconf 79' lang='lat' dir='ltr'>nam</span> <span class='ocrx_word' id='word_1_417' title='bbox 1253 4452 1301 4500; x_wconf 83' lang='lat' dir='ltr'>duo</span> <span class='ocrx_word' id='word_1_418' title='bbox 1318 4452 1377 4516; x_wconf 77' lang='lat' dir='ltr'>sere</span> 
     </span>
     <span class='ocr_line' id='line_1_43' title="bbox 94 4513 1375 4582; baseline 0.005 -22"><span class='ocrx_word' id='word_1_419' title='bbox 94 4513 204 4566; x_wconf 76' lang='lat' dir='ltr'>meudula</span> <span class='ocrx_word' id='word_1_420' title='bbox 220 4523 385 4567; x_wconf 69' lang='lat' dir='ltr'>memorent.</span> <span class='ocrx_word' id='word_1_421' title='bbox 465 4516 497 4566; x_wconf 86' lang='grc'>18</span> <span class='ocrx_word' id='word_1_422' title='bbox 516 4513 656 4582; x_wconf 84' lang='lat' dir='ltr'>Vergilius]</span> <span class='ocrx_word' id='word_1_423' title='bbox 675 4533 701 4581; x_wconf 87' lang='lat' dir='ltr'>p.</span> <span class='ocrx_word' id='word_1_424' title='bbox 720 4519 775 4567; x_wconf 82' lang='grc'>133</span> <span class='ocrx_word' id='word_1_425' title='bbox 792 4517 850 4568; x_wconf 83' lang='lat' dir='ltr'>Mai</span> <span class='ocrx_word' id='word_1_426' title='bbox 917 4520 996 4569; x_wconf 89' lang='lat' dir='ltr'>moris</span> <span class='ocrx_word' id='word_1_427' title='bbox 1018 4527 1079 4568; x_wconf 81' lang='lat' dir='ltr'>stant</span> <span class='ocrx_word' id='word_1_428' title='bbox 1096 4518 1183 4569; x_wconf 78' lang='lat' dir='ltr'>Motus</span> <span class='ocrx_word' id='word_1_429' title='bbox 1224 4519 1375 4581; x_wconf 79' lang='lat' dir='ltr'>‚quaedam</span> 
     </span>
     <span class='ocr_line' id='line_1_44' title="bbox 97 4581 1377 4648; baseline 0.005 -18"><span class='ocrx_word' id='word_1_430' title='bbox 97 4601 119 4614; x_wconf 80' lang='lat'><em>-</em></span> <span class='ocrx_word' id='word_1_431' title='bbox 137 4581 252 4634; x_wconf 85' lang='lat' dir='ltr'>desinunt</span> <span class='ocrx_word' id='word_1_432' title='bbox 268 4599 317 4636; x_wconf 85' lang='lat' dir='ltr'>om.</span> <span class='ocrx_word' id='word_1_433' title='bbox 335 4584 421 4636; x_wconf 74' lang='lat' dir='ltr'>Maiora</span> <span class='ocrx_word' id='word_1_434' title='bbox 493 4585 527 4636; x_wconf 88' lang='grc'>20</span> <span class='ocrx_word' id='word_1_435' title='bbox 545 4586 570 4634; x_wconf 92' lang='lat' dir='ltr'>in</span> <span class='ocrx_word' id='word_1_436' title='bbox 588 4599 633 4634; x_wconf 88' lang='lat' dir='ltr'>eus</span> <span class='ocrx_word' id='word_1_437' title='bbox 653 4585 764 4634; x_wconf 87' lang='lat' dir='ltr'>maxime</span> <span class='ocrx_word' id='word_1_438' title='bbox 781 4600 848 4648; x_wconf 86' lang='lat' dir='ltr'>quae</span> <span class='ocrx_word' id='word_1_439' title='bbox 866 4601 912 4637; x_wconf 84' lang='lat' dir='ltr'>om.</span> <span class='ocrx_word' id='word_1_440' title='bbox 932 4587 1017 4637; x_wconf 77' lang='lat' dir='ltr'>Maius</span> <span class='ocrx_word' id='word_1_441' title='bbox 1103 4588 1133 4635; x_wconf 91' lang='grc'>21</span> <span class='ocrx_word' id='word_1_442' title='bbox 1153 4585 1334 4636; x_wconf 85' lang='lat' dir='ltr'>maelteonious</span> <span class='ocrx_word' id='word_1_443' title='bbox 1353 4597 1377 4636; x_wconf 85' lang='lat' dir='ltr'>et</span> 
     </span>
     <span class='ocr_line' id='line_1_45' title="bbox 95 4650 1377 4719; baseline 0.006 -23"><span class='ocrx_word' id='word_1_444' title='bbox 95 4653 262 4710; x_wconf 81' lang='lat' dir='ltr'>grammaticus</span> <span class='ocrx_word' id='word_1_445' title='bbox 282 4652 369 4703; x_wconf 78' lang='lat' dir='ltr'>Maiae</span> <span class='ocrx_word' id='word_1_446' title='bbox 471 4650 599 4710; x_wconf 86' lang='lat' dir='ltr'>Quaedam</span> <span class='ocrx_word' id='word_1_447' title='bbox 617 4679 651 4688; x_wconf 95' lang='lat'>-</span> <span class='ocrx_word' id='word_1_448' title='bbox 669 4653 787 4702; x_wconf 88' lang='lat' dir='ltr'>animalis</span> <span class='ocrx_word' id='word_1_449' title='bbox 806 4669 852 4704; x_wconf 88' lang='lat' dir='ltr'>om.</span> <span class='ocrx_word' id='word_1_450' title='bbox 872 4655 970 4708; x_wconf 83' lang='lat' dir='ltr'>Maiae.</span> <span class='ocrx_word' id='word_1_451' title='bbox 1009 4654 1049 4705; x_wconf 83' lang='lat' dir='ltr'>De</span> <span class='ocrx_word' id='word_1_452' title='bbox 1066 4661 1119 4704; x_wconf 90' lang='lat' dir='ltr'>toto</span> <span class='ocrx_word' id='word_1_453' title='bbox 1138 4655 1185 4705; x_wconf 84' lang='lat' dir='ltr'>boc</span> <span class='ocrx_word' id='word_1_454' title='bbox 1203 4657 1257 4706; x_wconf 87' lang='lat' dir='ltr'>loco</span> <span class='ocrx_word' id='word_1_455' title='bbox 1276 4655 1313 4719; x_wconf 83' lang='lat' dir='ltr'>ef.</span> <span class='ocrx_word' id='word_1_456' title='bbox 1331 4671 1377 4705; x_wconf 84' lang='lat' dir='ltr'>ora</span> 
     </span>
    </p>
   </div>
   <div class='ocr_carea' id='block_1_7' title="bbox 16 4720 1377 4944">
    <p class='ocr_par' dir='ltr' id='par_1_15' title="bbox 16 4720 1377 4944">
     <span class='ocr_line' id='line_1_46' title="bbox 95 4720 1376 4804; baseline 0.006 -24"><span class='ocrx_word' id='word_1_457' title='bbox 95 4735 366 4799; x_wconf 58' lang='lat' dir='ltr'>alamannam</span> <span class='ocrx_word' id='word_1_458' title='bbox 381 4753 410 4802; x_wconf 77' lang='lat' dir='ltr'>p.</span> <span class='ocrx_word' id='word_1_459' title='bbox 429 4739 470 4798; x_wconf 83' lang='lat' dir='ltr'>cr,</span> <span class='ocrx_word' id='word_1_460' title='bbox 488 4739 593 4787; x_wconf 82' lang='lat' dir='ltr'>ar-ar</span> <span class='ocrx_word' id='word_1_461' title='bbox 673 4738 705 4786; x_wconf 80' lang='lat' dir='ltr'>aa</span> <span class='ocrx_word' id='word_1_462' title='bbox 724 4738 749 4786; x_wconf 80' lang='grc' dir='ltr'>ιιι</span> <span class='ocrx_word' id='word_1_463' title='bbox 768 4720 813 4787; x_wconf 73' lang='lat' dir='ltr'>alls</span> <span class='ocrx_word' id='word_1_464' title='bbox 883 4740 1003 4804; x_wconf 76' lang='lat' dir='ltr'>egyptius</span> <span class='ocrx_word' id='word_1_465' title='bbox 1072 4735 1376 4804; x_wconf 79' lang='lat' dir='ltr'>25virgiltas1ueruar</span> 
     </span>
     <span class='ocr_line' id='line_1_47' title="bbox 95 4804 1377 4872; baseline 0.002 -16"><span class='ocrx_word' id='word_1_466' title='bbox 95 4804 155 4862; x_wconf 69' lang='lat' dir='ltr'>‘titud</span> <span class='ocrx_word' id='word_1_467' title='bbox 171 4805 277 4868; x_wconf 84' lang='lat' dir='ltr'>Maium,</span> <span class='ocrx_word' id='word_1_468' title='bbox 296 4820 462 4871; x_wconf 84' lang='lat' dir='ltr'>quoerrocem</span> <span class='ocrx_word' id='word_1_469' title='bbox 481 4804 563 4872; x_wconf 83' lang='lat' dir='ltr'>‘lapis</span> <span class='ocrx_word' id='word_1_470' title='bbox 582 4815 669 4854; x_wconf 83' lang='lat' dir='ltr'>estex</span> <span class='ocrx_word' id='word_1_471' title='bbox 688 4821 739 4867; x_wconf 86' lang='lat' dir='ltr'>qun</span> <span class='ocrx_word' id='word_1_472' title='bbox 757 4804 1034 4871; x_wconf 83' lang='lat' dir='ltr'>lrabes’proeoedunt.</span> <span class='ocrx_word' id='word_1_473' title='bbox 1119 4809 1152 4858; x_wconf 80' lang='lat' dir='ltr'>tt</span> <span class='ocrx_word' id='word_1_474' title='bbox 1171 4807 1259 4856; x_wconf 79' lang='lat' dir='ltr'>iterent</span> <span class='ocrx_word' id='word_1_475' title='bbox 1343 4809 1377 4859; x_wconf 83' lang='grc'>28</span> 
     </span>
     <span class='ocr_line' id='line_1_48' title="bbox 16 4870 1238 4944; baseline 0.01 -30"><span class='ocrx_word' id='word_1_476' title='bbox 16 4873 17 4884; x_wconf 72' lang='grc'>’</span> <span class='ocrx_word' id='word_1_477' title='bbox 97 4881 273 4936; x_wconf 83' lang='lat' dir='ltr'>noorrrrmquenr</span> <span class='ocrx_word' id='word_1_478' title='bbox 293 4885 431 4923; x_wconf 86' lang='lat' dir='ltr'>esttamen</span> <span class='ocrx_word' id='word_1_479' title='bbox 501 4870 616 4938; x_wconf 85' lang='lat' dir='ltr'>taberna]</span> <span class='ocrx_word' id='word_1_480' title='bbox 639 4873 672 4934; x_wconf 80' lang='lat' dir='ltr'>rs.</span> <span class='ocrx_word' id='word_1_481' title='bbox 690 4889 735 4924; x_wconf 75' lang='lat' dir='ltr'>mn</span> <span class='ocrx_word' id='word_1_482' title='bbox 753 4890 878 4939; x_wconf 82' lang='lat' dir='ltr'>nnoopme</span> <span class='ocrx_word' id='word_1_483' title='bbox 895 4875 1036 4927; x_wconf 81' lang='lat' dir='ltr'>Berneasis</span> <span class='ocrx_word' id='word_1_484' title='bbox 1051 4892 1078 4941; x_wconf 85' lang='lat' dir='ltr'>p.</span> <span class='ocrx_word' id='word_1_485' title='bbox 1097 4877 1167 4940; x_wconf 63' lang='lat' dir='ltr'>im</span> <span class='ocrx_word' id='word_1_486' title='bbox 1184 4891 1238 4944; x_wconf 82' lang='lat' dir='ltr'>req.</span> 
     </span>
    </p>
   </div>
   <div class='ocr_carea' id='block_1_8' title="bbox 0 0 1698 5580">
    <p class='ocr_par' dir='ltr' id='par_1_16' title="bbox 0 0 1698 5580">
     <span class='ocr_line' id='line_1_49' title="bbox 0 0 1698 5580; baseline 0 0"><span class='ocrx_word' id='word_1_487' title='bbox 0 0 1698 5580; x_wconf 95' lang='lat' dir='ltr'> </span> 
     </span>
    </p>
   </div>
  </div>
 </body>
</html>
