3316 5566
600 375 811 429 bunnensis.
1299 372 1360 438 139

74 565 158 625 trium
179 581 320 642 generum
344 573 401 625 est:
425 564 636 626 diciturenim
660 565 708 626 ‘to
733 565 797 624 uir’
821 570 869 625 ‘tu
893 561 1015 624 mulier'
1040 571 1068 624 et
1091 568 1135 626 ‘tu
1158 563 1360 644 mancipium’.

76 663 186 725 Nullum
214 673 312 727 autem
340 683 505 744 pronomen
535 667 699 747 epicoenon
727 665 806 728 idest
831 665 1033 747 promiscuum
1063 663 1112 726 nel
1141 666 1287 728 incertum
1315 667 1360 728 in·

76 768 195 828 uenitur.
242 765 363 830 Numeri
384 769 595 849 pronominum
618 776 691 846 quot
712 767 798 830 sonti
834 767 915 830 idest
935 767 1010 837 duo;
1033 767 1209 846 singularis,
1233 774 1263 828 ut
1287 769 1360 838 iste;

76 867 201 947 pluralis,
225 878 259 932 ut
274 871 333 932 isti.
358 868 643 951 lodel‘ompeius
664 869 748 932 dicit:
773 869 809 932 lo
832 867 1121 950 pronominibus
1143 878 1228 931 sunt
1250 871 1360 931 etiam

49 971 213 1032 enomeri
241 969 325 1046 duo,
353 972 577 1052 singularis,
608 981 647 1032 ot
675 973 749 1041 bicr
781 969 956 1052 pluralis.
985 979 1024 1034 ut
1045 971 1090 1034 bi.
1136 972 1229 1034 Sunt
1251 973 1360 1034 etiarn

76 1074 208 1135 nermeri
241 1077 468 1143 communis;
506 1074 689 1152 quomodo
726 1073 887 1135 dicimus
923 1075 959 1135 in
997 1073 1210 1135 bominibus
1247 1075 1362 1136 nubes

76 1193 196 1236 manus
219 1174 312 1244 dies,
340 1176 394 1237 sic
423 1176 533 1237 etiam
557 1177 592 1236 in
615 1173 905 1257 pronominibus
932 1175 1131 1238 inuenitur
1153 1177 1362 1237 communis

75 1293 240 1338 numerus
262 1277 362 1338 inter
384 1277 614 1356 singularem
637 1285 673 1338 et
695 1274 893 1357 pluralem,
915 1279 1044 1358 utqule
1068 1277 1168 1340 etde
1190 1295 1260 1338 uno
1283 1295 1362 1358 pos-

76 1397 144 1439 sum
166 1378 296 1440 dicere
319 1380 401 1456 ‘qui
426 1380 501 1441 uir’
524 1388 559 1441 et
581 1381 625 1440 de
647 1377 794 1440 duobus
822 1385 856 1440 et
884 1378 925 1440 de
954 1377 1130 1459 pluribus
1157 1380 1238 1457 ‘qui
1259 1379 1361 1448 uiri’;

42 1482 125 1540 usic
144 1482 254 1542 etiam
277 1482 387 1557 ‘quae
412 1480 564 1542 mulier'
587 1482 698 1560 ‘qrrae
721 1479 915 1542 mulleres’
940 1477 999 1542 nel
1022 1479 1127 1560 ‘quae
1149 1482 1362 1562 mancipia’.
1469 1541 1473 1550 ,

77 1581 181 1644 llicitnr
211 1583 302 1643 etiarn
331 1581 426 1644 dualis
453 1598 595 1644 numerus
622 1584 652 1643 iu
681 1585 874 1663 pronomine,
903 1590 936 1644 ut
957 1589 1023 1644 uter
1045 1588 1184 1660 uterque,
1214 1583 1266 1645 sed
1290 1581 1363 1644 baec

75 1687 125 1744 otii
143 1685 276 1754 nomina,
305 1683 361 1746 otii
381 1702 455 1746 uero
476 1686 652 1765 pronomina
672 1693 795 1766 propter
816 1683 1039 1746 similitudinem
1066 1681 1272 1746 declinationis
1294 1703 1362 1765 pro·

76 1785 207 1848 tulerunt.
309 1807 313 1817 ·

152 1888 277 1967 Figurae
300 1889 509 1968 pronominum
533 1897 605 1970 quot
626 1891 712 1951 suut?
757 1889 819 1952 lloc
843 1895 889 1950 est
909 1888 993 1950 duae.
1028 1887 1128 1960 Quae?
1160 1887 1307 1968 Simplex,
1325 1899 1364 1950 'ut

45 2004 126 2066 ungo
146 1989 194 2052 iile
215 1993 280 2071 ipse
303 1989 352 2052 bic
374 1992 441 2072 quis
462 1999 535 2071 quot
555 1991 662 2072 qualis.
708 1991 865 2070 Conposita
888 1991 1062 2071 pronomina
1086 1997 1169 2060 sunt,
1194 1991 1226 2051 ut
1247 1998 1364 2070 egomet

75 2089 195 2171 illeipse‚
219 2092 334 2163 birine,
358 2092 505 2174 quisquis,
528 2093 699 2173 quodpiam.
723 2093 946 2173 qualiscumque
969 2101 997 2156 et
1019 2101 1128 2154 cetera.
1166 2091 1364 2172 Pompeius

77 2193 111 2253 de
137 2195 226 2272 ligura
256 2197 466 2275 pronominum
489 2194 577 2256 etde
600 2195 804 2274 conpositione
832 2196 871 2256 ita
899 2197 1086 2274 pronuntiat:
1117 2195 1210 2256 ‘sicut
1238 2193 1365 2256 diximus

78 2297 104 2354 in
127 2295 308 2366 nominibus,
332 2298 470 2375 quoniam
494 2313 527 2356 en
552 2297 687 2366 nomina,
711 2315 788 2375 qrrae
808 2315 843 2358 cr
859 2295 976 2359 duobus
998 2297 1189 2358 nonrioatiuis
1211 2297 1363 2375 conposita

77 2395 192 2467 luerint,
217 2417 252 2460 ex
275 2408 400 2480 utraque
423 2408 506 2479 parte
529 2397 725 2468 declinantur,
748 2407 780 2460 ut
803 2406 921 2479 praetor
943 2397 1075 2460 urbanus
1095 2399 1243 2479 praetoris
1258 2395 1365 2458 urbani

46 2507 103 2558 eet
128 2509 239 2570 cetera,
270 2501 324 2561 sic*
342 2519 433 2580 eques
461 2501 611 2562 Romanus
639 2501 745 2580 equitis
774 2501 898 2562 Romani
926 2509 1050 2579 utraque
1079 2509 1163 2582 parte
1192 2500 1363 2570 declinatur,

78 2603 206 2676 quoniam
229 2610 355 2681 utraque
378 2610 461 2682 parte
485 2597 684 2664 nominatione
707 2612 767 2673 est:
797 2622 830 2664 ea
854 2620 926 2664 uero
949 2604 1082 2673 nomina,
1113 2620 1188 2681 quae
1211 2621 1247 2664 ex
1271 2602 1365 2664 nomi-

78 2704 169 2764 natiuo
183 2713 213 2765 et
227 2703 362 2784 quolibet
384 2703 441 2791 alio
464 2722 533 2768 casu
558 2706 709 2782 conposita
732 2706 855 2775 luerint,
881 2723 914 2766 ea
930 2713 1014 2784 parte
1029 2704 1218 2766 declinantur
1240 2711 1365 2772 tanturn,

78 2823 127 2884 qua
153 2807 242 2867 luerit
270 2807 471 2868 nominatiuus
501 2825 599 2876 casus,
633 2814 666 2868 ut
696 2807 865 2888 praelectus
893 2809 1041 2884 eqrritom,
1058 2805 1212 2869 tribunus
1241 2804 1365 2867 militum

77 2907 133 2968 siue
154 2907 290 2969 tribunus
311 2906 424 2987 plebis,
454 2907 526 2969 llaec
555 2927 590 2969 ex
620 2909 714 2989 prima
743 2919 844 2990 parte,
876 2909 933 2970 boc
961 2915 1063 2970 estex
1087 2909 1283 2976 nominatiuo,
1314 2908 1365 2984 qui

48 3017 118 3069 nest
139 3011 307 3087 praelectus
329 3018 358 3071 et
380 3008 531 3079 tribuous.
556 3009 751 3082 declinantur,
786 3013 918 3092 equitum
947 3016 1043 3072 autem
1070 3008 1118 3070 uel
1148 3008 1274 3070 militum
1302 3010 1365 3068 siue

80 3110 166 3188 plebis
188 3113 216 3174 in
241 3113 447 3192 conpositione
475 3110 693 3174 indeclinabilia
722 3121 804 3182 sunu
837 3115 908 3174 item
937 3119 1058 3173 senatus
1091 3109 1273 3172 consultum:
1309 3109 1366 3170 boc

79 3231 177 3275 nomen
205 3215 392 3295 conpositum
422 3215 587 3294 posteriore
606 3224 713 3291 parte,
737 3232 793 3292 qua
817 3216 1018 3276 nominatiuus
1041 3221 1099 3287 est,
1124 3211 1289 3273 consultum
1314 3210 1365 3272 dc·

79 3312 210 3384 clinatur,
246 3317 316 3376 iecit
344 3318 422 3378 enim
451 3315 698 3378 senatusconsulti
727 3314 984 3379 senatusconsulto
1014 3322 1043 3375 et
1071 3312 1195 3394 reliqua.
1239 3313 1366 3374 Senatus

80 3433 154 3494 ergo,
178 3417 245 3498 qnia
269 3427 300 3479 et
319 3420 478 3496 genetiuus
501 3427 560 3488 est,
583 3419 626 3481 sic
648 3420 743 3480 currit
764 3435 818 3496 per
841 3437 944 3479 omues
960 3433 1045 3478 casus
1059 3416 1122 3478 sinc
1145 3416 1364 3478 declinatione’.

50 3517 149 3580 ullaec
172 3521 343 3580 inuenimns
364 3532 394 3582 et
415 3521 445 3581 in
469 3518 708 3600 pronominibus:
732 3527 801 3582 sunt
823 3521 902 3582 enim
926 3521 1116 3600 pronomina,
1141 3536 1216 3597 quac
1240 3525 1366 3599 utraque

137 3709 301 3773 deppcenon
387 3705 572 3774 dPompeius]
590 3724 617 3772 p.
637 3709 696 3770 206,
716 3709 752 3759 33
821 3709 1002 3758 licommunes
1055 3702 1198 3772 quomodo]
1218 3705 1287 3767 qrrod
1340 3706 1364 3754 iu

81 3775 188 3824 omnibus
273 3777 417 3839 imcgous
487 3777 545 3827 det
562 3776 664 3826 duobus
736 3778 766 3825 10
784 3775 822 3824 uel
842 3776 886 3837 qni
905 3772 1036 3840 municipii]
1060 3775 1174 3839 Pompeii
1190 3775 1270 3838 ipsius
1287 3775 1367 3824 uerba

80 3843 102 3890 br
115 3843 239 3894 certunm
255 3847 334 3909 paulo
352 3833 428 3894 uider
444 3859 472 3894 re
489 3844 583 3894 babent
601 3859 681 3909 neque
699 3845 869 3904 dubitandum,
887 3844 987 3910 quinis
1007 3843 1120 3907 Pompeii
1136 3845 1234 3905 codem,
1253 3857 1302 3909 quo
1321 3858 1367 3894 em-

80 3917 174 3976 rerptcr
191 3918 318 3972 mearet,
337 3912 450 3963 bonitate
468 3915 580 3978 reliquos
597 3913 744 3977 antecedet,
762 3913 796 3975 rs.
808 3913 910 3977 praeli:
928 3912 978 3962 ‘De
992 3912 1107 3976 Pompeii
1122 3913 1281 3976 grammatici
1296 3913 1367 3962 codi-

80 3977 158 4030 ctbm'.
194 3980 274 4045 Apud
290 3981 436 4045 Pompeium
461 3981 539 4044 igitur
561 3981 624 4031 baec
641 3979 720 4031 bader
735 3997 762 4045 p.
781 3982 845 4040 206,
865 3982 901 4030 3⁴
917 3995 987 4046 ceq.:
1010 3990 1070 4029 sunt
1088 3979 1162 4030 etium
1182 3979 1279 4029 numeri
1298 3993 1368 4029 eom-

81 4049 165 4098 munis.
201 4047 323 4114 Legimus
346 4049 421 4098 etium
445 4049 471 4098 in
496 4049 655 4110 nominibus;
684 4049 814 4112 quomodo
836 4048 945 4098 dicimus
964 4049 1043 4098 nubes
1062 4047 1131 4107 dies,
1159 4049 1197 4098 sic
1215 4049 1289 4098 etiem
1309 4054 1366 4104 ete„

80 4129 101 4174 p.
112 4119 168 4180 207,
182 4119 213 4168 3:
240 4130 350 4182 possum
369 4116 452 4166 dicere
470 4117 514 4180 qui
532 4117 605 4166 etde
623 4117 724 4167 derebus
743 4116 817 4166 etde
834 4116 964 4182 pluribus,
987 4117 1032 4179 qui
1050 4117 1090 4165 uir
1108 4116 1193 4179 etqui
1217 4116 1280 4176 uiri,
1301 4129 1368 4178 qune

81 4183 159 4232 molier
175 4195 200 4232 et
216 4199 283 4246 qrrae
301 4183 428 4235 mulieres.
498 4187 527 4235 lt
547 4183 642 4249 dualis]
660 4184 765 4235 desitis
836 4187 867 4236 16
885 4184 984 4234 bieme
1035 4181 1186 4250 Pompeius]
1204 4201 1233 4249 p.
1247 4186 1307 4245 207,
1322 4186 1366 4232 1⁷:

82 4263 128 4298 nrm
146 4252 258 4303 diximus
277 4251 303 4301 in
324 4253 480 4311 nominibus,
498 4253 619 4316 qrroninm
638 4269 668 4303 eu
686 4254 798 4311 nomios,
817 4269 883 4315 quoe
900 4269 933 4303 ex
950 4253 1052 4302 duobus
1071 4253 1216 4302 nominibus
1234 4252 1368 4317 conposito

81 4331 144 4378 scrut,
171 4335 200 4369 es
225 4331 299 4385 parte
321 4320 493 4379 cleclinnutur,
520 4335 570 4384 qua
593 4331 632 4372 est
655 4322 842 4382 nominetinus;
866 4331 890 4371 et
912 4321 1040 4371 increuitur
1061 4335 1153 4370 nomen
1172 4320 1242 4383 qnod
1261 4329 1368 4382 utraque

81 4399 143 4448 parte
158 4387 311 4440 declinetur:
331 4400 434 4454 praetor
453 4391 564 4438 urbanus
582 4399 689 4453 retroque
706 4399 778 4455 porte
795 4389 946 4454 declinatur,
965 4389 1088 4452 quonism
1107 4399 1213 4450 utruque
1232 4397 1304 4454 perte
1323 4401 1369 4436 no·

82 4455 207 4506 miratione
226 4465 288 4508 ests
362 4459 393 4508 19
411 4457 532 4506 declinuri
618 4459 652 4508 20
669 4458 747 4520 equiti
837 4459 870 4508 22
889 4457 1047 4508 nominatiuo
1065 4456 1180 4519 quolibet
1247 4455 1367 4505 declinari

80 4519 107 4571 23
121 4522 227 4574 cassus
295 4526 329 4575 24
346 4525 463 4575 tribunus
481 4524 588 4574 militnm
607 4525 723 4576 tribunus
743 4525 849 4574 militum
922 4527 955 4576 2⁶
973 4524 1022 4574 boc
1040 4535 1079 4573 est
1095 4539 1128 4574 es
1147 4523 1305 4575 nominetiun
1324 4523 1367 4586 qui

81 4601 112 4638 est
128 4591 267 4657 praelectus
286 4594 398 4656 equiturn
417 4593 535 4643 tribunus
553 4593 659 4642 militnm
678 4595 734 4643 siue
752 4593 867 4643 tribunus
890 4593 971 4658 plebis
993 4592 1056 4642 boec
1078 4608 1110 4642 ex
1128 4594 1210 4658 primu
1229 4602 1302 4658 parte
1319 4591 1369 4641 hoo

9 4703 10 4722 ἶ
82 4671 159 4710 estex
176 4661 334 4710 nominatius
420 4664 454 4712 26
471 4671 534 4712 sunt
551 4677 597 4712 om.
683 4664 716 4714 27
735 4672 807 4728 purte
824 4663 916 4712 addidi
982 4660 1142 4710 declinentur
1210 4661 1244 4712 28
1261 4670 1367 4712 sanutus

81 4727 224 4792 consultum,
241 4745 311 4780 corr.
329 4729 450 4780 -oonsulti
504 4739 609 4779 sanutus
627 4729 744 4780 consulto
796 4739 903 4779 sauctus
921 4743 983 4794 ergo
1061 4729 1094 4780 29
1112 4729 1168 4779 sino
1185 4724 1366 4795 declinatione]

82 4793 226 4915 {bedbbm
243 4797 291 4848 bne
308 4799 364 4849 loeo
381 4799 457 4848 etiam
477 4799 564 4863 Pomp.
580 4814 607 4862 p.
627 4800 684 4860 17⁹,
705 4801 794 4867 dceq.
862 4799 897 4850 so
914 4797 981 4847 llaec
999 4792 1158 4864 iuuenirnus]
1177 4800 1213 4862 cs.
1235 4798 1322 4862 Pomp.
1340 4813 1368 4862 p.

9 4923 11 4934 ‚
124 4900 131 4927 r
