<?xml version="1.0" encoding="UTF-8"?>
<!DOCTYPE html PUBLIC "-//W3C//DTD XHTML 1.0 Transitional//EN"
    "http://www.w3.org/TR/xhtml1/DTD/xhtml1-transitional.dtd">
<html xmlns="http://www.w3.org/1999/xhtml" xml:lang="en" lang="en">
 <head>
  <title>
</title>
<meta http-equiv="Content-Type" content="text/html;charset=utf-8" />
  <meta name='ocr-system' content='tesseract 3.04.00' />
  <meta name='ocr-capabilities' content='ocr_page ocr_carea ocr_par ocr_line ocrx_word'/>
</head>
<body>
  <div class='ocr_page' id='page_1' title='image "./anecdotahelveti00hagegoog_0467.png"; bbox 0 0 3354 5580; ppageno 0'>
   <div class='ocr_carea' id='block_1_1' title="bbox 275 385 1121 451">
    <p class='ocr_par' dir='ltr' id='par_1_1' title="bbox 275 385 1121 451">
     <span class='ocr_line' id='line_1_1' title="bbox 275 385 1121 451; baseline 0 -13"><span class='ocrx_word' id='word_1_1' title='bbox 275 387 336 451; x_wconf 82' lang='grc'><strong>196</strong></span> <span class='ocrx_word' id='word_1_2' title='bbox 701 385 869 439; x_wconf 80' lang='lat' dir='ltr'>VERGILII</span> <span class='ocrx_word' id='word_1_3' title='bbox 888 385 1121 440; x_wconf 78' lang='lat' dir='ltr'>GRAMMATICI</span> 
     </span>
    </p>
   </div>
   <div class='ocr_carea' id='block_1_2' title="bbox 270 573 1617 3807">
    <p class='ocr_par' dir='ltr' id='par_1_2' title="bbox 271 573 1581 758">
     <span class='ocr_line' id='line_1_2' title="bbox 271 573 1581 655; baseline -0.004 -17"><span class='ocrx_word' id='word_1_4' title='bbox 271 577 395 647; x_wconf 86' lang='lat' dir='ltr'><strong>tantus’,</strong></span> <span class='ocrx_word' id='word_1_5' title='bbox 419 574 470 637; x_wconf 87' lang='lat' dir='ltr'><strong>sed</strong></span> <span class='ocrx_word' id='word_1_6' title='bbox 486 574 543 636; x_wconf 92' lang='lat' dir='ltr'><strong>hoe</strong></span> <span class='ocrx_word' id='word_1_7' title='bbox 559 573 626 636; x_wconf 88' lang='lat' dir='ltr'><strong>ideo</strong></span> <span class='ocrx_word' id='word_1_8' title='bbox 642 573 764 642; x_wconf 84' lang='lat' dir='ltr'><strong>accidit,</strong></span> <span class='ocrx_word' id='word_1_9' title='bbox 787 573 866 655; x_wconf 91' lang='lat' dir='ltr'><strong>quod</strong></span> <span class='ocrx_word' id='word_1_10' title='bbox 889 592 925 636; x_wconf 84' lang='lat' dir='ltr'><strong>ex</strong></span> <span class='ocrx_word' id='word_1_11' title='bbox 948 575 1055 654; x_wconf 90' lang='lat' dir='ltr'><strong>primis</strong></span> <span class='ocrx_word' id='word_1_12' title='bbox 1077 573 1246 636; x_wconf 87' lang='lat' dir='ltr'><strong>nominibus</strong></span> <span class='ocrx_word' id='word_1_13' title='bbox 1269 573 1406 643; x_wconf 89' lang='lat' dir='ltr'><strong>ueniunt,</strong></span> <span class='ocrx_word' id='word_1_14' title='bbox 1430 582 1464 634; x_wconf 94' lang='lat' dir='ltr'><strong>ut</strong></span> <span class='ocrx_word' id='word_1_15' title='bbox 1486 579 1581 654; x_wconf 77' lang='lat' dir='ltr'><strong>‘qua-</strong></span> 
     </span>
     <span class='ocr_line' id='line_1_3' title="bbox 271 677 787 758; baseline -0.004 -18"><span class='ocrx_word' id='word_1_16' title='bbox 271 679 338 740; x_wconf 86' lang='lat' dir='ltr'><strong>litas</strong></span> <span class='ocrx_word' id='word_1_17' title='bbox 360 677 456 739; x_wconf 83' lang='lat' dir='ltr'><strong>talitaa</strong></span> <span class='ocrx_word' id='word_1_18' title='bbox 478 677 626 758; x_wconf 77' lang='lat' dir='ltr'><strong>quantitas</strong></span> <span class='ocrx_word' id='word_1_19' title='bbox 647 679 787 738; x_wconf 74' lang='lat' dir='ltr'><strong>taudms’.</strong></span> 
     </span>
    </p>

    <p class='ocr_par' dir='ltr' id='par_1_3' title="bbox 271 775 1617 2385">
     <span class='ocr_line' id='line_1_4' title="bbox 356 775 1579 858; baseline -0.002 -20"><span class='ocrx_word' id='word_1_20' title='bbox 356 779 437 840; x_wconf 80' lang='lat' dir='ltr'><strong>ibid.</strong></span> <span class='ocrx_word' id='word_1_21' title='bbox 461 777 644 856; x_wconf 85' lang='lat' dir='ltr'><strong>Virgilius</strong></span> <span class='ocrx_word' id='word_1_22' title='bbox 665 777 752 840; x_wconf 89' lang='lat' dir='ltr'><strong>dicit:</strong></span> <span class='ocrx_word' id='word_1_23' title='bbox 790 777 867 839; x_wconf 91' lang='lat' dir='ltr'><strong>Sunt</strong></span> <span class='ocrx_word' id='word_1_24' title='bbox 888 782 1066 858; x_wconf 83' lang='lat' dir='ltr'><strong>pronomina</strong></span> <span class='ocrx_word' id='word_1_25' title='bbox 1089 781 1204 858; x_wconf 80' lang='lat' dir='ltr'><strong>ignota,</strong></span> <span class='ocrx_word' id='word_1_26' title='bbox 1234 796 1311 858; x_wconf 88' lang='lat' dir='ltr'><strong>quae</strong></span> <span class='ocrx_word' id='word_1_27' title='bbox 1332 775 1496 840; x_wconf 79' lang='lat' dir='ltr'><strong>multifarie</strong></span> <span class='ocrx_word' id='word_1_28' title='bbox 1523 777 1579 836; x_wconf 90' lang='lat' dir='ltr'><strong>de·</strong></span> 
     </span>
     <span class='ocr_line' id='line_1_5' title="bbox 272 877 1580 956; baseline -0.003 -14"><span class='ocrx_word' id='word_1_29' title='bbox 272 882 380 942; x_wconf 90' lang='lat' dir='ltr'><strong>leetiua</strong></span> <span class='ocrx_word' id='word_1_30' title='bbox 403 887 487 942; x_wconf 92' lang='lat' dir='ltr'><strong>sunt:</strong></span> <span class='ocrx_word' id='word_1_31' title='bbox 526 877 667 940; x_wconf 89' lang='lat' dir='ltr'><strong>nonnulla</strong></span> <span class='ocrx_word' id='word_1_32' title='bbox 691 880 769 940; x_wconf 90' lang='lat' dir='ltr'><strong>enim</strong></span> <span class='ocrx_word' id='word_1_33' title='bbox 791 878 854 940; x_wconf 90' lang='lat' dir='ltr'><strong>solo</strong></span> <span class='ocrx_word' id='word_1_34' title='bbox 876 883 1062 942; x_wconf 89' lang='lat' dir='ltr'><strong>nominatiuo</strong></span> <span class='ocrx_word' id='word_1_35' title='bbox 1084 881 1258 956; x_wconf 86' lang='lat' dir='ltr'><strong>lleetuutur,</strong></span> <span class='ocrx_word' id='word_1_36' title='bbox 1282 889 1315 942; x_wconf 94' lang='lat' dir='ltr'><strong>ut</strong></span> <span class='ocrx_word' id='word_1_37' title='bbox 1336 880 1461 956; x_wconf 73' lang='lat' dir='ltr'><strong>‘uspis’,</strong></span> <span class='ocrx_word' id='word_1_38' title='bbox 1490 878 1580 939; x_wconf 88' lang='lat' dir='ltr'><strong>unde</strong></span> 
     </span>
     <span class='ocr_line' id='line_1_6' title="bbox 271 977 1605 1061; baseline -0.003 -17"><span class='ocrx_word' id='word_1_39' title='bbox 271 982 434 1060; x_wconf 79' lang='lat' dir='ltr'><strong>‘uspiam’;</strong></span> <span class='ocrx_word' id='word_1_40' title='bbox 463 978 609 1061; x_wconf 78' lang='lat' dir='ltr'><strong>quaedam</strong></span> <span class='ocrx_word' id='word_1_41' title='bbox 637 981 850 1042; x_wconf 91' lang='lat' dir='ltr'><strong>nominatiuum</strong></span> <span class='ocrx_word' id='word_1_42' title='bbox 878 989 907 1042; x_wconf 94' lang='lat' dir='ltr'><strong>et</strong></span> <span class='ocrx_word' id='word_1_43' title='bbox 929 984 1101 1060; x_wconf 80' lang='lat' dir='ltr'><strong>genetiuum</strong></span> <span class='ocrx_word' id='word_1_44' title='bbox 1133 982 1259 1052; x_wconf 87' lang='lat' dir='ltr'><strong>babent,</strong></span> <span class='ocrx_word' id='word_1_45' title='bbox 1294 989 1327 1042; x_wconf 92' lang='lat' dir='ltr'><strong>ut</strong></span> <span class='ocrx_word' id='word_1_46' title='bbox 1354 978 1439 1040; x_wconf 82' lang='lat' dir='ltr'><strong>‘illus</strong></span> <span class='ocrx_word' id='word_1_47' title='bbox 1460 977 1605 1046; x_wconf 77' lang='lat' dir='ltr'><strong>illius&#39;.⁵</strong></span> 
     </span>
     <span class='ocr_line' id='line_1_7' title="bbox 271 1081 1582 1165; baseline -0.003 -19"><span class='ocrx_word' id='word_1_48' title='bbox 271 1083 337 1146; x_wconf 76' lang='lat' dir='ltr'><strong>‘illa</strong></span> <span class='ocrx_word' id='word_1_49' title='bbox 359 1081 456 1153; x_wconf 89' lang='lat' dir='ltr'><strong>illae&#39;,</strong></span> <span class='ocrx_word' id='word_1_50' title='bbox 480 1081 575 1144; x_wconf 87' lang='lat' dir='ltr'><strong>‘illum</strong></span> <span class='ocrx_word' id='word_1_51' title='bbox 598 1081 667 1144; x_wconf 91' lang='lat' dir='ltr'><strong>illi’:</strong></span> <span class='ocrx_word' id='word_1_52' title='bbox 696 1085 741 1144; x_wconf 91' lang='lat' dir='ltr'><strong>sie</strong></span> <span class='ocrx_word' id='word_1_53' title='bbox 764 1083 864 1162; x_wconf 77' lang='lat' dir='ltr'><strong>‘ipsus</strong></span> <span class='ocrx_word' id='word_1_54' title='bbox 885 1085 948 1163; x_wconf 89' lang='lat' dir='ltr'><strong>ipsa</strong></span> <span class='ocrx_word' id='word_1_55' title='bbox 971 1086 1098 1164; x_wconf 85' lang='lat' dir='ltr'><strong>ipsum&#39;.</strong></span> <span class='ocrx_word' id='word_1_56' title='bbox 1142 1087 1218 1146; x_wconf 84' lang='lat' dir='ltr'><strong>Sunt</strong></span> <span class='ocrx_word' id='word_1_57' title='bbox 1238 1103 1314 1165; x_wconf 91' lang='lat' dir='ltr'><strong>quae</strong></span> <span class='ocrx_word' id='word_1_58' title='bbox 1335 1081 1432 1144; x_wconf 84' lang='lat' dir='ltr'><strong>tribus</strong></span> <span class='ocrx_word' id='word_1_59' title='bbox 1454 1081 1582 1143; x_wconf 82' lang='lat' dir='ltr'><strong>casibus</strong></span> 
     </span>
     <span class='ocr_line' id='line_1_8' title="bbox 272 1183 1582 1256; baseline -0.004 -9"><span class='ocrx_word' id='word_1_60' title='bbox 272 1187 443 1256; x_wconf 85' lang='lat' dir='ltr'><strong>liectuutur,</strong></span> <span class='ocrx_word' id='word_1_61' title='bbox 467 1195 500 1247; x_wconf 97' lang='lat' dir='ltr'><strong>ut</strong></span> <span class='ocrx_word' id='word_1_62' title='bbox 521 1186 619 1246; x_wconf 79' lang='lat' dir='ltr'><strong>‘euius</strong></span> <span class='ocrx_word' id='word_1_63' title='bbox 641 1185 700 1246; x_wconf 91' lang='lat' dir='ltr'><strong>euii</strong></span> <span class='ocrx_word' id='word_1_64' title='bbox 723 1185 812 1256; x_wconf 90' lang='lat' dir='ltr'><strong>euio&#39;,</strong></span> <span class='ocrx_word' id='word_1_65' title='bbox 834 1183 911 1246; x_wconf 76' lang='lat' dir='ltr'><strong>‘cuia</strong></span> <span class='ocrx_word' id='word_1_66' title='bbox 935 1187 1018 1248; x_wconf 85' lang='lat' dir='ltr'><strong>cuiae</strong></span> <span class='ocrx_word' id='word_1_67' title='bbox 1041 1189 1148 1256; x_wconf 89' lang='lat' dir='ltr'><strong>cuiae’,</strong></span> <span class='ocrx_word' id='word_1_68' title='bbox 1171 1187 1282 1246; x_wconf 76' lang='lat' dir='ltr'><strong>‘cuium</strong></span> <span class='ocrx_word' id='word_1_69' title='bbox 1298 1185 1358 1246; x_wconf 89' lang='lat' dir='ltr'><strong>cuii</strong></span> <span class='ocrx_word' id='word_1_70' title='bbox 1373 1185 1465 1244; x_wconf 86' lang='lat' dir='ltr'><strong>euio’.</strong></span> <span class='ocrx_word' id='word_1_71' title='bbox 1496 1184 1582 1244; x_wconf 82' lang='lat' dir='ltr'><strong>Sunt</strong></span> 
     </span>
     <span class='ocr_line' id='line_1_9' title="bbox 272 1284 1580 1370; baseline -0.003 -20"><span class='ocrx_word' id='word_1_72' title='bbox 272 1305 348 1370; x_wconf 91' lang='lat' dir='ltr'><strong>quae</strong></span> <span class='ocrx_word' id='word_1_73' title='bbox 371 1295 446 1349; x_wconf 90' lang='lat' dir='ltr'><strong>tetra</strong></span> <span class='ocrx_word' id='word_1_74' title='bbox 469 1287 588 1348; x_wconf 90' lang='lat' dir='ltr'><strong>casibus</strong></span> <span class='ocrx_word' id='word_1_75' title='bbox 611 1285 808 1357; x_wconf 87' lang='lat' dir='ltr'><strong>declinantur.</strong></span> <span class='ocrx_word' id='word_1_76' title='bbox 832 1295 866 1349; x_wconf 96' lang='lat' dir='ltr'><strong>ut</strong></span> <span class='ocrx_word' id='word_1_77' title='bbox 887 1285 992 1350; x_wconf 80' lang='lat' dir='ltr'><strong>‘heluo</strong></span> <span class='ocrx_word' id='word_1_78' title='bbox 1015 1287 1111 1350; x_wconf 89' lang='lat' dir='ltr'><strong>helius</strong></span> <span class='ocrx_word' id='word_1_79' title='bbox 1133 1286 1194 1349; x_wconf 87' lang='lat' dir='ltr'><strong>lreli</strong></span> <span class='ocrx_word' id='word_1_80' title='bbox 1215 1287 1343 1356; x_wconf 86' lang='lat' dir='ltr'><strong>helum&#39;,</strong></span> <span class='ocrx_word' id='word_1_81' title='bbox 1367 1284 1451 1346; x_wconf 76' lang='lat' dir='ltr'><strong>‘lrela</strong></span> <span class='ocrx_word' id='word_1_82' title='bbox 1473 1284 1580 1346; x_wconf 85' lang='lat' dir='ltr'><strong>helius</strong></span> 
     </span>
     <span class='ocr_line' id='line_1_10' title="bbox 273 1385 1580 1468; baseline -0.002 -19"><span class='ocrx_word' id='word_1_83' title='bbox 273 1387 331 1450; x_wconf 88' lang='lat' dir='ltr'><strong>lreli</strong></span> <span class='ocrx_word' id='word_1_84' title='bbox 353 1389 472 1459; x_wconf 86' lang='lat' dir='ltr'><strong>helam’,</strong></span> <span class='ocrx_word' id='word_1_85' title='bbox 497 1387 615 1450; x_wconf 72' lang='lat' dir='ltr'><strong>‘loeium</strong></span> <span class='ocrx_word' id='word_1_86' title='bbox 638 1386 733 1450; x_wconf 82' lang='lat' dir='ltr'><strong>laelius</strong></span> <span class='ocrx_word' id='word_1_87' title='bbox 755 1387 816 1450; x_wconf 90' lang='lat' dir='ltr'><strong>heli</strong></span> <span class='ocrx_word' id='word_1_88' title='bbox 839 1387 968 1450; x_wconf 90' lang='lat' dir='ltr'><strong>helum’.</strong></span> <span class='ocrx_word' id='word_1_89' title='bbox 1014 1390 1090 1452; x_wconf 92' lang='lat' dir='ltr'><strong>Sunt</strong></span> <span class='ocrx_word' id='word_1_90' title='bbox 1112 1391 1215 1460; x_wconf 84' lang='lat' dir='ltr'><strong>etiam,</strong></span> <span class='ocrx_word' id='word_1_91' title='bbox 1240 1405 1316 1468; x_wconf 86' lang='lat' dir='ltr'><strong>quae</strong></span> <span class='ocrx_word' id='word_1_92' title='bbox 1338 1396 1428 1466; x_wconf 90' lang='lat' dir='ltr'><strong>penta</strong></span> <span class='ocrx_word' id='word_1_93' title='bbox 1451 1385 1580 1448; x_wconf 86' lang='lat' dir='ltr'><strong>casibus</strong></span> 
     </span>
     <span class='ocr_line' id='line_1_11' title="bbox 273 1489 1617 1562; baseline -0.003 -10"><span class='ocrx_word' id='word_1_94' title='bbox 273 1499 405 1562; x_wconf 87' lang='lat' dir='ltr'><strong>utuntur,</strong></span> <span class='ocrx_word' id='word_1_95' title='bbox 435 1498 466 1552; x_wconf 90' lang='lat' dir='ltr'><strong>ut</strong></span> <span class='ocrx_word' id='word_1_96' title='bbox 490 1491 637 1560; x_wconf 77' lang='lat' dir='ltr'><strong>‘eccum’,</strong></span> <span class='ocrx_word' id='word_1_97' title='bbox 661 1489 761 1552; x_wconf 89' lang='lat' dir='ltr'><strong>datiuo</strong></span> <span class='ocrx_word' id='word_1_98' title='bbox 783 1490 901 1560; x_wconf 77' lang='lat' dir='ltr'><strong>‘aceo’,</strong></span> <span class='ocrx_word' id='word_1_99' title='bbox 925 1493 1097 1554; x_wconf 87' lang='lat' dir='ltr'><strong>accusatiuo</strong></span> <span class='ocrx_word' id='word_1_100' title='bbox 1120 1491 1268 1560; x_wconf 76' lang='lat' dir='ltr'><strong>‘eccum’‚</strong></span> <span class='ocrx_word' id='word_1_101' title='bbox 1292 1490 1428 1550; x_wconf 92' lang='lat' dir='ltr'><strong>uoeatiuo</strong></span> <span class='ocrx_word' id='word_1_102' title='bbox 1451 1490 1576 1559; x_wconf 76' lang='lat' dir='ltr'><strong>‘ecee&#39;‚</strong></span> <span class='ocrx_word' id='word_1_103' title='bbox 1593 1505 1617 1542; x_wconf 78' lang='lat'><strong>10</strong></span> 
     </span>
     <span class='ocr_line' id='line_1_12' title="bbox 272 1590 1577 1663; baseline -0.002 -11"><span class='ocrx_word' id='word_1_104' title='bbox 272 1590 402 1654; x_wconf 90' lang='lat' dir='ltr'><strong>ablatiuo</strong></span> <span class='ocrx_word' id='word_1_105' title='bbox 425 1595 542 1655; x_wconf 79' lang='lat' dir='ltr'><strong>‘ecee’.</strong></span> <span class='ocrx_word' id='word_1_106' title='bbox 587 1591 650 1653; x_wconf 90' lang='lat' dir='ltr'><strong>lloe</strong></span> <span class='ocrx_word' id='word_1_107' title='bbox 673 1590 869 1654; x_wconf 87' lang='lat' dir='ltr'><strong>masculinum</strong></span> <span class='ocrx_word' id='word_1_108' title='bbox 893 1599 951 1663; x_wconf 89' lang='lat' dir='ltr'><strong>est,</strong></span> <span class='ocrx_word' id='word_1_109' title='bbox 974 1593 1152 1655; x_wconf 83' lang='lat' dir='ltr'><strong>femininum</strong></span> <span class='ocrx_word' id='word_1_110' title='bbox 1175 1594 1290 1662; x_wconf 57' lang='lat' dir='ltr'><strong>‘cecat</strong></span> <span class='ocrx_word' id='word_1_111' title='bbox 1314 1591 1414 1652; x_wconf 90' lang='lat' dir='ltr'><strong>datiuo</strong></span> <span class='ocrx_word' id='word_1_112' title='bbox 1436 1593 1577 1658; x_wconf 76' lang='lat' dir='ltr'><strong>‘eccae’‚</strong></span> 
     </span>
     <span class='ocr_line' id='line_1_13' title="bbox 272 1691 1577 1764; baseline -0.002 -10"><span class='ocrx_word' id='word_1_113' title='bbox 272 1695 442 1756; x_wconf 89' lang='lat' dir='ltr'><strong>aecusatiuo</strong></span> <span class='ocrx_word' id='word_1_114' title='bbox 464 1694 613 1764; x_wconf 79' lang='lat' dir='ltr'><strong>‘eccam’,</strong></span> <span class='ocrx_word' id='word_1_115' title='bbox 638 1695 776 1754; x_wconf 88' lang='lat' dir='ltr'><strong>uocatiuo</strong></span> <span class='ocrx_word' id='word_1_116' title='bbox 798 1693 915 1764; x_wconf 72' lang='lat' dir='ltr'><strong>‘ecca’,</strong></span> <span class='ocrx_word' id='word_1_117' title='bbox 945 1693 1076 1755; x_wconf 86' lang='lat' dir='ltr'><strong>ablatiuo</strong></span> <span class='ocrx_word' id='word_1_118' title='bbox 1098 1695 1215 1756; x_wconf 76' lang='lat' dir='ltr'><strong>‘ecca&#39;.</strong></span> <span class='ocrx_word' id='word_1_119' title='bbox 1260 1693 1406 1756; x_wconf 78' lang='lat' dir='ltr'><strong>Neutrum</strong></span> <span class='ocrx_word' id='word_1_120' title='bbox 1428 1691 1577 1764; x_wconf 78' lang='lat' dir='ltr'><strong>‘ellum’,</strong></span> 
     </span>
     <span class='ocr_line' id='line_1_14' title="bbox 272 1792 1576 1873; baseline -0.003 -17"><span class='ocrx_word' id='word_1_121' title='bbox 272 1795 373 1858; x_wconf 92' lang='lat' dir='ltr'><strong>datiuo</strong></span> <span class='ocrx_word' id='word_1_122' title='bbox 397 1795 492 1866; x_wconf 75' lang='lat' dir='ltr'><strong>‘elli’.</strong></span> <span class='ocrx_word' id='word_1_123' title='bbox 516 1795 685 1856; x_wconf 90' lang='lat' dir='ltr'><strong>accusatiuo</strong></span> <span class='ocrx_word' id='word_1_124' title='bbox 709 1793 847 1865; x_wconf 83' lang='lat' dir='ltr'><strong>‘ellum’‚</strong></span> <span class='ocrx_word' id='word_1_125' title='bbox 879 1797 1017 1858; x_wconf 92' lang='lat' dir='ltr'><strong>uoeatiuo</strong></span> <span class='ocrx_word' id='word_1_126' title='bbox 1040 1795 1178 1873; x_wconf 80' lang='lat' dir='ltr'><strong>‘ellum’‚</strong></span> <span class='ocrx_word' id='word_1_127' title='bbox 1208 1793 1337 1856; x_wconf 89' lang='lat' dir='ltr'><strong>ablatino</strong></span> <span class='ocrx_word' id='word_1_128' title='bbox 1360 1792 1464 1854; x_wconf 70' lang='lat' dir='ltr'><strong>‘ellat</strong></span> <span class='ocrx_word' id='word_1_129' title='bbox 1509 1793 1576 1854; x_wconf 85' lang='lat' dir='ltr'><strong>Sed</strong></span> 
     </span>
     <span class='ocr_line' id='line_1_15' title="bbox 272 1895 1577 1978; baseline -0.003 -20"><span class='ocrx_word' id='word_1_130' title='bbox 272 1898 347 1958; x_wconf 88' lang='lat' dir='ltr'><strong>haee</strong></span> <span class='ocrx_word' id='word_1_131' title='bbox 368 1904 472 1959; x_wconf 87' lang='lat' dir='ltr'><strong>carent</strong></span> <span class='ocrx_word' id='word_1_132' title='bbox 493 1897 600 1976; x_wconf 84' lang='lat' dir='ltr'><strong>plurali</strong></span> <span class='ocrx_word' id='word_1_133' title='bbox 623 1913 757 1958; x_wconf 85' lang='lat' dir='ltr'><strong>numero.</strong></span> <span class='ocrx_word' id='word_1_134' title='bbox 795 1895 871 1957; x_wconf 91' lang='lat' dir='ltr'><strong>Sunt</strong></span> <span class='ocrx_word' id='word_1_135' title='bbox 892 1895 949 1958; x_wconf 92' lang='lat' dir='ltr'><strong>alia</strong></span> <span class='ocrx_word' id='word_1_136' title='bbox 970 1899 1161 1978; x_wconf 86' lang='lat' dir='ltr'><strong>pronomina,</strong></span> <span class='ocrx_word' id='word_1_137' title='bbox 1185 1915 1263 1977; x_wconf 89' lang='lat' dir='ltr'><strong>quae</strong></span> <span class='ocrx_word' id='word_1_138' title='bbox 1284 1898 1315 1958; x_wconf 93' lang='lat' dir='ltr'><strong>iu</strong></span> <span class='ocrx_word' id='word_1_139' title='bbox 1330 1895 1485 1956; x_wconf 78' lang='lat' dir='ltr'><strong>Latinitate</strong></span> <span class='ocrx_word' id='word_1_140' title='bbox 1511 1896 1577 1956; x_wconf 88' lang='lat' dir='ltr'><strong>usi-</strong></span> 
     </span>
     <span class='ocr_line' id='line_1_16' title="bbox 272 1995 1617 2079; baseline -0.005 -19"><span class='ocrx_word' id='word_1_141' title='bbox 272 2007 329 2060; x_wconf 87' lang='lat' dir='ltr'><strong>tata</strong></span> <span class='ocrx_word' id='word_1_142' title='bbox 353 2017 412 2060; x_wconf 92' lang='lat' dir='ltr'><strong>non</strong></span> <span class='ocrx_word' id='word_1_143' title='bbox 435 1997 592 2070; x_wconf 78' lang='lat' dir='ltr'><strong>liabentur,</strong></span> <span class='ocrx_word' id='word_1_144' title='bbox 609 2006 639 2060; x_wconf 90' lang='lat' dir='ltr'><strong>at</strong></span> <span class='ocrx_word' id='word_1_145' title='bbox 660 2007 759 2060; x_wconf 88' lang='lat' dir='ltr'><strong>tamen</strong></span> <span class='ocrx_word' id='word_1_146' title='bbox 781 1999 812 2058; x_wconf 95' lang='lat' dir='ltr'><strong>in</strong></span> <span class='ocrx_word' id='word_1_147' title='bbox 834 1995 958 2061; x_wconf 91' lang='lat' dir='ltr'><strong>dubium</strong></span> <span class='ocrx_word' id='word_1_148' title='bbox 981 1999 1181 2079; x_wconf 85' lang='lat' dir='ltr'><strong>recipiuntur:</strong></span> <span class='ocrx_word' id='word_1_149' title='bbox 1205 2016 1317 2078; x_wconf 80' lang='lat' dir='ltr'><strong>genere</strong></span> <span class='ocrx_word' id='word_1_150' title='bbox 1338 1995 1512 2066; x_wconf 82' lang='lat' dir='ltr'><strong>masculino,</strong></span> <span class='ocrx_word' id='word_1_151' title='bbox 1539 2007 1576 2057; x_wconf 93' lang='lat' dir='ltr'><strong>ut</strong></span> <span class='ocrx_word' id='word_1_152' title='bbox 1591 2013 1617 2052; x_wconf 78' lang='lat' dir='ltr'><strong>rs</strong></span> 
     </span>
     <span class='ocr_line' id='line_1_17' title="bbox 272 2098 1575 2180; baseline -0.004 -18"><span class='ocrx_word' id='word_1_153' title='bbox 272 2119 338 2164; x_wconf 84' lang='lat' dir='ltr'><strong>mus</strong></span> <span class='ocrx_word' id='word_1_154' title='bbox 360 2103 400 2160; x_wconf 92' lang='lat' dir='ltr'><strong>mi</strong></span> <span class='ocrx_word' id='word_1_155' title='bbox 423 2119 472 2162; x_wconf 89' lang='lat' dir='ltr'><strong>mo</strong></span> <span class='ocrx_word' id='word_1_156' title='bbox 496 2119 575 2162; x_wconf 89' lang='lat' dir='ltr'><strong>mum</strong></span> <span class='ocrx_word' id='word_1_157' title='bbox 599 2101 639 2160; x_wconf 93' lang='lat' dir='ltr'><strong>mi</strong></span> <span class='ocrx_word' id='word_1_158' title='bbox 662 2118 726 2168; x_wconf 90' lang='lat' dir='ltr'><strong>mo,</strong></span> <span class='ocrx_word' id='word_1_159' title='bbox 749 2098 856 2180; x_wconf 92' lang='lat' dir='ltr'><strong>plurali</strong></span> <span class='ocrx_word' id='word_1_160' title='bbox 880 2102 919 2162; x_wconf 93' lang='lat' dir='ltr'><strong>mi</strong></span> <span class='ocrx_word' id='word_1_161' title='bbox 942 2119 1059 2162; x_wconf 88' lang='lat' dir='ltr'><strong>merum</strong></span> <span class='ocrx_word' id='word_1_162' title='bbox 1081 2101 1138 2161; x_wconf 83' lang='lat' dir='ltr'><strong>mis</strong></span> <span class='ocrx_word' id='word_1_163' title='bbox 1161 2119 1225 2162; x_wconf 90' lang='lat' dir='ltr'><strong>mos</strong></span> <span class='ocrx_word' id='word_1_164' title='bbox 1241 2103 1283 2161; x_wconf 91' lang='lat' dir='ltr'><strong>mi</strong></span> <span class='ocrx_word' id='word_1_165' title='bbox 1299 2118 1315 2160; x_wconf 92' lang='lat' dir='ltr'><strong>a</strong></span> <span class='ocrx_word' id='word_1_166' title='bbox 1331 2101 1399 2169; x_wconf 90' lang='lat' dir='ltr'><strong>mis,</strong></span> <span class='ocrx_word' id='word_1_167' title='bbox 1423 2099 1575 2160; x_wconf 74' lang='lat' dir='ltr'><strong>feminino</strong></span> 
     </span>
     <span class='ocr_line' id='line_1_18' title="bbox 272 2202 1574 2281; baseline -0.002 -17"><span class='ocrx_word' id='word_1_168' title='bbox 272 2222 320 2266; x_wconf 88' lang='lat' dir='ltr'><strong>ma</strong></span> <span class='ocrx_word' id='word_1_169' title='bbox 342 2221 408 2264; x_wconf 87' lang='lat' dir='ltr'><strong>mae</strong></span> <span class='ocrx_word' id='word_1_170' title='bbox 431 2220 496 2263; x_wconf 89' lang='lat' dir='ltr'><strong>mae</strong></span> <span class='ocrx_word' id='word_1_171' title='bbox 519 2219 599 2263; x_wconf 90' lang='lat' dir='ltr'><strong>mum</strong></span> <span class='ocrx_word' id='word_1_172' title='bbox 622 2221 639 2262; x_wconf 94' lang='lat' dir='ltr'><strong>o</strong></span> <span class='ocrx_word' id='word_1_173' title='bbox 662 2221 709 2262; x_wconf 88' lang='lat' dir='ltr'><strong>rna</strong></span> <span class='ocrx_word' id='word_1_174' title='bbox 732 2220 749 2262; x_wconf 93' lang='lat' dir='ltr'><strong>a</strong></span> <span class='ocrx_word' id='word_1_175' title='bbox 772 2219 828 2274; x_wconf 89' lang='lat' dir='ltr'><strong>ma,</strong></span> <span class='ocrx_word' id='word_1_176' title='bbox 853 2211 883 2263; x_wconf 92' lang='lat' dir='ltr'><strong>et</strong></span> <span class='ocrx_word' id='word_1_177' title='bbox 903 2202 1011 2281; x_wconf 87' lang='lat' dir='ltr'><strong>plurali</strong></span> <span class='ocrx_word' id='word_1_178' title='bbox 1033 2219 1098 2263; x_wconf 89' lang='lat' dir='ltr'><strong>mae</strong></span> <span class='ocrx_word' id='word_1_179' title='bbox 1120 2219 1235 2263; x_wconf 85' lang='lat' dir='ltr'><strong>marum</strong></span> <span class='ocrx_word' id='word_1_180' title='bbox 1257 2203 1315 2262; x_wconf 91' lang='lat' dir='ltr'><strong>mis</strong></span> <span class='ocrx_word' id='word_1_181' title='bbox 1336 2219 1398 2262; x_wconf 89' lang='lat' dir='ltr'><strong>mas</strong></span> <span class='ocrx_word' id='word_1_182' title='bbox 1421 2220 1438 2261; x_wconf 94' lang='lat' dir='ltr'><strong>o</strong></span> <span class='ocrx_word' id='word_1_183' title='bbox 1460 2220 1478 2262; x_wconf 88' lang='lat' dir='ltr'><strong>a</strong></span> <span class='ocrx_word' id='word_1_184' title='bbox 1498 2203 1574 2271; x_wconf 86' lang='lat' dir='ltr'><strong>mis.</strong></span> 
     </span>
     <span class='ocr_line' id='line_1_19' title="bbox 272 2301 1573 2385; baseline -0.003 -19"><span class='ocrx_word' id='word_1_185' title='bbox 272 2311 379 2366; x_wconf 89' lang='lat' dir='ltr'><strong>neutro</strong></span> <span class='ocrx_word' id='word_1_186' title='bbox 401 2322 498 2374; x_wconf 85' lang='lat' dir='ltr'><strong>mum.</strong></span> <span class='ocrx_word' id='word_1_187' title='bbox 522 2323 577 2384; x_wconf 89' lang='lat' dir='ltr'><strong>pro</strong></span> <span class='ocrx_word' id='word_1_188' title='bbox 599 2322 658 2385; x_wconf 91' lang='lat' dir='ltr'><strong>quo</strong></span> <span class='ocrx_word' id='word_1_189' title='bbox 681 2311 781 2364; x_wconf 91' lang='lat' dir='ltr'><strong>autem</strong></span> <span class='ocrx_word' id='word_1_190' title='bbox 797 2305 828 2365; x_wconf 89' lang='lat' dir='ltr'><strong>in</strong></span> <span class='ocrx_word' id='word_1_191' title='bbox 844 2321 897 2364; x_wconf 85' lang='lat' dir='ltr'><strong>usu</strong></span> <span class='ocrx_word' id='word_1_192' title='bbox 914 2301 1041 2364; x_wconf 89' lang='lat' dir='ltr'><strong>habetur</strong></span> <span class='ocrx_word' id='word_1_193' title='bbox 1055 2321 1156 2371; x_wconf 89' lang='lat' dir='ltr'><strong>meus;</strong></span> <span class='ocrx_word' id='word_1_194' title='bbox 1180 2305 1223 2364; x_wconf 90' lang='lat' dir='ltr'><strong>sic</strong></span> <span class='ocrx_word' id='word_1_195' title='bbox 1239 2305 1296 2364; x_wconf 88' lang='lat' dir='ltr'><strong>erit</strong></span> <span class='ocrx_word' id='word_1_196' title='bbox 1310 2311 1341 2364; x_wconf 96' lang='lat' dir='ltr'><strong>et</strong></span> <span class='ocrx_word' id='word_1_197' title='bbox 1355 2315 1401 2365; x_wconf 91' lang='lat' dir='ltr'><strong>tus</strong></span> <span class='ocrx_word' id='word_1_198' title='bbox 1416 2321 1471 2383; x_wconf 82' lang='lat' dir='ltr'><strong>pro</strong></span> <span class='ocrx_word' id='word_1_199' title='bbox 1486 2311 1573 2364; x_wconf 87' lang='lat' dir='ltr'><strong>tuus.</strong></span> 
     </span>
    </p>

    <p class='ocr_par' dir='ltr' id='par_1_4' title="bbox 270 2402 1614 3403">
     <span class='ocr_line' id='line_1_20' title="bbox 359 2402 1573 2488; baseline -0.002 -21"><span class='ocrx_word' id='word_1_200' title='bbox 359 2403 372 2487; x_wconf 75' lang='lat' dir='ltr'><strong>ll</strong></span> <span class='ocrx_word' id='word_1_201' title='bbox 389 2407 409 2467; x_wconf 87' lang='lat' dir='ltr'><strong>i.</strong></span> <span class='ocrx_word' id='word_1_202' title='bbox 426 2402 487 2466; x_wconf 72' lang='lat'><strong>21¹²</strong></span> <span class='ocrx_word' id='word_1_203' title='bbox 504 2403 516 2488; x_wconf 72' lang='lat' dir='ltr'><strong>ll</strong></span> <span class='ocrx_word' id='word_1_204' title='bbox 551 2406 655 2466; x_wconf 87' lang='lat' dir='ltr'><strong>Vtrum</strong></span> <span class='ocrx_word' id='word_1_205' title='bbox 689 2406 876 2484; x_wconf 87' lang='lat' dir='ltr'><strong>conpositum</strong></span> <span class='ocrx_word' id='word_1_206' title='bbox 909 2414 968 2478; x_wconf 86' lang='lat' dir='ltr'><strong>est,</strong></span> <span class='ocrx_word' id='word_1_207' title='bbox 1002 2423 1040 2466; x_wconf 92' lang='lat' dir='ltr'><strong>au</strong></span> <span class='ocrx_word' id='word_1_208' title='bbox 1072 2403 1198 2485; x_wconf 84' lang='lat' dir='ltr'><strong>simplex</strong></span> <span class='ocrx_word' id='word_1_209' title='bbox 1226 2405 1304 2466; x_wconf 80' lang='lat' dir='ltr'><strong>istud</strong></span> <span class='ocrx_word' id='word_1_210' title='bbox 1333 2423 1456 2474; x_wconf 91' lang='lat' dir='ltr'><strong>nomeu,</strong></span> <span class='ocrx_word' id='word_1_211' title='bbox 1485 2404 1573 2482; x_wconf 92' lang='lat' dir='ltr'><strong>quod</strong></span> 
     </span>
     <span class='ocr_line' id='line_1_21' title="bbox 273 2503 1614 2586; baseline -0.004 -18"><span class='ocrx_word' id='word_1_212' title='bbox 273 2507 381 2568; x_wconf 89' lang='lat' dir='ltr'><strong>dicitur</strong></span> <span class='ocrx_word' id='word_1_213' title='bbox 404 2506 576 2568; x_wconf 77' lang='lat' dir='ltr'><strong>‘uerbum’i</strong></span> <span class='ocrx_word' id='word_1_214' title='bbox 611 2506 801 2586; x_wconf 88' lang='lat' dir='ltr'><strong>Conpositum</strong></span> <span class='ocrx_word' id='word_1_215' title='bbox 824 2512 873 2568; x_wconf 88' lang='lat' dir='ltr'><strong>est</strong></span> <span class='ocrx_word' id='word_1_216' title='bbox 894 2525 928 2567; x_wconf 79' lang='lat' dir='ltr'><strong>ex</strong></span> <span class='ocrx_word' id='word_1_217' title='bbox 953 2505 1068 2568; x_wconf 87' lang='lat' dir='ltr'><strong>duobus</strong></span> <span class='ocrx_word' id='word_1_218' title='bbox 1090 2508 1251 2586; x_wconf 84' lang='lat' dir='ltr'><strong>corruptis,</strong></span> <span class='ocrx_word' id='word_1_219' title='bbox 1275 2507 1355 2568; x_wconf 81' lang='lat' dir='ltr'><strong>‘uer&#39;</strong></span> <span class='ocrx_word' id='word_1_220' title='bbox 1379 2525 1415 2566; x_wconf 83' lang='lat' dir='ltr'><strong>ex</strong></span> <span class='ocrx_word' id='word_1_221' title='bbox 1437 2503 1573 2567; x_wconf 83' lang='lat' dir='ltr'><strong>uerbere</strong></span> <span class='ocrx_word' id='word_1_222' title='bbox 1588 2523 1614 2562; x_wconf 76' lang='lat' dir='ltr'><strong>ao</strong></span> 
     </span>
     <span class='ocr_line' id='line_1_22' title="bbox 273 2605 1575 2687; baseline -0.002 -19"><span class='ocrx_word' id='word_1_223' title='bbox 273 2617 303 2669; x_wconf 90' lang='lat' dir='ltr'><strong>et</strong></span> <span class='ocrx_word' id='word_1_224' title='bbox 334 2607 443 2668; x_wconf 75' lang='lat' dir='ltr'><strong>‘bum&#39;</strong></span> <span class='ocrx_word' id='word_1_225' title='bbox 478 2627 514 2669; x_wconf 82' lang='lat' dir='ltr'><strong>ex</strong></span> <span class='ocrx_word' id='word_1_226' title='bbox 542 2608 663 2680; x_wconf 78' lang='lat' dir='ltr'><strong>bucina,</strong></span> <span class='ocrx_word' id='word_1_227' title='bbox 692 2616 725 2669; x_wconf 92' lang='lat' dir='ltr'><strong>ut</strong></span> <span class='ocrx_word' id='word_1_228' title='bbox 756 2606 942 2687; x_wconf 79' lang='lat' dir='ltr'><strong>Virgilius</strong></span> <span class='ocrx_word' id='word_1_229' title='bbox 975 2607 1059 2669; x_wconf 87' lang='lat' dir='ltr'><strong>dicit:</strong></span> <span class='ocrx_word' id='word_1_230' title='bbox 1099 2607 1229 2670; x_wconf 89' lang='lat' dir='ltr'><strong>Verbum</strong></span> <span class='ocrx_word' id='word_1_231' title='bbox 1266 2611 1358 2686; x_wconf 79' lang='lat' dir='ltr'><strong>igitur</strong></span> <span class='ocrx_word' id='word_1_232' title='bbox 1393 2624 1428 2668; x_wconf 85' lang='lat' dir='ltr'><strong>ex</strong></span> <span class='ocrx_word' id='word_1_233' title='bbox 1460 2605 1575 2668; x_wconf 85' lang='lat' dir='ltr'><strong>duobis</strong></span> 
     </span>
     <span class='ocr_line' id='line_1_23' title="bbox 272 2707 1575 2789; baseline -0.003 -17"><span class='ocrx_word' id='word_1_234' title='bbox 272 2709 369 2772; x_wconf 87' lang='lat' dir='ltr'><strong>modis</strong></span> <span class='ocrx_word' id='word_1_235' title='bbox 391 2718 520 2771; x_wconf 86' lang='lat' dir='ltr'><strong>constat:</strong></span> <span class='ocrx_word' id='word_1_236' title='bbox 552 2713 643 2772; x_wconf 80' lang='lat' dir='ltr'><strong>‘uer’</strong></span> <span class='ocrx_word' id='word_1_237' title='bbox 666 2727 703 2770; x_wconf 82' lang='lat' dir='ltr'><strong>ex</strong></span> <span class='ocrx_word' id='word_1_238' title='bbox 725 2708 867 2779; x_wconf 88' lang='lat' dir='ltr'><strong>uerbere,</strong></span> <span class='ocrx_word' id='word_1_239' title='bbox 891 2707 969 2788; x_wconf 91' lang='lat' dir='ltr'><strong>quod</strong></span> <span class='ocrx_word' id='word_1_240' title='bbox 993 2709 1092 2789; x_wconf 82' lang='lat' dir='ltr'><strong>lingua</strong></span> <span class='ocrx_word' id='word_1_241' title='bbox 1114 2712 1226 2789; x_wconf 83' lang='lat' dir='ltr'><strong>gutturi</strong></span> <span class='ocrx_word' id='word_1_242' title='bbox 1253 2709 1373 2788; x_wconf 78' lang='lat' dir='ltr'><strong>infligit,</strong></span> <span class='ocrx_word' id='word_1_243' title='bbox 1402 2707 1506 2769; x_wconf 78' lang='lat' dir='ltr'><strong>‘bum’</strong></span> <span class='ocrx_word' id='word_1_244' title='bbox 1534 2727 1575 2769; x_wconf 83' lang='lat' dir='ltr'><strong>ex</strong></span> 
     </span>
     <span class='ocr_line' id='line_1_24' title="bbox 272 2810 1576 2894; baseline -0.003 -20"><span class='ocrx_word' id='word_1_245' title='bbox 272 2811 395 2884; x_wconf 86' lang='lat' dir='ltr'><strong>bucina,</strong></span> <span class='ocrx_word' id='word_1_246' title='bbox 425 2830 461 2874; x_wconf 93' lang='lat' dir='ltr'><strong>eo</strong></span> <span class='ocrx_word' id='word_1_247' title='bbox 488 2811 566 2894; x_wconf 92' lang='lat' dir='ltr'><strong>quod</strong></span> <span class='ocrx_word' id='word_1_248' title='bbox 596 2830 665 2872; x_wconf 84' lang='lat' dir='ltr'><strong>uox·</strong></span> <span class='ocrx_word' id='word_1_249' title='bbox 682 2812 797 2874; x_wconf 86' lang='lat' dir='ltr'><strong>reboat.</strong></span> <span class='ocrx_word' id='word_1_250' title='bbox 847 2811 920 2872; x_wconf 87' lang='lat' dir='ltr'><strong>Nam</strong></span> <span class='ocrx_word' id='word_1_251' title='bbox 949 2813 1027 2872; x_wconf 87' lang='lat' dir='ltr'><strong>sicut</strong></span> <span class='ocrx_word' id='word_1_252' title='bbox 1054 2810 1144 2872; x_wconf 90' lang='lat' dir='ltr'><strong>homo</strong></span> <span class='ocrx_word' id='word_1_253' title='bbox 1173 2830 1208 2873; x_wconf 84' lang='lat' dir='ltr'><strong>ex</strong></span> <span class='ocrx_word' id='word_1_254' title='bbox 1236 2827 1364 2890; x_wconf 86' lang='lat' dir='ltr'><strong>corpore</strong></span> <span class='ocrx_word' id='word_1_255' title='bbox 1393 2817 1508 2871; x_wconf 87' lang='lat' dir='ltr'><strong>constat</strong></span> <span class='ocrx_word' id='word_1_256' title='bbox 1542 2819 1576 2870; x_wconf 89' lang='lat' dir='ltr'><strong>et</strong></span> 
     </span>
     <span class='ocr_line' id='line_1_25' title="bbox 272 2909 1574 2992; baseline -0.005 -16"><span class='ocrx_word' id='word_1_257' title='bbox 272 2917 384 2986; x_wconf 89' lang='lat' dir='ltr'><strong>anima,</strong></span> <span class='ocrx_word' id='word_1_258' title='bbox 408 2916 447 2976; x_wconf 91' lang='lat' dir='ltr'><strong>ita</strong></span> <span class='ocrx_word' id='word_1_259' title='bbox 470 2923 500 2976; x_wconf 93' lang='lat' dir='ltr'><strong>et</strong></span> <span class='ocrx_word' id='word_1_260' title='bbox 522 2913 649 2977; x_wconf 88' lang='lat' dir='ltr'><strong>uerbum</strong></span> <span class='ocrx_word' id='word_1_261' title='bbox 672 2932 709 2975; x_wconf 84' lang='lat' dir='ltr'><strong>ex</strong></span> <span class='ocrx_word' id='word_1_262' title='bbox 731 2913 830 2992; x_wconf 79' lang='lat' dir='ltr'><strong>lingua</strong></span> <span class='ocrx_word' id='word_1_263' title='bbox 853 2921 883 2974; x_wconf 90' lang='lat' dir='ltr'><strong>et</strong></span> <span class='ocrx_word' id='word_1_264' title='bbox 906 2930 989 2974; x_wconf 89' lang='lat' dir='ltr'><strong>uoce.</strong></span> <span class='ocrx_word' id='word_1_265' title='bbox 1036 2912 1095 2974; x_wconf 88' lang='lat' dir='ltr'><strong>Cur</strong></span> <span class='ocrx_word' id='word_1_266' title='bbox 1116 2913 1268 2992; x_wconf 89' lang='lat' dir='ltr'><strong>praecedit</strong></span> <span class='ocrx_word' id='word_1_267' title='bbox 1297 2911 1442 2974; x_wconf 78' lang='lat' dir='ltr'><strong>uerbum?</strong></span> <span class='ocrx_word' id='word_1_268' title='bbox 1484 2909 1574 2970; x_wconf 89' lang='lat' dir='ltr'><strong>Vir-</strong></span> 
     </span>
     <span class='ocr_line' id='line_1_26' title="bbox 271 3013 1614 3097; baseline -0.004 -19"><span class='ocrx_word' id='word_1_269' title='bbox 271 3015 385 3096; x_wconf 82' lang='lat' dir='ltr'><strong>gilius</strong></span> <span class='ocrx_word' id='word_1_270' title='bbox 413 3014 557 3086; x_wconf 83' lang='lat' dir='ltr'><strong>ostendit,</strong></span> <span class='ocrx_word' id='word_1_271' title='bbox 587 3015 665 3097; x_wconf 93' lang='lat' dir='ltr'><strong>quod</strong></span> <span class='ocrx_word' id='word_1_272' title='bbox 689 3014 759 3076; x_wconf 88' lang='lat' dir='ltr'><strong>lieet</strong></span> <span class='ocrx_word' id='word_1_273' title='bbox 780 3032 839 3076; x_wconf 92' lang='lat' dir='ltr'><strong>non</strong></span> <span class='ocrx_word' id='word_1_274' title='bbox 861 3013 1014 3095; x_wconf 88' lang='lat' dir='ltr'><strong>praeeedit</strong></span> <span class='ocrx_word' id='word_1_275' title='bbox 1035 3015 1066 3075; x_wconf 89' lang='lat' dir='ltr'><strong>in</strong></span> <span class='ocrx_word' id='word_1_276' title='bbox 1089 3013 1194 3075; x_wconf 92' lang='lat' dir='ltr'><strong>ordine</strong></span> <span class='ocrx_word' id='word_1_277' title='bbox 1221 3014 1366 3094; x_wconf 90' lang='lat' dir='ltr'><strong>partium,</strong></span> <span class='ocrx_word' id='word_1_278' title='bbox 1395 3019 1428 3074; x_wconf 93' lang='lat' dir='ltr'><strong>ut</strong></span> <span class='ocrx_word' id='word_1_279' title='bbox 1455 3030 1573 3072; x_wconf 86' lang='lat' dir='ltr'><strong>nomen</strong></span> <span class='ocrx_word' id='word_1_280' title='bbox 1587 3033 1614 3072; x_wconf 82' lang='lat' dir='ltr'><strong>es</strong></span> 
     </span>
     <span class='ocr_line' id='line_1_27' title="bbox 271 3112 1571 3198; baseline -0.003 -20"><span class='ocrx_word' id='word_1_281' title='bbox 271 3137 437 3198; x_wconf 89' lang='lat' dir='ltr'><strong>pronomen</strong></span> <span class='ocrx_word' id='word_1_282' title='bbox 466 3116 607 3189; x_wconf 87' lang='lat' dir='ltr'><strong>uerbum,</strong></span> <span class='ocrx_word' id='word_1_283' title='bbox 637 3135 709 3179; x_wconf 89' lang='lat' dir='ltr'><strong>uero</strong></span> <span class='ocrx_word' id='word_1_284' title='bbox 738 3115 892 3198; x_wconf 86' lang='lat' dir='ltr'><strong>praeeedit</strong></span> <span class='ocrx_word' id='word_1_285' title='bbox 918 3117 948 3176; x_wconf 94' lang='lat' dir='ltr'><strong>in</strong></span> <span class='ocrx_word' id='word_1_286' title='bbox 976 3123 1117 3176; x_wconf 83' lang='lat' dir='ltr'><strong>contextu</strong></span> <span class='ocrx_word' id='word_1_287' title='bbox 1146 3117 1296 3185; x_wconf 86' lang='lat' dir='ltr'><strong>lectionis.</strong></span> <span class='ocrx_word' id='word_1_288' title='bbox 1326 3123 1358 3176; x_wconf 91' lang='lat' dir='ltr'><strong>ut</strong></span> <span class='ocrx_word' id='word_1_289' title='bbox 1386 3115 1450 3192; x_wconf 89' lang='lat' dir='ltr'><strong>ipse</strong></span> <span class='ocrx_word' id='word_1_290' title='bbox 1476 3112 1571 3174; x_wconf 84' lang='lat' dir='ltr'><strong>dicit:</strong></span> 
     </span>
     <span class='ocr_line' id='line_1_28' title="bbox 271 3217 1571 3300; baseline -0.006 -18"><span class='ocrx_word' id='word_1_291' title='bbox 271 3219 345 3282; x_wconf 89' lang='lat' dir='ltr'><strong>Nam</strong></span> <span class='ocrx_word' id='word_1_292' title='bbox 367 3220 437 3282; x_wconf 89' lang='lat' dir='ltr'><strong>licet</strong></span> <span class='ocrx_word' id='word_1_293' title='bbox 459 3221 490 3280; x_wconf 91' lang='lat' dir='ltr'><strong>in</strong></span> <span class='ocrx_word' id='word_1_294' title='bbox 512 3219 617 3282; x_wconf 88' lang='lat' dir='ltr'><strong>ordine</strong></span> <span class='ocrx_word' id='word_1_295' title='bbox 639 3237 778 3300; x_wconf 85' lang='lat' dir='ltr'><strong>praeesse</strong></span> <span class='ocrx_word' id='word_1_296' title='bbox 801 3235 860 3278; x_wconf 94' lang='lat' dir='ltr'><strong>non</strong></span> <span class='ocrx_word' id='word_1_297' title='bbox 883 3217 1059 3288; x_wconf 87' lang='lat' dir='ltr'><strong>admittitur,</strong></span> <span class='ocrx_word' id='word_1_298' title='bbox 1084 3217 1228 3279; x_wconf 89' lang='lat' dir='ltr'><strong>tamenin</strong></span> <span class='ocrx_word' id='word_1_299' title='bbox 1245 3217 1392 3296; x_wconf 82' lang='lat' dir='ltr'><strong>positione</strong></span> <span class='ocrx_word' id='word_1_300' title='bbox 1414 3232 1571 3277; x_wconf 88' lang='lat' dir='ltr'><strong>eassorum</strong></span> 
     </span>
     <span class='ocr_line' id='line_1_29' title="bbox 270 3318 697 3403; baseline -0.012 -18"><span class='ocrx_word' id='word_1_301' title='bbox 270 3321 465 3403; x_wconf 82' lang='lat' dir='ltr'><strong>principalem</strong></span> <span class='ocrx_word' id='word_1_302' title='bbox 486 3328 570 3382; x_wconf 86' lang='lat' dir='ltr'><strong>tenet</strong></span> <span class='ocrx_word' id='word_1_303' title='bbox 590 3318 697 3381; x_wconf 91' lang='lat' dir='ltr'><strong>locum.</strong></span> 
     </span>
    </p>

    <p class='ocr_par' dir='ltr' id='par_1_5' title="bbox 270 3418 1615 3807">
     <span class='ocr_line' id='line_1_30' title="bbox 357 3418 1574 3506; baseline -0.003 -22"><span class='ocrx_word' id='word_1_304' title='bbox 357 3419 370 3506; x_wconf 85' lang='grc'><strong>11</strong></span> <span class='ocrx_word' id='word_1_305' title='bbox 387 3423 407 3484; x_wconf 92' lang='lat' dir='ltr'><strong>l.</strong></span> <span class='ocrx_word' id='word_1_306' title='bbox 423 3418 482 3484; x_wconf 80' lang='lat'><strong>22·</strong></span> <span class='ocrx_word' id='word_1_307' title='bbox 499 3418 512 3504; x_wconf 76' lang='lat' dir='ltr'><strong>ll</strong></span> <span class='ocrx_word' id='word_1_308' title='bbox 535 3420 612 3482; x_wconf 86' lang='lat' dir='ltr'><strong>llicit</strong></span> <span class='ocrx_word' id='word_1_309' title='bbox 627 3420 823 3500; x_wconf 79' lang='lat' dir='ltr'><strong>Virgilius:</strong></span> <span class='ocrx_word' id='word_1_310' title='bbox 848 3421 906 3483; x_wconf 88' lang='lat' dir='ltr'><strong>Cur</strong></span> <span class='ocrx_word' id='word_1_311' title='bbox 921 3423 952 3482; x_wconf 91' lang='lat' dir='ltr'><strong>in</strong></span> <span class='ocrx_word' id='word_1_312' title='bbox 974 3420 1079 3482; x_wconf 88' lang='lat' dir='ltr'><strong>ordine</strong></span> <span class='ocrx_word' id='word_1_313' title='bbox 1102 3419 1264 3482; x_wconf 89' lang='lat' dir='ltr'><strong>uerborum</strong></span> <span class='ocrx_word' id='word_1_314' title='bbox 1287 3420 1415 3498; x_wconf 86' lang='lat' dir='ltr'><strong>qualitas</strong></span> <span class='ocrx_word' id='word_1_315' title='bbox 1436 3419 1574 3498; x_wconf 82' lang='lat' dir='ltr'><strong>primurn</strong></span> 
     </span>
     <span class='ocr_line' id='line_1_31' title="bbox 270 3521 1615 3605; baseline -0.007 -18"><span class='ocrx_word' id='word_1_316' title='bbox 270 3526 411 3605; x_wconf 76' lang='lat' dir='ltr'><strong>ponitur?</strong></span> <span class='ocrx_word' id='word_1_317' title='bbox 455 3523 566 3586; x_wconf 86' lang='lat' dir='ltr'><strong>Omnes</strong></span> <span class='ocrx_word' id='word_1_318' title='bbox 594 3523 645 3603; x_wconf 91' lang='lat' dir='ltr'><strong>qui</strong></span> <span class='ocrx_word' id='word_1_319' title='bbox 668 3540 773 3601; x_wconf 79' lang='lat' dir='ltr'><strong>agrum</strong></span> <span class='ocrx_word' id='word_1_320' title='bbox 796 3531 847 3584; x_wconf 90' lang='lat' dir='ltr'><strong>aut</strong></span> <span class='ocrx_word' id='word_1_321' title='bbox 869 3522 1055 3603; x_wconf 88' lang='lat' dir='ltr'><strong>prouinciam</strong></span> <span class='ocrx_word' id='word_1_322' title='bbox 1082 3521 1251 3601; x_wconf 88' lang='lat' dir='ltr'><strong>possident,</strong></span> <span class='ocrx_word' id='word_1_323' title='bbox 1278 3521 1363 3601; x_wconf 86' lang='lat' dir='ltr'><strong>prius</strong></span> <span class='ocrx_word' id='word_1_324' title='bbox 1391 3537 1457 3580; x_wconf 91' lang='lat' dir='ltr'><strong>eam</strong></span> <span class='ocrx_word' id='word_1_325' title='bbox 1484 3527 1615 3580; x_wconf 76' lang='lat' dir='ltr'><strong>sortem</strong></span> 
     </span>
     <span class='ocr_line' id='line_1_32' title="bbox 271 3619 1569 3704; baseline -0.005 -16"><span class='ocrx_word' id='word_1_326' title='bbox 271 3628 487 3697; x_wconf 89' lang='lat' dir='ltr'><strong>determinant,</strong></span> <span class='ocrx_word' id='word_1_327' title='bbox 510 3633 543 3687; x_wconf 93' lang='lat' dir='ltr'><strong>ut</strong></span> <span class='ocrx_word' id='word_1_328' title='bbox 566 3643 642 3686; x_wconf 90' lang='lat' dir='ltr'><strong>unus</strong></span> <span class='ocrx_word' id='word_1_329' title='bbox 663 3626 788 3704; x_wconf 86' lang='lat' dir='ltr'><strong>quisque</strong></span> <span class='ocrx_word' id='word_1_330' title='bbox 811 3631 925 3704; x_wconf 87' lang='lat' dir='ltr'><strong>partem</strong></span> <span class='ocrx_word' id='word_1_331' title='bbox 948 3643 1032 3687; x_wconf 88' lang='lat' dir='ltr'><strong>suam</strong></span> <span class='ocrx_word' id='word_1_332' title='bbox 1054 3623 1112 3686; x_wconf 90' lang='lat' dir='ltr'><strong>sibi</strong></span> <span class='ocrx_word' id='word_1_333' title='bbox 1133 3630 1215 3686; x_wconf 88' lang='lat' dir='ltr'><strong>sorte</strong></span> <span class='ocrx_word' id='word_1_334' title='bbox 1237 3621 1416 3685; x_wconf 87' lang='lat' dir='ltr'><strong>declaratam</strong></span> <span class='ocrx_word' id='word_1_335' title='bbox 1439 3619 1569 3682; x_wconf 88' lang='lat' dir='ltr'><strong>sollicite</strong></span> 
     </span>
     <span class='ocr_line' id='line_1_33' title="bbox 272 3719 1570 3807; baseline -0.005 -18"><span class='ocrx_word' id='word_1_336' title='bbox 272 3737 372 3798; x_wconf 86' lang='lat' dir='ltr'><strong>euret;</strong></span> <span class='ocrx_word' id='word_1_337' title='bbox 395 3731 435 3790; x_wconf 88' lang='lat' dir='ltr'><strong>ita</strong></span> <span class='ocrx_word' id='word_1_338' title='bbox 458 3735 488 3789; x_wconf 89' lang='lat' dir='ltr'><strong>et</strong></span> <span class='ocrx_word' id='word_1_339' title='bbox 510 3725 638 3788; x_wconf 88' lang='lat' dir='ltr'><strong>uerbum</strong></span> <span class='ocrx_word' id='word_1_340' title='bbox 660 3743 779 3807; x_wconf 93' lang='lat' dir='ltr'><strong>quoque</strong></span> <span class='ocrx_word' id='word_1_341' title='bbox 795 3744 830 3787; x_wconf 85' lang='lat' dir='ltr'><strong>ex</strong></span> <span class='ocrx_word' id='word_1_342' title='bbox 846 3725 988 3804; x_wconf 88' lang='lat' dir='ltr'><strong>qualitate</strong></span> <span class='ocrx_word' id='word_1_343' title='bbox 1008 3725 1204 3787; x_wconf 85' lang='lat' dir='ltr'><strong>ordinandum</strong></span> <span class='ocrx_word' id='word_1_344' title='bbox 1228 3731 1287 3794; x_wconf 89' lang='lat' dir='ltr'><strong>est,</strong></span> <span class='ocrx_word' id='word_1_345' title='bbox 1310 3721 1389 3804; x_wconf 89' lang='lat' dir='ltr'><strong>qued</strong></span> <span class='ocrx_word' id='word_1_346' title='bbox 1413 3741 1448 3784; x_wconf 81' lang='lat' dir='ltr'><strong>ex</strong></span> <span class='ocrx_word' id='word_1_347' title='bbox 1470 3719 1570 3782; x_wconf 89' lang='lat' dir='ltr'><strong>modis</strong></span> 
     </span>
    </p>
   </div>
   <div class='ocr_carea' id='block_1_3' title="bbox 339 3923 1568 3997">
    <p class='ocr_par' dir='ltr' id='par_1_6' title="bbox 339 3923 1568 3997">
     <span class='ocr_line' id='line_1_34' title="bbox 339 3923 1568 3997; baseline -0.007 -15"><span class='ocrx_word' id='word_1_348' title='bbox 339 3933 355 3982; x_wconf 81' lang='lat' dir='ltr'><strong>a</strong></span> <span class='ocrx_word' id='word_1_349' title='bbox 367 3927 503 3997; x_wconf 81' lang='lat' dir='ltr'><strong>Virgilius]</strong></span> <span class='ocrx_word' id='word_1_350' title='bbox 519 3947 549 3996; x_wconf 83' lang='lat' dir='ltr'><strong>p.</strong></span> <span class='ocrx_word' id='word_1_351' title='bbox 559 3933 612 3982; x_wconf 80' lang='lat'><strong>138</strong></span> <span class='ocrx_word' id='word_1_352' title='bbox 620 3930 684 3994; x_wconf 80' lang='lat' dir='ltr'><strong>Mat,</strong></span> <span class='ocrx_word' id='word_1_353' title='bbox 696 3931 731 3992; x_wconf 79' lang='lat' dir='ltr'><strong>cf.</strong></span> <span class='ocrx_word' id='word_1_354' title='bbox 740 3945 786 3981; x_wconf 83' lang='lat' dir='ltr'><strong>ara</strong></span> <span class='ocrx_word' id='word_1_355' title='bbox 795 3945 870 3980; x_wconf 80' lang='lat' dir='ltr'><strong>mico.</strong></span> <span class='ocrx_word' id='word_1_356' title='bbox 880 3927 963 3984; x_wconf 75' lang='lat' dir='ltr'><strong>Bere.</strong></span> <span class='ocrx_word' id='word_1_357' title='bbox 970 3929 993 3992; x_wconf 77' lang='lat' dir='ltr'><strong>s.</strong></span> <span class='ocrx_word' id='word_1_358' title='bbox 1002 3925 1071 3980; x_wconf 68' lang='lat' dir='ltr'><strong>ml</strong></span> <span class='ocrx_word' id='word_1_359' title='bbox 1077 3945 1104 3993; x_wconf 88' lang='lat' dir='ltr'><strong>p.</strong></span> <span class='ocrx_word' id='word_1_360' title='bbox 1115 3929 1176 3992; x_wconf 79' lang='lat' dir='ltr'><strong>tae,</strong></span> <span class='ocrx_word' id='word_1_361' title='bbox 1184 3930 1218 3978; x_wconf 80' lang='lat'><strong>25</strong></span> <span class='ocrx_word' id='word_1_362' title='bbox 1253 3925 1407 3992; x_wconf 71' lang='lat' dir='ltr'><strong>delectation</strong></span> <span class='ocrx_word' id='word_1_363' title='bbox 1441 3923 1568 3975; x_wconf 84' lang='lat' dir='ltr'><strong>delectiua</strong></span> 
     </span>
    </p>
   </div>
   <div class='ocr_carea' id='block_1_4' title="bbox 270 4013 1571 4930">
    <p class='ocr_par' dir='ltr' id='par_1_7' title="bbox 270 4013 1568 4305">
     <span class='ocr_line' id='line_1_35' title="bbox 272 4013 1566 4112; baseline -0.008 -12"><span class='ocrx_word' id='word_1_364' title='bbox 272 4051 358 4101; x_wconf 79' lang='lat' dir='ltr'><strong>Maius</strong></span> <span class='ocrx_word' id='word_1_365' title='bbox 442 4013 533 4099; x_wconf 57' lang='lat' dir='ltr'><strong>asold³</strong></span> <span class='ocrx_word' id='word_1_366' title='bbox 551 4031 610 4098; x_wconf 73' lang='lat' dir='ltr'><strong>nodi</strong></span> <span class='ocrx_word' id='word_1_367' title='bbox 679 4047 814 4098; x_wconf 83' lang='lat' dir='ltr'><strong>fleetuntur</strong></span> <span class='ocrx_word' id='word_1_368' title='bbox 833 4047 899 4096; x_wconf 87' lang='lat' dir='ltr'><strong>uude</strong></span> <span class='ocrx_word' id='word_1_369' title='bbox 917 4057 956 4096; x_wconf 86' lang='lat' dir='ltr'><strong>est</strong></span> <span class='ocrx_word' id='word_1_370' title='bbox 974 4048 1074 4112; x_wconf 85' lang='lat' dir='ltr'><strong>uspiam</strong></span> <span class='ocrx_word' id='word_1_371' title='bbox 1092 4045 1180 4096; x_wconf 82' lang='lat' dir='ltr'><strong>Maiae</strong></span> <span class='ocrx_word' id='word_1_372' title='bbox 1252 4044 1411 4107; x_wconf 76' lang='lat' dir='ltr'><strong>squaedam</strong></span> <span class='ocrx_word' id='word_1_373' title='bbox 1428 4069 1461 4080; x_wconf 93' lang='lat'><em>-</em></span> <span class='ocrx_word' id='word_1_374' title='bbox 1479 4043 1566 4108; x_wconf 83' lang='lat' dir='ltr'><strong>ipsum</strong></span> 
     </span>
     <span class='ocr_line' id='line_1_36' title="bbox 270 4111 1531 4182; baseline -0.007 -13"><span class='ocrx_word' id='word_1_375' title='bbox 270 4135 319 4170; x_wconf 76' lang='lat' dir='ltr'><strong>om,</strong></span> <span class='ocrx_word' id='word_1_376' title='bbox 338 4119 425 4170; x_wconf 79' lang='lat' dir='ltr'><strong>Maias</strong></span> <span class='ocrx_word' id='word_1_377' title='bbox 501 4115 591 4167; x_wconf 74' lang='lat' dir='ltr'><strong>Sillae</strong></span> <span class='ocrx_word' id='word_1_378' title='bbox 609 4116 651 4167; x_wconf 90' lang='lat' dir='ltr'><strong>ille</strong></span> <span class='ocrx_word' id='word_1_379' title='bbox 719 4117 756 4166; x_wconf 88' lang='lat' dir='ltr'><strong>sic</strong></span> <span class='ocrx_word' id='word_1_380' title='bbox 774 4116 937 4182; x_wconf 85' lang='lat' dir='ltr'><strong>ipsueipaas</strong></span> <span class='ocrx_word' id='word_1_381' title='bbox 1023 4113 1293 4164; x_wconf 77' lang='lat' dir='ltr'><strong>illectunmreuiuru</strong></span> <span class='ocrx_word' id='word_1_382' title='bbox 1311 4113 1351 4162; x_wconf 91' lang='lat' dir='ltr'><strong>cui</strong></span> <span class='ocrx_word' id='word_1_383' title='bbox 1369 4113 1427 4161; x_wconf 90' lang='lat' dir='ltr'><strong>enio</strong></span> <span class='ocrx_word' id='word_1_384' title='bbox 1446 4111 1531 4162; x_wconf 77' lang='lat' dir='ltr'><strong>Maius</strong></span> 
     </span>
     <span class='ocr_line' id='line_1_37' title="bbox 271 4175 1567 4248; baseline -0.005 -13"><span class='ocrx_word' id='word_1_385' title='bbox 271 4188 329 4236; x_wconf 82' lang='lat' dir='ltr'><strong>euin</strong></span> <span class='ocrx_word' id='word_1_386' title='bbox 346 4189 419 4236; x_wconf 84' lang='lat' dir='ltr'><strong>cuine</strong></span> <span class='ocrx_word' id='word_1_387' title='bbox 435 4185 528 4236; x_wconf 85' lang='lat' dir='ltr'><strong>cuium.</strong></span> <span class='ocrx_word' id='word_1_388' title='bbox 563 4183 631 4234; x_wconf 89' lang='lat' dir='ltr'><strong>Sunt</strong></span> <span class='ocrx_word' id='word_1_389' title='bbox 647 4199 713 4248; x_wconf 81' lang='lat' dir='ltr'><strong>quea</strong></span> <span class='ocrx_word' id='word_1_390' title='bbox 731 4195 777 4234; x_wconf 86' lang='lat' dir='ltr'><strong>ete.</strong></span> <span class='ocrx_word' id='word_1_391' title='bbox 794 4183 882 4234; x_wconf 80' lang='lat' dir='ltr'><strong>Malea</strong></span> <span class='ocrx_word' id='word_1_392' title='bbox 975 4182 1090 4234; x_wconf 80' lang='lat' dir='ltr'><strong>Shelius</strong></span> <span class='ocrx_word' id='word_1_393' title='bbox 1109 4181 1159 4231; x_wconf 87' lang='lat' dir='ltr'><strong>heli</strong></span> <span class='ocrx_word' id='word_1_394' title='bbox 1177 4191 1226 4231; x_wconf 89' lang='lat' dir='ltr'><strong>etc.</strong></span> <span class='ocrx_word' id='word_1_395' title='bbox 1245 4181 1332 4230; x_wconf 75' lang='lat' dir='ltr'><strong>Maius</strong></span> <span class='ocrx_word' id='word_1_396' title='bbox 1401 4175 1488 4229; x_wconf 80' lang='lat' dir='ltr'><strong>uelim</strong></span> <span class='ocrx_word' id='word_1_397' title='bbox 1507 4176 1567 4228; x_wconf 66' lang='lat' dir='ltr'><strong>helii</strong></span> 
     </span>
     <span class='ocr_line' id='line_1_38' title="bbox 273 4245 1568 4305; baseline -0.006 -1"><span class='ocrx_word' id='word_1_398' title='bbox 273 4251 363 4305; x_wconf 81' lang='lat' dir='ltr'><strong>liel¹nm</strong></span> <span class='ocrx_word' id='word_1_399' title='bbox 382 4250 447 4304; x_wconf 86' lang='lat' dir='ltr'><strong>lrel¹a</strong></span> <span class='ocrx_word' id='word_1_400' title='bbox 465 4264 512 4304; x_wconf 87' lang='lat' dir='ltr'><strong>etc.</strong></span> <span class='ocrx_word' id='word_1_401' title='bbox 570 4253 636 4302; x_wconf 83' lang='lat' dir='ltr'><strong>helio</strong></span> <span class='ocrx_word' id='word_1_402' title='bbox 653 4253 743 4304; x_wconf 79' lang='lat' dir='ltr'><strong>Maius</strong></span> <span class='ocrx_word' id='word_1_403' title='bbox 827 4248 926 4301; x_wconf 77' lang='lat' dir='ltr'><strong>aneia</strong></span> <span class='ocrx_word' id='word_1_404' title='bbox 944 4248 1036 4300; x_wconf 83' lang='lat' dir='ltr'><strong>lael¹mu</strong></span> <span class='ocrx_word' id='word_1_405' title='bbox 1054 4249 1104 4299; x_wconf 86' lang='lat' dir='ltr'><strong>lius</strong></span> <span class='ocrx_word' id='word_1_406' title='bbox 1122 4249 1140 4298; x_wconf 93' lang='lat' dir='ltr'><strong>li</strong></span> <span class='ocrx_word' id='word_1_407' title='bbox 1157 4249 1208 4299; x_wconf 93' lang='lat' dir='ltr'><strong>lum</strong></span> <span class='ocrx_word' id='word_1_408' title='bbox 1267 4248 1360 4298; x_wconf 86' lang='lat' dir='ltr'><strong>heliurn</strong></span> <span class='ocrx_word' id='word_1_409' title='bbox 1378 4247 1460 4298; x_wconf 85' lang='lat' dir='ltr'><strong>helius</strong></span> <span class='ocrx_word' id='word_1_410' title='bbox 1478 4245 1568 4297; x_wconf 80' lang='lat' dir='ltr'><strong>Maius</strong></span> 
     </span>
    </p>

    <p class='ocr_par' dir='ltr' id='par_1_8' title="bbox 270 4319 1571 4930">
     <span class='ocr_line' id='line_1_39' title="bbox 339 4319 1569 4373; baseline -0.008 -1"><span class='ocrx_word' id='word_1_411' title='bbox 339 4323 414 4372; x_wconf 86' lang='lat' dir='ltr'><strong>etium</strong></span> <span class='ocrx_word' id='word_1_412' title='bbox 432 4337 480 4373; x_wconf 87' lang='lat' dir='ltr'><strong>om.</strong></span> <span class='ocrx_word' id='word_1_413' title='bbox 500 4321 587 4371; x_wconf 78' lang='lat' dir='ltr'><strong>Maius</strong></span> <span class='ocrx_word' id='word_1_414' title='bbox 655 4320 770 4370; x_wconf 85' lang='lat' dir='ltr'><strong>eas¹iboe</strong></span> <span class='ocrx_word' id='word_1_415' title='bbox 857 4321 888 4369; x_wconf 85' lang='lat'><strong>10</strong></span> <span class='ocrx_word' id='word_1_416' title='bbox 911 4329 938 4368; x_wconf 87' lang='lat' dir='ltr'><strong>ut</strong></span> <span class='ocrx_word' id='word_1_417' title='bbox 956 4333 1041 4368; x_wconf 86' lang='lat' dir='ltr'><strong>eeeum</strong></span> <span class='ocrx_word' id='word_1_418' title='bbox 1060 4319 1113 4368; x_wconf 89' lang='lat' dir='ltr'><strong>ecei</strong></span> <span class='ocrx_word' id='word_1_419' title='bbox 1130 4332 1190 4368; x_wconf 87' lang='lat' dir='ltr'><strong>eoeo</strong></span> <span class='ocrx_word' id='word_1_420' title='bbox 1208 4331 1295 4366; x_wconf 88' lang='lat' dir='ltr'><strong>eceurn</strong></span> <span class='ocrx_word' id='word_1_421' title='bbox 1313 4329 1400 4366; x_wconf 86' lang='lat' dir='ltr'><strong>eeeum</strong></span> <span class='ocrx_word' id='word_1_422' title='bbox 1418 4329 1476 4366; x_wconf 84' lang='lat' dir='ltr'><strong>ecca</strong></span> <span class='ocrx_word' id='word_1_423' title='bbox 1493 4328 1569 4364; x_wconf 74' lang='lat' dir='ltr'><strong>eoram</strong></span> 
     </span>
     <span class='ocr_line' id='line_1_40' title="bbox 271 4381 1569 4450; baseline -0.008 -10"><span class='ocrx_word' id='word_1_424' title='bbox 271 4405 354 4440; x_wconf 87' lang='lat' dir='ltr'><strong>eccam</strong></span> <span class='ocrx_word' id='word_1_425' title='bbox 373 4405 433 4440; x_wconf 84' lang='lat' dir='ltr'><strong>ecee</strong></span> <span class='ocrx_word' id='word_1_426' title='bbox 450 4403 508 4440; x_wconf 86' lang='lat' dir='ltr'><strong>econ</strong></span> <span class='ocrx_word' id='word_1_427' title='bbox 525 4387 600 4440; x_wconf 89' lang='lat' dir='ltr'><strong>ellum</strong></span> <span class='ocrx_word' id='word_1_428' title='bbox 619 4387 660 4438; x_wconf 86' lang='lat' dir='ltr'><strong>elli</strong></span> <span class='ocrx_word' id='word_1_429' title='bbox 678 4387 726 4438; x_wconf 91' lang='lat' dir='ltr'><strong>ello</strong></span> <span class='ocrx_word' id='word_1_430' title='bbox 744 4385 819 4436; x_wconf 90' lang='lat' dir='ltr'><strong>ellum</strong></span> <span class='ocrx_word' id='word_1_431' title='bbox 838 4385 885 4436; x_wconf 91' lang='lat' dir='ltr'><strong>ello</strong></span> <span class='ocrx_word' id='word_1_432' title='bbox 903 4387 991 4436; x_wconf 79' lang='lat' dir='ltr'><strong>Maias</strong></span> <span class='ocrx_word' id='word_1_433' title='bbox 1094 4388 1125 4437; x_wconf 88' lang='grc'><strong>13</strong></span> <span class='ocrx_word' id='word_1_434' title='bbox 1143 4385 1189 4436; x_wconf 84' lang='lat' dir='ltr'><strong>sed</strong></span> <span class='ocrx_word' id='word_1_435' title='bbox 1211 4383 1304 4450; x_wconf 84' lang='lat' dir='ltr'><strong>plurali</strong></span> <span class='ocrx_word' id='word_1_436' title='bbox 1326 4395 1421 4434; x_wconf 86' lang='lat' dir='ltr'><strong>carent.</strong></span> <span class='ocrx_word' id='word_1_437' title='bbox 1457 4381 1489 4432; x_wconf 79' lang='lat' dir='ltr'><strong>lit</strong></span> <span class='ocrx_word' id='word_1_438' title='bbox 1506 4393 1569 4432; x_wconf 85' lang='lat' dir='ltr'><strong>sunt</strong></span> 
     </span>
     <span class='ocr_line' id='line_1_41' title="bbox 271 4450 1568 4524; baseline -0.007 -15"><span class='ocrx_word' id='word_1_439' title='bbox 271 4459 425 4524; x_wconf 85' lang='lat' dir='ltr'><strong>pronomina</strong></span> <span class='ocrx_word' id='word_1_440' title='bbox 442 4473 509 4521; x_wconf 84' lang='lat' dir='ltr'><strong>quae</strong></span> <span class='ocrx_word' id='word_1_441' title='bbox 526 4472 578 4508; x_wconf 88' lang='lat' dir='ltr'><strong>uon</strong></span> <span class='ocrx_word' id='word_1_442' title='bbox 597 4457 684 4506; x_wconf 86' lang='lat' dir='ltr'><strong>omnia</strong></span> <span class='ocrx_word' id='word_1_443' title='bbox 701 4457 727 4506; x_wconf 92' lang='lat' dir='ltr'><strong>in</strong></span> <span class='ocrx_word' id='word_1_444' title='bbox 745 4471 795 4505; x_wconf 84' lang='lat' dir='ltr'><strong>usu</strong></span> <span class='ocrx_word' id='word_1_445' title='bbox 812 4454 945 4517; x_wconf 83' lang='lat' dir='ltr'><strong>habentur,</strong></span> <span class='ocrx_word' id='word_1_446' title='bbox 965 4466 992 4503; x_wconf 86' lang='grc' dir='ltr'><strong>ιιι</strong></span> <span class='ocrx_word' id='word_1_447' title='bbox 1008 4468 1065 4503; x_wconf 81' lang='lat' dir='ltr'><strong>mus</strong></span> <span class='ocrx_word' id='word_1_448' title='bbox 1084 4454 1119 4502; x_wconf 93' lang='lat' dir='ltr'><strong>mi</strong></span> <span class='ocrx_word' id='word_1_449' title='bbox 1137 4465 1183 4502; x_wconf 87' lang='lat' dir='ltr'><strong>etc.</strong></span> <span class='ocrx_word' id='word_1_450' title='bbox 1194 4453 1281 4503; x_wconf 76' lang='lat' dir='ltr'><strong>Maius</strong></span> <span class='ocrx_word' id='word_1_451' title='bbox 1350 4453 1381 4503; x_wconf 73' lang='lat' dir='ltr'><strong>lo</strong></span> <span class='ocrx_word' id='word_1_452' title='bbox 1400 4465 1452 4500; x_wconf 90' lang='grc' dir='ltr'>ιιοιι</span> <span class='ocrx_word' id='word_1_453' title='bbox 1470 4450 1568 4500; x_wconf 73' lang='lat' dir='ltr'><strong>haben</strong></span> 
     </span>
     <span class='ocr_line' id='line_1_42' title="bbox 270 4517 1571 4591; baseline -0.006 -15"><span class='ocrx_word' id='word_1_454' title='bbox 270 4538 312 4577; x_wconf 84' lang='lat' dir='ltr'><strong>aur</strong></span> <span class='ocrx_word' id='word_1_455' title='bbox 330 4527 368 4576; x_wconf 79' lang='lat' dir='ltr'><strong>itii</strong></span> <span class='ocrx_word' id='word_1_456' title='bbox 385 4528 412 4575; x_wconf 93' lang='lat' dir='ltr'><strong>in</strong></span> <span class='ocrx_word' id='word_1_457' title='bbox 429 4526 534 4576; x_wconf 88' lang='lat' dir='ltr'><strong>dubiam</strong></span> <span class='ocrx_word' id='word_1_458' title='bbox 552 4522 726 4591; x_wconf 70' lang='lat' dir='ltr'><strong>redcipiuntur</strong></span> <span class='ocrx_word' id='word_1_459' title='bbox 811 4525 843 4574; x_wconf 80' lang='lat' dir='ltr'><strong>li</strong></span> <span class='ocrx_word' id='word_1_460' title='bbox 861 4539 876 4572; x_wconf 81' lang='lat' dir='ltr'><strong>a</strong></span> <span class='ocrx_word' id='word_1_461' title='bbox 893 4523 942 4571; x_wconf 89' lang='lat' dir='ltr'><strong>mis</strong></span> <span class='ocrx_word' id='word_1_462' title='bbox 960 4535 1036 4572; x_wconf 84' lang='lat' dir='ltr'><strong>ocum</strong></span> <span class='ocrx_word' id='word_1_463' title='bbox 1054 4517 1098 4571; x_wconf 77' lang='lat' dir='ltr'><strong>mii</strong></span> <span class='ocrx_word' id='word_1_464' title='bbox 1142 4535 1221 4570; x_wconf 92' lang='lat' dir='ltr'><strong>mum.</strong></span> <span class='ocrx_word' id='word_1_465' title='bbox 1240 4519 1272 4570; x_wconf 84' lang='lat' dir='ltr'><strong>Et</strong></span> <span class='ocrx_word' id='word_1_466' title='bbox 1288 4531 1329 4570; x_wconf 84' lang='lat' dir='ltr'><strong>tus</strong></span> <span class='ocrx_word' id='word_1_467' title='bbox 1347 4531 1406 4569; x_wconf 81' lang='lat' dir='ltr'><strong>tuus</strong></span> <span class='ocrx_word' id='word_1_468' title='bbox 1424 4534 1470 4569; x_wconf 79' lang='lat' dir='ltr'><strong>sua</strong></span> <span class='ocrx_word' id='word_1_469' title='bbox 1481 4518 1571 4568; x_wconf 68' lang='lat' dir='ltr'><strong>illarius</strong></span> 
     </span>
     <span class='ocr_line' id='line_1_43' title="bbox 272 4587 1568 4660; baseline -0.007 -16"><span class='ocrx_word' id='word_1_470' title='bbox 272 4597 303 4646; x_wconf 81' lang='lat'><strong>19</strong></span> <span class='ocrx_word' id='word_1_471' title='bbox 322 4593 437 4660; x_wconf 82' lang='lat' dir='ltr'><strong>aemplcx</strong></span> <span class='ocrx_word' id='word_1_472' title='bbox 505 4596 537 4644; x_wconf 81' lang='lat'><strong>21</strong></span> <span class='ocrx_word' id='word_1_473' title='bbox 556 4594 648 4644; x_wconf 87' lang='lat' dir='ltr'><strong>bucino</strong></span> <span class='ocrx_word' id='word_1_474' title='bbox 719 4587 855 4658; x_wconf 77' lang='lat' dir='ltr'><strong>Virgilius]</strong></span> <span class='ocrx_word' id='word_1_475' title='bbox 872 4607 898 4656; x_wconf 88' lang='lat' dir='ltr'><strong>p.</strong></span> <span class='ocrx_word' id='word_1_476' title='bbox 917 4593 968 4640; x_wconf 83' lang='lat' dir='ltr'><strong>uo</strong></span> <span class='ocrx_word' id='word_1_477' title='bbox 986 4589 1044 4640; x_wconf 84' lang='lat' dir='ltr'><strong>Mai</strong></span> <span class='ocrx_word' id='word_1_478' title='bbox 1105 4589 1205 4639; x_wconf 85' lang='lat' dir='ltr'><strong>duobus</strong></span> <span class='ocrx_word' id='word_1_479' title='bbox 1225 4603 1259 4640; x_wconf 83' lang='lat' dir='ltr'><strong>ex</strong></span> <span class='ocrx_word' id='word_1_480' title='bbox 1277 4587 1359 4637; x_wconf 87' lang='lat' dir='ltr'><strong>modis</strong></span> <span class='ocrx_word' id='word_1_481' title='bbox 1377 4587 1465 4636; x_wconf 81' lang='lat' dir='ltr'><strong>Maiae</strong></span> <span class='ocrx_word' id='word_1_482' title='bbox 1533 4589 1568 4636; x_wconf 76' lang='lat'><strong>22</strong></span> 
     </span>
     <span class='ocr_line' id='line_1_44' title="bbox 271 4655 1569 4728; baseline -0.008 -17"><span class='ocrx_word' id='word_1_483' title='bbox 271 4664 367 4728; x_wconf 80' lang='lat' dir='ltr'><strong>gutturi</strong></span> <span class='ocrx_word' id='word_1_484' title='bbox 419 4677 451 4712; x_wconf 85' lang='lat' dir='ltr'><strong>ex</strong></span> <span class='ocrx_word' id='word_1_485' title='bbox 468 4661 561 4712; x_wconf 88' lang='lat' dir='ltr'><strong>bucino</strong></span> <span class='ocrx_word' id='word_1_486' title='bbox 579 4663 648 4724; x_wconf 91' lang='lat' dir='ltr'><strong>quod</strong></span> <span class='ocrx_word' id='word_1_487' title='bbox 666 4659 753 4712; x_wconf 80' lang='lat' dir='ltr'><strong>Mutua</strong></span> <span class='ocrx_word' id='word_1_488' title='bbox 854 4661 888 4710; x_wconf 78' lang='lat'><strong>23</strong></span> <span class='ocrx_word' id='word_1_489' title='bbox 905 4673 967 4720; x_wconf 70' lang='lat' dir='ltr'><strong>eoqz</strong></span> <span class='ocrx_word' id='word_1_490' title='bbox 990 4672 1043 4707; x_wconf 80' lang='lat' dir='ltr'><strong>nox</strong></span> <span class='ocrx_word' id='word_1_491' title='bbox 1061 4657 1158 4708; x_wconf 83' lang='lat' dir='ltr'><strong>reboat.</strong></span> <span class='ocrx_word' id='word_1_492' title='bbox 1194 4655 1257 4705; x_wconf 85' lang='lat' dir='ltr'><strong>Nam</strong></span> <span class='ocrx_word' id='word_1_493' title='bbox 1276 4657 1344 4706; x_wconf 84' lang='lat' dir='ltr'><strong>sieut</strong></span> <span class='ocrx_word' id='word_1_494' title='bbox 1361 4681 1393 4690; x_wconf 89' lang='lat'>-</span> <span class='ocrx_word' id='word_1_495' title='bbox 1410 4657 1445 4704; x_wconf 75' lang='lat'><strong>24</strong></span> <span class='ocrx_word' id='word_1_496' title='bbox 1462 4665 1486 4704; x_wconf 87' lang='lat' dir='ltr'><strong>et</strong></span> <span class='ocrx_word' id='word_1_497' title='bbox 1504 4669 1569 4704; x_wconf 82' lang='lat' dir='ltr'><strong>uoce</strong></span> 
     </span>
     <span class='ocr_line' id='line_1_45' title="bbox 271 4720 1568 4844; baseline -0.006 -65"><span class='ocrx_word' id='word_1_498' title='bbox 271 4731 361 4780; x_wconf 80' lang='lat' dir='ltr'><strong>derunt</strong></span> <span class='ocrx_word' id='word_1_499' title='bbox 379 4731 450 4794; x_wconf 84' lang='lat' dir='ltr'><strong>opud</strong></span> <span class='ocrx_word' id='word_1_500' title='bbox 466 4729 570 4782; x_wconf 80' lang='lat' dir='ltr'><strong>Maium.</strong></span> <span class='ocrx_word' id='word_1_501' title='bbox 622 4725 700 4794; x_wconf 87' lang='lat' dir='ltr'><strong>sicut]</strong></span> <span class='ocrx_word' id='word_1_502' title='bbox 720 4729 742 4778; x_wconf 84' lang='lat' dir='ltr'><strong>si</strong></span> <span class='ocrx_word' id='word_1_503' title='bbox 812 4727 845 4778; x_wconf 71' lang='grc' dir='ltr'><strong>ΞΒ</strong></span> <span class='ocrx_word' id='word_1_504' title='bbox 863 4737 888 4777; x_wconf 86' lang='lat' dir='ltr'><strong>et</strong></span> <span class='ocrx_word' id='word_1_505' title='bbox 906 4727 1009 4776; x_wconf 90' lang='lat' dir='ltr'><strong>umbum</strong></span> <span class='ocrx_word' id='word_1_506' title='bbox 1061 4720 1199 4844; x_wconf 70' lang='lat' dir='ltr'><strong>VirgiliuqJ</strong></span> <span class='ocrx_word' id='word_1_507' title='bbox 1219 4724 1278 4774; x_wconf 87' lang='lat' dir='ltr'><strong>Non</strong></span> <span class='ocrx_word' id='word_1_508' title='bbox 1296 4729 1371 4774; x_wconf 69' lang='lat' dir='ltr'><strong>aetat</strong></span> <span class='ocrx_word' id='word_1_509' title='bbox 1388 4724 1459 4787; x_wconf 85' lang='lat' dir='ltr'><strong>opud</strong></span> <span class='ocrx_word' id='word_1_510' title='bbox 1469 4721 1568 4774; x_wconf 72' lang='lat' dir='ltr'><strong>Maian</strong></span> 
     </span>
     <span class='ocr_line' id='line_1_46' title="bbox 271 4789 1570 4863; baseline -0.005 -17"><span class='ocrx_word' id='word_1_511' title='bbox 271 4797 304 4848; x_wconf 76' lang='lat'><strong>25</strong></span> <span class='ocrx_word' id='word_1_512' title='bbox 323 4797 348 4846; x_wconf 91' lang='lat' dir='ltr'><strong>in</strong></span> <span class='ocrx_word' id='word_1_513' title='bbox 367 4798 456 4848; x_wconf 85' lang='lat' dir='ltr'><strong>ordine</strong></span> <span class='ocrx_word' id='word_1_514' title='bbox 473 4799 600 4863; x_wconf 88' lang='lat' dir='ltr'><strong>poertium</strong></span> <span class='ocrx_word' id='word_1_515' title='bbox 686 4797 718 4847; x_wconf 64' lang='grc' dir='ltr'>Ἡ</span> <span class='ocrx_word' id='word_1_516' title='bbox 735 4795 846 4845; x_wconf 82' lang='lat' dir='ltr'><strong>admittit</strong></span> <span class='ocrx_word' id='word_1_517' title='bbox 914 4808 1033 4844; x_wconf 82' lang='lat' dir='ltr'><strong>cneorum</strong></span> <span class='ocrx_word' id='word_1_518' title='bbox 1118 4795 1152 4844; x_wconf 76' lang='lat'><strong>29</strong></span> <span class='ocrx_word' id='word_1_519' title='bbox 1196 4789 1570 4859; x_wconf 72' lang='lat' dir='ltr'><strong>ingilius1Noaaetatoped</strong></span> 
     </span>
     <span class='ocr_line' id='line_1_47' title="bbox 272 4860 1093 4930; baseline -0.006 -15"><span class='ocrx_word' id='word_1_520' title='bbox 272 4864 379 4928; x_wconf 83' lang='lat' dir='ltr'><strong>Maium,</strong></span> <span class='ocrx_word' id='word_1_521' title='bbox 398 4865 432 4928; x_wconf 80' lang='lat' dir='ltr'><strong>of.</strong></span> <span class='ocrx_word' id='word_1_522' title='bbox 451 4881 478 4930; x_wconf 92' lang='lat' dir='ltr'><strong>p.</strong></span> <span class='ocrx_word' id='word_1_523' title='bbox 494 4868 543 4914; x_wconf 81' lang='lat' dir='ltr'><strong>uo</strong></span> <span class='ocrx_word' id='word_1_524' title='bbox 611 4867 645 4916; x_wconf 81' lang='lat'><strong>30</strong></span> <span class='ocrx_word' id='word_1_525' title='bbox 662 4861 709 4930; x_wconf 77' lang='lat' dir='ltr'><strong>agi</strong></span> <span class='ocrx_word' id='word_1_526' title='bbox 727 4877 758 4910; x_wconf 84' lang='lat' dir='ltr'><strong>au</strong></span> <span class='ocrx_word' id='word_1_527' title='bbox 778 4863 934 4929; x_wconf 86' lang='lat' dir='ltr'><strong>pronlntiarn</strong></span> <span class='ocrx_word' id='word_1_528' title='bbox 952 4860 1093 4927; x_wconf 76' lang='lat' dir='ltr'><strong>possedant</strong></span> 
     </span>
    </p>
   </div>
   <div class='ocr_carea' id='block_1_5' title="bbox 0 0 1682 5580">
    <p class='ocr_par' dir='ltr' id='par_1_9' title="bbox 0 0 1682 5580">
     <span class='ocr_line' id='line_1_48' title="bbox 0 0 1682 5580; baseline 0 0"><span class='ocrx_word' id='word_1_529' title='bbox 0 0 1682 5580; x_wconf 95' lang='lat' dir='ltr'><strong> </strong></span> 
     </span>
    </p>
   </div>
  </div>
 </body>
</html>
