3316 5566
309 323 352 386 90
818 323 886 375 ans
905 323 1079 375 nnontua

310 515 429 574 uomina
445 513 559 592 primae
576 513 785 573 declinationis
799 509 960 573 masculina
984 518 1014 572 et
1028 511 1170 574 feminina
1194 515 1257 574 ina
1273 513 1445 582 desinentia,
1467 522 1497 572 ut
1511 520 1582 590 poeta

309 624 414 694 poetae
442 623 576 694 poetam,
604 617 649 676 sic
671 614 780 675 iustitia
808 615 939 676 iustitiae
961 615 1103 676 iustitiam
1127 615 1304 694 etreliqua.
1350 614 1412 676 ntia
1435 621 1580 694 tetraptota,

308 714 406 797 qualia
435 725 505 778 sunt
526 717 624 778 omnia
652 717 682 777 in
706 735 721 776 r
743 714 906 776 desinentia
936 714 1085 776 secundae
1109 714 1328 788 declinationis,
1358 725 1391 778 ut
1416 721 1488 797 puer
1513 717 1582 795 pueri

307 837 404 899 puero
425 835 561 896 puerum,
586 827 615 878 et
637 819 734 880 omnia
758 825 862 879 neutra
885 818 915 878 in
938 835 975 878 en
999 815 1162 880 desinentia
1191 821 1298 880 tertiae
1322 819 1533 884 declinationis,
1557 827 1581 876 ut

309 938 416 980 nomen
440 919 568 981 nominis
591 921 703 980 nomini
725 921 858 1000 nomine,¹
872 927 901 979 et
918 921 1037 980 nomina
1060 928 1183 999 quartae
1207 929 1237 982 et
1259 923 1377 1000 quintae
1401 919 1599 982 declinationes

310 1028 468 1100 tetraptota
490 1027 568 1096 sunt,
592 1029 624 1081 ut
646 1039 751 1082 manus
773 1023 873 1083 manui
896 1039 1015 1082 manum
1039 1039 1142 1090 manu;
1166 1025 1209 1083 sic
1233 1022 1298 1084 dies
1321 1023 1382 1085 diei
1404 1023 1478 1084 diem
1500 1021 1541 1081 dic
1560 1029 1581 1079 ιι

309 1122 431 1203 reliqua.
461 1120 524 1184 ntia
539 1131 719 1203 pentaptota,
736 1124 833 1201 qualia
850 1131 920 1184 sunt
935 1125 1032 1184 omnia
1050 1123 1211 1185 masculina
1235 1125 1282 1184 uel
1297 1126 1440 1187 feminina
1455 1122 1582 1186 secundae

309 1224 514 1286 declinationis
530 1226 560 1285 in
576 1243 611 1286 us
635 1225 832 1294 terminantia,
856 1232 888 1284 ut
910 1223 1014 1286 doctus
1036 1223 1114 1285 docti
1137 1225 1224 1287 docto
1247 1225 1366 1288 doctum
1390 1227 1484 1297 docte,
1507 1225 1582 1301 Virgi-

308 1327 364 1388 lius
387 1327 500 1404 Virgilii
523 1325 644 1406 Virgilio
667 1324 822 1404 Virgilium
841 1325 951 1405 Virgili,
976 1336 1005 1387 et
1028 1327 1147 1387 nomina
1170 1329 1274 1389 tertiae
1298 1328 1502 1390 declinationis
1521 1345 1582 1387 mas·

308 1429 406 1490 culina
434 1426 483 1488 uel
513 1429 653 1489 lemiuina
680 1435 851 1509 pentaptota
880 1434 963 1498 sunt,
992 1429 1049 1489 nisi
1070 1435 1192 1498 neutra,
1221 1448 1296 1509 quae
1319 1431 1440 1510 triptota
1464 1439 1527 1491 sunt
1545 1426 1610 1487 uela·

307 1537 473 1610 tetraptota.
518 1530 681 1611 llexaptota
703 1536 785 1600 sunt,
816 1549 891 1609 quae
915 1549 966 1590 sex
989 1529 1124 1594 diuersos
1145 1549 1233 1592 casus
1254 1530 1378 1607 babent,
1410 1532 1505 1613 qualia
1528 1536 1586 1590 snm

309 1630 470 1694 masculina
492 1635 523 1694 in
540 1651 575 1694 us
597 1631 771 1700 desinentia,
795 1650 871 1710 quae
887 1632 1051 1694 secundum
1074 1631 1301 1694 declinationem
1324 1635 1507 1713 quorundam
1528 1649 1583 1710 pru

308 1738 458 1797 nominum
487 1737 518 1796 in
541 1736 587 1796 ius
615 1735 742 1796 ellerunt
764 1735 950 1812 genetinum:
981 1753 1056 1796 unus
1085 1738 1175 1796 unius
1201 1735 1251 1797 uni
1274 1755 1365 1797 unum
1395 1755 1452 1797 une
1474 1733 1509 1797 ab
1528 1751 1584 1793 ιιιιο.

197 1901 205 1918 ‚
307 1837 475 1899 Plautus:
500 1837 653 1898 Oamice
679 1855 719 1897 ex
743 1837 868 1896 multis
891 1835 979 1896 milri
1002 1855 1071 1898 unc
1093 1836 1279 1917 Cephalio.
1310 1837 1473 1899 Ticidas:
1497 1833 1584 1897 Felix

307 1939 444 2002 lectule
473 1938 613 2000 talibus
636 1938 713 2001 sole
736 1937 924 2000 amoribus
941 1981 1049 1999 .....
1066 1948 1098 1998 ut
1113 1937 1161 1998 bic
1175 1923 1419 2017 luppiterhuios
1433 1939 1508 2000 loiris
1527 1935 1583 1994 buir
1596 1947 1613 1984 u

307 2041 369 2103 loui
393 2041 472 2102 lrurrc
494 2041 596 2102 leuem
619 2061 636 2100 o
659 2041 791 2121 luppiter
814 2040 851 2101 ab
871 2043 929 2102 boc
944 2039 1024 2102 louo.
1070 2039 1141 2100 ltem
1158 2039 1206 2102 bic
1221 2040 1369 2121 Diespiter
1385 2040 1474 2102 lruius
1489 2036 1585 2100 lliionis

307 2151 336 2204 et
365 2143 497 2220 reliqua;
526 2144 569 2203 sic
597 2143 670 2202 baec
699 2141 846 2210 illinerua,
876 2141 964 2202 liuius
987 2139 1128 2210 Palladis:
1157 2141 1205 2203 bic
1232 2141 1336 2223 Apollo
1364 2142 1454 2204 buius
1481 2136 1586 2202 l'lroebi.

306 2246 439 2326 Triptota
464 2245 583 2304 nomina
606 2243 683 2305 dicta
707 2263 757 2313 eo,
787 2244 864 2323 quod
893 2245 923 2304 in
946 2242 1041 2304 tribus
1070 2242 1189 2306 casibus
1211 2245 1422 2313 inueniuntur,
1451 2251 1483 2305 ut
1504 2250 1544 2302 est
1560 2240 1584 2298 in

306 2344 444 2408 nunribus
472 2344 585 2406 neutris
614 2343 784 2406 nominibus
819 2363 868 2406 um
903 2346 1083 2415 terminatis,
1120 2353 1152 2406 ut
1177 2345 1321 2426 templum
1355 2345 1459 2425 templi
1492 2339 1586 2419 templo

308 2447 449 2526 ternplum
465 2465 481 2507 a
497 2445 616 2524 templo.
648 2446 702 2507 llic
718 2449 798 2507 enim
816 2454 876 2508 tres
892 2455 960 2508 sunt
981 2449 1212 2517 terminationes,
1237 2446 1377 2510 uidelicet
1399 2451 1429 2510 in
1452 2465 1509 2514 um,
1530 2446 1556 2503 in
1570 2443 1613 2504 ia

306 2551 336 2610 iu
360 2568 387 2609 o.
426 2549 596 2627 Tetraptota
613 2549 731 2610 nomina
754 2546 822 2608 ideo
837 2547 986 2617 dicuntur,
1011 2548 1138 2628 eoquod
1162 2550 1192 2609 iu
1215 2558 1354 2629 quattuor
1377 2549 1493 2611 casibus
1511 2544 1587 2607 decli-

307 2660 423 2721 nantur,
437 2650 494 2711 boc
510 2656 554 2712 est
570 2657 709 2730 quattuor
725 2650 983 2712 terminationibus
997 2651 1027 2712 in
1044 2669 1091 2720 cn,
1103 2653 1134 2713 ia
1145 2653 1178 2719 is,
1191 2652 1223 2711 in
1235 2653 1254 2721 i,
1268 2653 1298 2712 in
1312 2671 1337 2720 e,
1352 2659 1384 2712 ut
1395 2651 1452 2712 boc
1468 2653 1585 2728 lragnen

305 2755 460 2832 fragminis
482 2753 621 2830 lragmini
644 2752 777 2832 lragmen
793 2769 809 2811 a
826 2751 981 2831 fragmine.
1025 2752 1200 2833 Pentaptota
1222 2755 1340 2814 nomina
1363 2753 1431 2814 ideo
1454 2753 1585 2815 dicuntur,

305 2875 341 2917 eo
359 2856 436 2933 qnod
452 2857 482 2916 in
499 2855 630 2935 quinque
646 2855 773 2925 casibus,
797 2852 853 2914 boc
870 2862 914 2916 est
928 2854 1186 2916 terminationibus
1201 2856 1363 2923 uariantur,
1379 2853 1437 2916 boc
1453 2864 1497 2918 est
1510 2856 1537 2914 in
1551 2868 1585 2914 us.

235 2953 236 2958 ’
305 2961 369 3032 ini,
392 2960 466 3026 ino,
489 2958 520 3018 in
544 2975 602 3027 uin,
626 2960 656 3018 in
681 2977 706 3026 e,
730 2963 762 3018 ιιι
784 2951 889 3018 doctus
910 2955 988 3018 docti
1010 2956 1098 3018 docto
1120 2955 1239 3018 doctum
1263 2955 1349 3018 docte
1372 2975 1387 3017 a
1410 2957 1506 3018 docto.
1539 2937 1635 3018 11ιῦιῖ

306 3068 422 3140 raptota
445 3060 564 3120 nomina
580 3059 657 3120 dicta
679 3078 726 3130 ro,
750 3059 828 3140 quod
844 3078 898 3138 per
914 3076 966 3119 sex
981 3077 1081 3130 casus,
1105 3059 1162 3120 boc
1178 3066 1224 3119 est
1243 3075 1297 3136 per
1312 3077 1361 3118 sex
1380 3060 1587 3122 terminationes

307 3162 467 3223 uarietates
483 3158 607 3231 babent,
631 3160 709 3222 idest
731 3163 761 3222 in
787 3179 829 3228 us,
853 3162 883 3222 in
899 3161 954 3230 ius,
971 3163 1001 3222 in
1017 3162 1037 3230 i,
1052 3162 1083 3222 in
1099 3179 1158 3229 um,
1176 3163 1207 3222 in
1223 3179 1248 3231 e,
1265 3162 1294 3220 in
1312 3180 1337 3230 o,
1351 3170 1392 3250 ‚ut
1418 3179 1495 3222 unus
1516 3157 1587 3218 unius
1634 3155 1635 3174 ¹

307 3265 357 3325 uni
380 3281 472 3324 unum
488 3259 499 3342 ll
516 3261 535 3321 l.
551 3259 614 3324 93²>
631 3259 642 3344 ll
659 3281 717 3324 une
739 3261 776 3322 ab
797 3281 864 3333 uno,
888 3265 933 3324 sic
954 3260 1036 3324 solus
1059 3261 1150 3324 solius
1172 3261 1228 3324 soli
1251 3262 1346 3325 solum
1369 3262 1431 3324 sole
1455 3284 1471 3326 a
1493 3259 1558 3322 solo.

389 3362 607 3426 declinationes
629 3365 782 3426 nominum
809 3372 882 3444 (quot
904 3366 990 3432 suni
1027 3364 1172 3445 Quinque.
1217 3365 1316 3436 Quae?
1352 3365 1452 3426 Prima
1474 3356 1587 3426 secunda

307 3469 392 3528 tertia
412 3475 517 3546 quarta
539 3468 650 3546 quinta.
686 3465 757 3527 lnde
781 3467 999 3529 Priscianus
1020 3465 1105 3528 dicit:
1131 3466 1257 3528 Omnia
1278 3468 1443 3537 nomina,
1465 3463 1635 3552 quibusissp

305 3571 439 3634 Latina
463 3568 828 3648 utitureloquentia,
852 3567 1585 3649 quinquedeclinationibusllectuntur.

306 3669 553 3748 interrogandum
570 3676 736 3739 astantem,
759 3669 829 3750 quid
846 3669 980 3732 ordinem
1005 3678 1034 3730 et
1048 3687 1205 3732 numerum
1222 3667 1473 3732 declinationibus
1489 3666 1586 3729 tribuit.
1634 3659 1635 3662 ’

306 3773 386 3833 ldest
402 3771 529 3840 uocales,
546 3770 860 3834 undePriscianus
883 3770 971 3832 dicit:
996 3790 1091 3850 quae
1115 3772 1285 3860 ordinem
1309 3779 1533 3852 acceperunt
1552 3761 1586 3825 ab
1634 3779 1635 3794 ¹

306 3872 437 3934 ordine
459 3872 649 3935 uocaliunr
673 3875 916 3936 lornrantium
940 3875 1149 3952 genetiuos.
1186 3873 1255 3934 ldeo
1272 3874 1350 3934 enirn
1366 3875 1496 3953 quinque
1512 3865 1587 3929 derli-

306 3978 441 4037 rratiouea
463 3985 544 4044 sunt,
575 3977 642 4056 quia
666 3977 798 4056 quinque
820 3983 889 4037 sunt
911 3975 1042 4045 uocales,
1072 3995 1087 4035 a
1111 3975 1218 4053 quibus
1246 3975 1382 4036 ordinem
1410 3973 1635 4054 acceperuut,V

375 4198 489 4261 lprima
558 4195 912 4246 blustieio-eie—eiam
981 4205 1118 4262 tetraptota
1204 4195 1349 4247 dsecunda
1367 4167 1515 4260 deeli⁸puer
1575 4193 1587 4236 ὃ
1634 4171 1635 4186 ¹

305 4277 395 4328 quarte
412 4275 436 4313 et
454 4264 479 4312 in
498 4264 586 4326 quinta
604 4263 671 4312 decli
740 4266 879 4314 dictante
897 4263 1053 4316 docrnsour.
1123 4265 1229 4315 titcrtia
1311 4266 1342 4314 10
1360 4263 1400 4313 nel
1420 4255 1586 4313 iamininnucl

305 4335 425 4382 leminiua
497 4333 526 4381 11
546 4341 668 4394 exoptem
719 4331 829 4382 diuersis
848 4347 940 4381 causas
992 4332 1062 4394 spirali
1132 4332 1282 4383 taenarum
1316 4347 1382 4381 ιιιιιιι
1435 4333 1466 4382 14
1485 4319 1585 4397 plaucos]

304 4403 337 4466 ‘'s·
357 4403 441 4452 Prisc.
462 4399 479 4448 I
493 4415 520 4464 p.
541 4402 598 4460 188,
611 4403 644 4449 26
713 4399 845 4465 raeplmlio
864 4399 1007 4465 Atcigilims
1025 4400 1086 4450 felix
1189 4402 1222 4450 15
1239 4397 1383 4464 umoribus]
1410 4401 1472 4452 Post
1489 4401 1587 4448 trecea

303 4471 441 4522 inserenda
457 4473 524 4532 suut,
543 4483 608 4533 quae
625 4469 698 4533 opud
714 4469 874 4519 Maiarum
890 4485 916 4534 p.
936 4471 1030 4530 18⁹,5
1047 4472 1177 4533 leguntur:
1197 4466 1262 4517 Sunt
1279 4468 1337 4527 alia,
1356 4483 1465 4530 quornm
1485 4462 1587 4516 nomina-

306 4536 372 4586 tiuus
391 4537 493 4598 quidem
511 4535 537 4584 in
557 4552 606 4585 usu
625 4549 735 4596 nonest,
756 4537 851 4599 obliqui
869 4549 953 4586 ιιιιιιιιι
972 4549 1040 4601 sunt,
1060 4548 1087 4586 ut
1105 4537 1174 4587 lonis
1194 4550 1240 4588 ιιι.
1293 4537 1324 4585 16
1342 4536 1444 4600 iopiter,
1462 4535 1501 4586 bia
1546 4530 1586 4578 ¹¹⁰⁶

306 4619 352 4653 om.
388 4604 518 4670 deospites
538 4602 614 4652 buius
633 4605 751 4668 deoginie
804 4608 836 4656 11
854 4605 968 4670 pullucus
1003 4605 1079 4670 plrebi
1131 4608 1164 4656 ‘20
1183 4605 1254 4654 uides
1273 4605 1298 4653 in
1319 4619 1360 4652 nur
1417 4605 1450 4654 22
1468 4604 1585 4670 iniectu
1634 4607 1635 4616 ¹

337 4669 436 4720 tramea
453 4679 501 4724 eie.
571 4671 771 4722 sannanim
840 4675 872 4724 25
890 4683 1010 4740 exaptotu
1078 4675 1110 4722 26
1123 4673 1225 4722 casibus
1271 4673 1380 4721 uarietas
1433 4671 1465 4721 28
1484 4671 1529 4720 soil
1546 4663 1585 4714 solt

306 4737 389 4786 solnm
435 4739 516 4789 aeolo
567 4741 681 4801 itiquod
734 4739 936 4807 suprimimus]
956 4742 995 4792 De
1008 4742 1104 4792 nomine
1119 4742 1268 4805 pronuntiate
1285 4747 1311 4790 et
1329 4740 1406 4790 uerbo
1423 4729 1584 4804 p.laa,3!s·
1634 4735 1635 4748 ¹

305 4807 336 4855 31
356 4804 426 4854 latini
494 4805 817 4872 331'1·isclaaus]t.l.p.
838 4811 940 4872 lim
1580 4805 1587 4826 ⁹
1634 4815 1635 4818 ’
