3346 5558
692 1094 806 1175 XI.

373 1307 448 1390 DE
470 1305 698 1391 ISIDORO
720 1305 1113 1391 GRAMMATICO.

684 1550 809 1557 —

183 1755 376 1815 Isidorum
399 1751 662 1829 Hispalensent
685 1751 866 1829 ‘Oripinton’
889 1761 1041 1815 auctorem
1062 1752 1265 1827 multifarium
1287 1753 1326 1812 ob
1347 1755 1391 1813 in-

86 1861 186 1930 fnsae
208 1857 315 1916 oetotis
336 1855 532 1931 scriptoribus
546 1857 754 1930 pneumaticis
767 1856 902 1930 tonderi,
926 1871 985 1916 uon
999 1857 1185 1926 mirabimur,
1207 1858 1235 1916 si
1246 1857 1391 1916 memorio

88 1965 279 2036 repetemus,
308 1973 387 2033 quoe
411 1959 512 2034 primo
539 1958 590 2017 dte
614 1959 716 2018 stetim
745 1959 845 2034 operis
870 1959 919 2018 eni
944 1957 1021 2018 libro
1042 1960 1081 2018 de
1102 1965 1169 2019 orte
1188 1960 1391 2034 pronuntieo
1492 2011 1496 2016 .

89 2064 169 2122 setis
193 2065 338 2122 merore
358 2060 537 2136 dt’sputouit.
581 2058 623 2118 Et
639 2055 740 2132 fuisse
760 2056 869 2138 etiem,
897 2060 952 2134 poi
971 2075 1096 2138 operont
1116 2061 1331 2137 inpenderent,
1361 2065 1393 2120 nt

90 2179 303 2238 quoecumque
326 2161 465 2232 Isidorus
491 2177 552 2238 per
585 2165 686 2237 operis
712 2161 937 2222 uniuersitatem
964 2161 1014 2222 ieie
1040 2163 1103 2222 illie
1123 2163 1240 2238 possim
1268 2161 1306 2221 de
1332 2161 1392 2220 noc

91 2273 166 2326 orte
199 2262 399 2339 simrio'onsqoe
432 2259 605 2339 disciplinis
636 2263 793 2341 disseruit,
826 2263 957 2323 studiose
982 2265 1159 2339 eolliperent
1184 2270 1214 2324 et
1241 2265 1273 2324 in
1300 2278 1391 2323 unum

91 2369 189 2444 quasi
207 2367 296 2426 unns
317 2367 394 2426 ortis
414 2381 527 2442 empus
548 2365 730 2438 rediaerent,
754 2381 794 2425 eoo
815 2366 929 2426 codicis
945 2365 1108 2427 Beruensis
1125 2373 1180 2426 207
1199 2367 1260 2438 tiru
1279 2381 1391 2440 eoono-

90 2473 193 2530 ssitur
206 2467 265 2542 (os.
280 2469 373 2529 eotnl.
389 2467 457 2528 tiit.
473 2467 646 2528 Loresisorn.
663 2467 711 2526 ed.
731 2467 909 2527 Wiintonns.
925 2484 997 2528 mus.
1012 2467 1109 2530 Biton.
1125 2473 1200 2527 1868
1210 2485 1244 2543 p.
1257 2472 1323 2542 ³90,
1340 2473 1391 2536 ts‚·

87 2591 124 2648 p.
141 2576 233 2646 397),
257 2577 289 2630 ut
310 2569 421 2629 blande
442 2570 563 2629 omuino
584 2574 707 2628 nostroe
728 2569 821 2629 menti
840 2585 903 2628 sese
924 2571 1054 2630 insinuet
1074 2571 1258 2644 coniectura,
1282 2585 1322 2630 ex
1336 2570 1394 2628 toti

92 2675 231 2734 iocorum
253 2672 492 2732 Isidorienorurn
519 2673 662 2746 conperie
687 2673 719 2730 in
748 2671 825 2730 ortis
848 2668 984 2743 sormam
1005 2670 1133 2731 reducto
1154 2671 1295 2730 inuentum
1317 2687 1389 2742 esse,

92 2773 249 2852 moidqnid
268 2775 384 2834 Isidori
409 2775 526 2834 nornine
553 2773 731 2848 ortipropisi
756 2775 938 2833 recentiores
964 2775 1027 2862 suis
1048 2774 1168 2849 seriptis
1190 2775 1390 2834 inseruerunt.

1 2873 2 2878 ’
94 2881 195 2954 Atque
214 2877 273 2937 noe
293 2883 323 2936 et
346 2878 377 2936 in
398 2883 466 2936 orte
488 2891 640 2952 anonymo
655 2873 807 2934 Bernensi
820 2876 887 2935 cod.
907 2881 961 2934 123
979 2876 1093 2936 oceidit
1113 2883 1142 2934 et
1163 2877 1194 2934 in
1215 2874 1392 2952 [Clementis

1 2997 2 3022 ³
91 2977 199 3056 Scoti]
219 2979 421 3040 mesaticis
442 2975 590 3038 eiusdem:
603 2977 674 3037 ·sed
693 2983 810 3036 restent
830 2979 862 3036 in
882 2977 943 3038 noc
963 2979 1032 3052 ipso
1054 2979 1115 3037 ioci
1134 2977 1288 3050 nonnulli,
1318 2993 1392 3052 quos

93 3085 125 3142 iu
148 3082 267 3141 Isidori
291 3096 383 3156 opere
409 3086 463 3140 out
490 3079 610 3140 diuerso
636 3080 765 3154 scriptos
794 3084 848 3138 out
875 3075 996 3139 omnino
1023 3096 1083 3139 non
1111 3081 1239 3155 scriptos
1260 3094 1323 3138 esse
1344 3080 1389 3138 in·
1486 3151 1490 3160 ¹

1 3195 2 3256 1
93 3185 234 3258 teitepes.
277 3181 354 3242 Siout
376 3189 476 3242 antem
497 3177 547 3240 in‘:

1 3353 2 3360 ἵ
183 3281 196 3366 Η
213 3284 234 3344 i.
251 3279 289 3343 t·
304 3281 316 3364 ΙΙ
331 3280 503 3342 isidorus
526 3280 612 3342 dicit:
635 3280 756 3341 Stoici
780 3283 911 3362 quinque
926 3290 1027 3362 portes
1050 3300 1115 3344 esse
1138 3280 1291 3343 dixerunt:
1321 3299 1388 3342 nom

1 3379 2 3386 '
95 3401 206 3446 nomen
230 3390 260 3444 et
280 3400 444 3463 pronomen
466 3401 524 3444 nno
546 3399 616 3463 poss
638 3391 683 3443 est
704 3384 866 3444 secundum
890 3381 971 3454 illos,
994 3383 1120 3446 uerbum
1147 3385 1386 3465 etpnrticipinm

1 3509 2 3566 ᾗ
94 3489 153 3550 slis
177 3503 248 3566 pass
268 3493 322 3557 est,
350 3482 525 3546 oduerbiom
548 3493 579 3544 et
600 3486 770 3546 coniunctio
792 3485 879 3546 tertio
902 3503 970 3566 poss
993 3494 1047 3554 est,
1071 3494 1174 3565 quarto
1197 3487 1387 3567 praepositio,

96 3591 202 3670 quinto
223 3588 402 3649 interiectio.

1 3771 2 3858 i
71 3817 84 3856 o
184 3791 198 3876 ΙΙ
213 3794 235 3855 i.
251 3789 317 3874 ‘1³11
332 3789 501 3880 isidorus
529 3791 614 3852 dicit:
644 3789 807 3852 Phoenices
832 3791 885 3854 xil
913 3801 1014 3874 pontes
1041 3811 1108 3854 esse
1135 3793 1290 3865 dixerunt,
1319 3795 1389 3855 arti·

97 3896 197 3957 solnm
225 3913 332 3956 nonam
361 3902 476 3973 portem
506 3900 700 3973 putauerunt.
730 3895 870 3973 quicum
894 3893 1315 3976 Graecisoetauoparsest3
1344 3896 1390 3958 in-

1 4027 2 4044 1
99 3995 285 4078 personalem
313 3995 434 4058 modum
463 3994 608 4057 decimam
631 4001 744 4075 portem
768 4004 964 4076 putauerunt,
993 3997 1141 4078 quianon
1167 3996 1255 4058 habet
1276 4004 1388 4058 certam

1 4163 2 4182 χ
99 4117 256 4180 pesonam
278 4105 444 4160 etcertum
467 4115 633 4168 nnmerum,
657 4098 715 4158 nisi
738 4096 828 4158 soldos
845 4115 1018 4176 pronomen,
1042 4107 1075 4158 ut
1090 4097 1210 4178 ‘iegitur
1232 4116 1312 4159 ame
1327 4118 1343 4161 a
1358 4107 1389 4160 te

1 4185 2 4194 ἵ
98 4199 246 4269 anobis',
275 4213 305 4262 et
325 4200 504 4262 infinitiuum
526 4198 714 4261 undecimam
739 4207 934 4278 putauerunt,
964 4202 1032 4282 quia
1055 4202 1115 4262 uim
1140 4201 1266 4262 nominis
1288 4199 1387 4269 habet.

64 4305 176 4366 noidant
198 4301 393 4375 nominatiui,
423 4303 584 4364 aecusatini
605 4319 721 4381 quoque
745 4309 775 4361 et
797 4298 935 4373 abiatiui,
958 4302 1082 4381 gerendi
1105 4303 1225 4364 modum
1248 4301 1388 4364 duodeci·

1 4415 2 4467 t
99 4425 176 4468 mam
198 4413 314 4485 portem
336 4411 527 4484 putauerunt,
551 4403 618 4480 quio
641 4401 752 4463 habent
774 4401 864 4464 uerbo
888 4403 1009 4482 gerendi
1025 4405 1085 4466 uim
1102 4411 1133 4466 et
1149 4405 1274 4466 formem
1294 4407 1388 4466 nomi-

199 4599 251 4629 .,.,

165 4642 318 4694 ldixernnt
385 4640 559 4692 2seenndum
577 4639 634 4690 ilios
651 4657 683 4694 m.
701 4639 736 4690 ΙΙ
752 4655 832 4706 supro
849 4643 892 4692 lin.
961 4643 1105 4705 iquentn,
1124 4659 1194 4698 sorr.
1212 4645 1304 4708 quinto
1372 4645 1388 4695 6

98 4713 219 4780 phenices
270 4709 404 4759 articulum
422 4709 492 4759 vnit
578 4710 695 4775 ogrects
764 4710 841 4772 9qui
860 4711 910 4758 uim
980 4712 1013 4760 10
1029 4713 1170 4761 secunaum
1187 4728 1213 4776 q;
1282 4713 1388 4780 gerendi

98 4782 167 4832 modi
238 4779 267 4828 ll
285 4792 306 4848 q
323 4780 382 4828 nin
399 4777 492 4827 habent
