3378 5550
279 369 327 416 Cli
656 353 908 417 Qvausulouus
928 353 1194 406 Guanmarlcnu

279 561 358 619 qaroe
384 545 428 603 od
453 544 571 604 Sacrae
597 544 780 619 Scripturoe
806 547 887 604 locos
921 546 1037 618 aliquot
1070 546 1182 604 rectius
1208 545 1430 616 eopnosccudos
1455 547 1572 620 sertpto

278 653 361 720 ssent,
392 663 451 721 quo
478 650 509 705 in
535 663 648 720 penore
675 647 709 705 id
734 649 809 704 sotis
835 645 1027 704 memorabile
1058 653 1116 718 est,
1153 647 1310 720 routpertum
1339 663 1429 720 qrram
1460 654 1573 706 uodoni

278 749 460 824 scripturae
486 750 713 807 translationem
743 747 882 807 [utinum
910 749 998 822 quusi
1023 752 1225 824 grammatice
1252 751 1398 823 seraptem
1421 756 1511 823 otqrre
1533 749 1573 807 ob

279 855 344 927 ipso
372 851 491 926 Spiritu
518 850 633 910 Sancto
662 858 806 910 accurate
839 853 1004 910 institutum
1039 853 1188 910 acerrime
1222 853 1260 910 ab
1288 853 1372 910 istius
1395 849 1574 924 sorropiois

279 961 404 1013 erectore
426 952 560 1024 defendi,
586 969 671 1026 queem
694 954 867 1027 ceteroquin
889 955 1155 1025 prammoticorum
1172 959 1304 1012 ueterum
1315 954 1493 1026 praeceptis
1513 970 1573 1011 nou

279 1057 474 1114 mediocriter
503 1055 637 1113 indutum
660 1053 759 1126 fuisse
784 1055 884 1114 rosellis
918 1056 992 1113 loeis
1015 1055 1178 1128 prodetur.
1236 1054 1332 1128 Ateste
1359 1062 1392 1113 ut
1421 1057 1575 1129 excerptis

279 1173 359 1232 quoe
374 1159 441 1216 usui
459 1155 532 1228 sore
546 1157 739 1229 uidebuntur,
763 1163 866 1215 cetero
889 1157 1099 1230 relinquerem,
1124 1173 1158 1215 eo
1176 1156 1304 1229 facilius
1326 1157 1365 1214 nd
1388 1158 1489 1214 ocimo
1509 1173 1575 1214 meo

280 1261 452 1334 impetrant,
471 1265 634 1333 postquem
662 1260 783 1317 minimo
810 1261 889 1317 inter
910 1275 943 1315 se
963 1259 1129 1317 cohaerere
1150 1259 1271 1331 surpatio
1294 1259 1376 1330 uidi,
1407 1259 1489 1332 quod
1515 1274 1575 1332 quo

278 1364 383 1420 melius
412 1362 652 1434 intellegeretur,
686 1363 804 1434 prioris
837 1367 986 1420 tructolns
1015 1363 1149 1435 pupinus
1176 1367 1238 1418 tres
1265 1362 1402 1433 iuremus
1424 1363 1578 1435 proposui

276 1481 308 1539 p.
337 1469 502 1534 tii—175,
531 1467 574 1520 17.
620 1461 698 1520 Nom
722 1464 805 1522 nullo
827 1463 902 1521 onec
916 1465 1134 1522 sereteotiorum
1156 1479 1276 1522 conexu
1297 1465 1500 1522 intercedente
1522 1479 1575 1520 cu-

274 1568 377 1641 posr'tu
399 1581 462 1624 esse
483 1564 577 1624 uides.
623 1564 708 1622 idun
725 1581 854 1639 prorsus
876 1565 914 1622 de
936 1565 1035 1623 altero
1050 1571 1186 1626 tractatu
1200 1565 1393 1624 statuendum
1413 1571 1465 1637 est,
1489 1566 1577 1624 cuites

279 1670 396 1727 initium
418 1667 475 1726 leoc
501 1673 561 1725 est:

365 1767 376 1826 1
400 1768 536 1828 Beatus
560 1765 797 1826 llieronimns
819 1768 852 1826 in
877 1765 975 1824 libro
997 1763 1265 1828 llebraieorum
1290 1769 1478 1828 nominum
1500 1786 1575 1846 quo·

281 1870 359 1930 tiens
383 1869 412 1928 in
436 1870 531 1928 ueteri
553 1877 730 1928 testamento
753 1885 862 1928 tromen
885 1869 1017 1947 repperit
1041 1868 1128 1930 {seiae
1151 1849 1281 1948 (lsaie),
1317 1888 1371 1949 per
1399 1869 1410 1928 i
1437 1869 1575 1948 protulit;

279 1980 309 2032 at
331 1971 382 2032 ubi
406 1971 488 2032 uenit
511 1970 546 2032 ad
571 1989 679 2031 nomm}
704 1978 924 2040 testamentum,
949 1970 1025 2030 idest
1046 1969 1082 2032 ad
1105 1971 1299 2049 euangelium,
1323 1974 1460 2051 protinus
1483 1990 1535 2050 per
1560 1993 1576 2031 e

279 2073 354 2134 dixit
377 2073 531 2134 ‘Esaiam’
555 2081 583 2132 et
606 2075 706 2133 statim
729 2071 900 2132 subintulit:
929 2073 1071 2132 ‘uerum
1101 2072 1195 2152 apuu
1219 2071 1384 2133 Hebreos
1411 2073 1452 2136 ab
1478 2076 1487 2134 i
1510 2073 1576 2134 lit·

279 2185 362 2235 tera
385 2176 495 2235 sumit
519 2174 710 2236 exordium
720 2175 741 2234 '.
788 2173 870 2234 Vnde
893 2175 1059 2234 certissime
1082 2175 1235 2236 sciendum
1258 2175 1354 2254 plane,
1378 2176 1456 2254 quod
1481 2195 1535 2256 per
1559 2197 1576 2235 e

281 2277 332 2354 (ou
354 2295 408 2356 per
430 2277 469 2354 it)
500 2276 641 2336 debemus
669 2275 698 2336 id
730 2293 847 2356 semper
876 2277 992 2336 elicere.
1036 2275 1096 2337 Nec
1121 2277 1243 2346 mirum,
1272 2295 1339 2336 rum
1369 2286 1400 2338 et
1421 2277 1458 2337 alr
1481 2279 1575 2340 Edon}

279 2397 338 2441 non
363 2377 486 2439 Edomei
508 2378 559 2439 sed
583 2377 697 2438 idumei
721 2379 761 2438 sit
782 2376 1003 2458 proterendum.
1052 2378 1076 2439 ll
1099 2379 1164 2438 Non
1188 2380 1266 2439 enim
1289 2386 1450 2440 coutuntur
1473 2379 1576 2440 iudaei

280 2480 499 2558 Samaritanis].
543 2480 627 2541 Licet
654 2482 749 2550 enim,
779 2481 856 2539 sicut
878 2480 995 2549 ‘iruor’,
1025 2479 1068 2540 sie
1091 2489 1120 2540 et
1142 2480 1234 2540 ‘utor'
1262 2483 1401 2557 iungatur
1431 2479 1572 2552 ablatino,

280 2592 377 2644 tamen
408 2583 455 2643 hio
484 2584 711 2644 ‘Samaritanis'
741 2583 873 2651 dutinus,
908 2590 942 2642 ut
970 2585 1089 2643 ‘coutor
1118 2583 1199 2650 tihi’.
1250 2582 1287 2643 ΙΙΙ
1321 2583 1429 2662 Figura
1459 2584 1575 2646 heroici

280 2705 386 2749 uersus
409 2695 475 2755 ete..
498 2684 543 2758 os.
565 2704 599 2762 p.
623 2693 688 2758 183,
715 2693 757 2745 11.

182 2781 184 2784 ’
363 2791 408 2850 Hi
433 2791 529 2865 igitur
555 2795 722 2860 eructatus,
758 2804 940 2863 quemquem
973 2806 1027 2848 suo
1055 2795 1180 2879 uterque
1205 2791 1294 2849 modo
1322 2793 1493 2870 conpositus
1521 2799 1574 2863 est,

279 2901 351 2952 sunt
378 2899 477 2952 temen
504 2893 668 2964 donatilla,
703 2907 782 2966 quoe
815 2893 846 2949 io
879 2897 1006 2966 utroque
1039 2892 1144 2950 codem
1176 2894 1296 2952 rollone
1322 2893 1479 2967 explicato
1512 2909 1576 2952 esse

280 2997 395 3054 uideas.
441 2994 551 3068 Itaque
572 2995 604 3051 in
627 2993 724 3051 altero
742 2991 771 3064 s.
798 2997 854 3051 ⁶3·
876 2993 951 3052 leoco
972 2995 1131 3067 leguntur:

366 3093 450 3164 Quod
474 3093 647 3154 Priscianus
668 3092 750 3162 dixit,
774 3092 851 3170 qnod
875 3095 950 3154 sicut
972 3113 987 3155 a
1011 3111 1082 3172 rege
1104 3095 1167 3155 rexi
1191 3094 1308 3175 dempta
1331 3096 1341 3154 i
1363 3103 1497 3156 remanet
1520 3113 1574 3156 rex

281 3206 312 3257 et
335 3216 351 3258 a
375 3196 445 3256 duxi
469 3195 588 3272 (adduxi
611 3195 690 3276 cod.)
714 3194 773 3255 dux
796 3204 826 3256 et
848 3215 862 3255 a
887 3194 971 3256 luceo
994 3194 1054 3256 iusi
1076 3195 1135 3266 Ιιιιι,
1159 3198 1201 3258 sie
1224 3216 1239 3256 a
1263 3197 1412 3275 coniungo
1434 3198 1575 3258 coniunxi

281 3301 408 3359 coniunx
434 3296 542 3358 debeat
556 3296 627 3366 dici,
652 3297 804 3357 s'ciendum
829 3298 1006 3366 certissime,
1030 3296 1198 3360 nullatenus
1220 3299 1249 3360 id
1273 3317 1379 3360 uerum
1403 3317 1482 3367 esse,
1506 3301 1575 3377 quia

281 3400 422 3461 uidelicet
443 3401 472 3459 in
496 3397 702 3476 superioribus
724 3397 825 3459 uerbis
855 3398 972 3460 uocales
995 3398 1141 3461 habentur
1168 3409 1236 3461 ante
1265 3401 1398 3463 ultimam
1421 3399 1573 3482 syllabam,

280 3520 339 3562 non
364 3501 451 3562 etiam
474 3509 686 3567 consonantes,
717 3507 750 3560 ut
777 3498 867 3560 habet
889 3501 1062 3562 ‘coniunxi'.
1110 3503 1145 3562 Vt
1172 3512 1267 3564 antem
1291 3503 1400 3564 clareat
1424 3511 1453 3564 et
1475 3512 1576 3583 pateat

281 3607 375 3665 torma
398 3605 561 3664 conformis
583 3610 612 3662 ot
635 3621 738 3663 norma
768 3601 926 3680 regularis,
956 3601 1109 3664 consimile
1138 3603 1263 3666 uerbum
1292 3607 1434 3684 competit
1461 3610 1573 3685 quaeri,

281 3725 340 3786 quo
362 3706 487 3766 ueritate
511 3704 597 3765 simul
621 3713 710 3790 atque
733 3703 910 3764 certitudine
939 3707 983 3764 rei
1012 3707 1114 3784 possit,
1147 3715 1179 3766 ut
1201 3705 1335 3785 expedit,
1364 3708 1489 3786 quisque
1512 3707 1576 3768 ιιιιΙι

281 3809 406 3868 intueri:
437 3809 564 3884 ninguo.
593 3807 670 3867 sicut
694 3815 723 3866 et
745 3807 909 3884 coniunge,
940 3804 1029 3866 habet
1050 3827 1069 3867 n
1093 3809 1121 3867 iu
1145 3807 1325 3886 penultimo:
1349 3810 1474 3888 proinde
1497 3811 1575 3871 sicut

282 3930 297 3970 a
321 3911 411 3988 ningo
434 3917 463 3968 et
486 3910 567 3970 ninsi
592 3927 650 3969 nors
674 3908 706 3969 fit
728 3909 809 3976 uina,
833 3907 884 3968 sed
909 3909 968 3976 nin,
992 3910 1031 3967 ita
1047 3926 1172 3986 prorsus
1195 3918 1224 3970 et
1239 3929 1254 3970 a
1271 3911 1418 3988 coniunge
1434 3913 1588 3994 coniunxi*

282 4031 340 4072 non
376 4012 408 4071 fit
442 4009 501 4070 ullo
536 4011 623 4071 niodo
651 4007 828 4086 regulariter
865 4011 1008 4078 coniunx,
1039 4009 1090 4070 sed
1120 4011 1291 4072 omnimodo
1321 4013 1439 4074 coniux.
1491 4013 1574 4074 Vnde

282 4115 443 4174 Sanctus
471 4113 704 4190 Augustinus
732 4112 767 4170 in
801 4111 894 4171 artis
925 4113 1188 4189 grammaticae
1218 4113 1465 4191 (grammaticicae
1493 4115 1572 4192 cod.)

283 4215 375 4285 libro,
406 4217 493 4275 sicuti
515 4213 573 4273 dux
597 4221 626 4273 et
648 4211 712 4282 lux,
742 4215 785 4274 sie
814 4211 901 4273 docet
923 4215 1026 4280 etiam,
1051 4213 1129 4292 quod
1153 4217 1183 4275 in
1207 4235 1244 4275 un
1269 4215 1384 4276 desiust
1407 4215 1499 4294 (suit.·
1522 4215 1573 4276 de·

281 4317 386 4395 signat)
410 4319 526 4377 eonius.

366 4419 426 4480 Hie
453 4422 615 4493 eripuerim·
639 4422 721 4479 locres
748 4422 779 4478 io
806 4422 869 4478 eires
901 4421 1024 4494 seriptis
1049 4424 1257 4494 prrrmmuticis
1291 4439 1352 4480 non
1386 4427 1486 4494 extat,
1516 4425 1576 4482 nisi

281 4525 459 4597 scriptorem
482 4523 519 4580 de
540 4539 575 4580 eo
598 4523 786 4596 Regularum
808 4523 874 4580 Ioco
896 4524 1045 4594 copitossc
1066 4523 1166 4595 dices,
1200 4525 1253 4597 qui
1273 4529 1317 4582 est
1333 4541 1368 4598 p.
1394 4529 1460 4596 503,
1487 4531 1504 4580 5
1530 4525 1572 4583 ll:

284 4621 363 4681 ‘Exit
384 4640 478 4700 genus
500 4641 655 4682 comnmne
680 4625 759 4684 etin
783 4626 831 4682 iux
855 4620 1012 4702 syllabam,
1037 4630 1068 4681 ut
1091 4624 1212 4692 coniux,
1237 4622 1337 4683 hicet
1361 4623 1431 4683 liaeo
1455 4627 1571 4684 coniux.

283 4723 350 4783 Exit
372 4732 401 4784 et
423 4725 452 4783 in
478 4742 524 4792 ux,
550 4735 581 4784 ιιι
604 4723 651 4784 hic
674 4734 704 4785 et
726 4725 798 4784 liaeo
821 4723 878 4783 dux
903 4724 1017 4783 rednx’.
1063 4725 1125 4783 Sed
1145 4727 1201 4785 ooo
1220 4743 1332 4801 purum
1346 4727 1504 4801 probabile
1518 4735 1570 4787 est.

283 4829 354 4888 Cum
377 4827 423 4886 dis
445 4829 538 4902 ipitur
559 4826 712 4900 eorrfcrus,
738 4846 816 4902 graue
834 4845 866 4902 p.
894 4833 958 4900 176,
985 4833 1085 4886 a-tr
1108 4831 1258 4903 excerpsi.
