3308 5542
780 361 972 407 -x-

232 553 300 598 esse
322 554 478 598 censeam.
523 499 608 598 llam
633 553 737 617 neque
759 531 913 618 Vergiliis
934 533 969 597 in
990 531 1052 598 hoc
1074 531 1156 596 libro
1179 531 1269 596 locus
1289 530 1436 616 patebat,
1465 529 1530 594 11111

231 641 312 710 Maii
339 642 513 708 editionem
540 643 650 709 multis
677 643 818 708 numeris
844 641 1005 708 emendari
1027 642 1232 728 supplerique
1253 663 1348 727 posse
1368 640 1532 724 uidissem,
1627 663 1652 698 .’

232 775 337 838 neque
363 752 550 819 Bonifacios
578 753 744 820 edidimus.
796 751 883 830 Quae
911 775 985 818 cum
1012 753 1059 818 ita
1086 753 1167 837 sint,
1194 773 1262 819 non
1290 775 1366 818 curo
1394 753 1533 817 istorum

233 865 531 949 subsannationem,
567 864 638 949 qui,
671 865 698 930 si
728 865 815 930 hunc
842 865 960 930 librum
989 863 1113 930 omissis
1139 863 1350 948 praefationis
1380 862 1533 928 11111111-
1634 921 1641 927 .

233 975 293 1040 bus
326 975 428 1042 otiose
461 975 693 1060 perlustrantes
719 975 892 1059 nonnulla,
926 976 1042 1060 quibus
1075 975 1192 1040 artium
1226 974 1384 1040 elementa
1415 995 1533 1058 parum

233 1085 326 1151 docte
352 1085 539 1170 traduntm,
568 1086 652 1152 forte
680 1085 813 1151 fortuna
840 1085 1038 1169 1111111111,
1070 1085 1150 1150 haec
1176 1085 1306 1150 iamiam
1332 1085 1440 1170 pueris
1466 1083 1532 1149 sibi
1644 1119 1649 1124 ·

232 1199 312 1263 nota
347 1196 445 1262 brisso
482 1195 611 1281 oblique
647 1197 901 1283 perstringentes
932 1197 1016 1262 Ι11111
1049 1195 1132 1262 benc
1164 1217 1295 1280 opernm
1328 1194 1535 1280 suspendisse

233 1306 310 1372 satis
338 1307 479 1372 habituri
507 1308 581 1374 sint.
624 1307 738 1394 Neque
766 1307 868 1391 enim,
902 1329 974 1372 curn
1008 1306 1096 1372 hunc
1123 1306 1266 1372 laborem
1295 1305 1456 1389 subibam,
1493 1327 1535 1370 ea
1634 1359 1648 1383 ,.

233 1416 372 1483 ducebar
400 1418 570 1503 opinione,
602 1419 693 1504 quasi
714 1439 835 1484 nouam
857 1415 1017 1503 quandam
1040 1419 1102 1483 ista
1122 1417 1254 1501 litteris,
1283 1438 1364 1503 quae
1386 1415 1426 1480 ad
1448 1415 1534 1480 anti·

233 1528 389 1612 quitatem
416 1532 577 1613 spectant,
606 1530 710 1595 lucem
737 1533 833 1594 antea
859 1521 964 1613 neque
992 1527 1094 1594 uisam
1121 1549 1226 1612 neque
1253 1527 1394 1593 auditam
1424 1530 1536 1592 essent

232 1637 392 1723 adlatura,
415 1638 471 1704 sed
492 1638 525 1704 id
548 1640 613 1726 egi,
636 1643 673 1706 11
693 1639 790 1705 medii
805 1640 876 1704 aeni
891 1639 997 1704 studia
1010 1638 1220 1724 grammatica
1234 1660 1330 1723 quam
1345 1637 1535 1703 certissimis

231 1749 442 1834 plurimisque
463 1749 619 1816 librorum
641 1751 931 1835 manuscriptorum
953 1749 1099 1836 uestigiis
1120 1749 1250 1814 innixus
1272 1747 1380 1833 qu'nlia
1393 1748 1537 1812 fuissent
1624 1795 1631 1800 -

232 1859 499 1944 demonstrarem,
534 1883 615 1946 quae
649 1862 676 1926 si
708 1865 869 1944 ueterum,
902 1882 1040 1945 quorum
1072 1860 1191 1926 notitia
1217 1859 1257 1924 ad
1283 1881 1344 1925 nos
1370 1859 1536 1943 peruenit,
1624 1921 1629 1928 .

232 1970 424 2055 scriptorum
439 1975 523 2036 artes
537 1993 605 2037 non
626 1976 693 2036 tam
715 1993 895 2056 superasse,
918 1993 1014 2056 quam
1030 1993 1068 2035 ex
1082 1969 1134 2034 his
1148 1969 1226 2055 ipsis
1240 1990 1390 2056 magnam
1405 1971 1536 2053 partem
1646 2032 1650 2038 .

232 2079 375 2163 fluxisse,
397 2080 557 2146 nonnulla
578 2103 683 2147 crasso
698 2082 753 2147 filo
768 2081 945 2168 pinguique
961 2081 1108 2146 Minerva
1129 2079 1304 2146 absoluisse
1326 2079 1536 2172 uidebuntur,

233 2189 363 2254 illorum
385 2190 510 2274 ingenii
531 2191 648 2255 uitium
669 2195 732 2275 est,
760 2214 820 2257 nos
848 2195 947 2277 certe,
975 2191 1052 2276 quid
1074 2192 1295 2276 inposterum
1317 2190 1355 2254 111
1377 2189 1427 2254 his
1449 2189 1536 2254 11111-

232 2299 369 2365 candum
396 2301 453 2382 sit,
482 2301 645 2365 euicimus.
690 2299 753 2366 Sed
775 2303 802 2366 si
824 2303 956 2388 insuper
978 2303 1101 2386 uideas,
1129 2303 1232 2386 ipsam
1253 2305 1398 2366 nostram
1419 2322 1535 2365 earum

232 2431 340 2475 rerum
362 2411 529 2476 scientiam
551 2411 669 2477 talibus
692 2413 933 2496 quaestionibus
954 2414 1015 2478 rite
1033 2413 1189 2478 institutis
1203 2434 1316 2478 reuera
1330 2411 1535 2496 locupletari,

233 2521 386 2606 quoniam
407 2520 504 2586 medii
527 2523 598 2586 aeui
620 2522 791 2608 magistros
819 2545 857 2588 ex
885 2524 924 2588 iis
953 2545 1080 2608 quoque
1104 2522 1265 2605 fontibus,
1294 2523 1349 2607 qui
1377 2521 1537 2586 maliuola

231 2633 386 2715 temporis
408 2632 582 2716 rapacitate
605 2633 668 2698 iam
690 2633 847 2717 praeclusi
875 2637 951 2698 sunt
977 2637 1074 2717 atque
1101 2633 1225 2718 obruti,
1256 2633 1358 2698 multa
1384 2631 1534 2697 hausisse

231 2741 406 2807 certissime
421 2741 633 2808 demonstrari
653 2747 775 2828 potest,
797 2745 861 2808 iam
884 2743 961 2829 quid
983 2767 1051 2809 esse
1074 2744 1192 2828 dicam,
1215 2741 1372 2808 curhunc
1386 2742 1535 2807 laborem
1637 2727 1640 2734 ¹

231 2875 250 2918 a
271 2873 323 2917 me
345 2856 527 2938 susceptum
548 2853 718 2938 quisquam
740 2855 793 2919 uel
815 2860 967 2940 grauetur
988 2855 1099 2938 inique
1127 2855 1180 2920 111
1206 2854 1348 2940 maligne
1375 2852 1535 2918 irrideat?
1623 2931 1628 2938 ι

318 2960 381 3030 Sed
395 2964 507 3030 ineunt
521 2963 597 3030 huic
617 2965 700 3029 libro
722 2965 894 3049 nonnulla,
918 2987 1014 3050 quae,
1037 2966 1114 3050 quia
1135 2966 1199 3031 iem
1222 2969 1314 3030 erant
1333 2967 1428 3048 nota,
1450 2985 1534 3028 num
1645 2955 1648 2968 '

230 3076 299 3139 iure
328 3073 556 3141 anecdotorum
585 3075 743 3140 uolumini
770 3076 975 3160 inseruerim,
1013 3077 1128 3142 merito
1161 3076 1271 3160 quaeri
1299 3097 1393 3160 posse
1423 3073 1535 3142 uideo.

232 3184 375 3261 Quorum
407 3184 656 3271 orthographiae
683 3184 863 3251 Beruenses
894 3189 1032 3272 primam
1066 3191 1099 3253 et
1131 3188 1259 3252 tertiam
1292 3188 1357 3251 iam
1392 3184 1537 3252 edendas

231 3317 431 3378 curaueram,
454 3318 526 3360 cum
548 3297 583 3360 in
598 3295 735 3361 Thuroti
750 3296 883 3381 librum,
905 3299 940 3362 in
963 3321 1027 3382 quo
1042 3299 1105 3363 ista
1119 3299 1285 3382 proposita
1300 3300 1390 3380 sunt,
1412 3295 1534 3380 incidi3

230 3427 334 3490 neque
366 3409 475 3471 tamar
508 3407 617 3490 omisi,
651 3408 736 3492 quod
764 3407 901 3473 Thuroti
923 3409 1051 3473 ¹librum
1085 3431 1198 3493 parum
1231 3408 1432 3494 diuulgatum
1460 3427 1536 3472 esse

229 3515 368 3582 sciebam
400 3518 433 3581 11
466 3517 542 3602 quia
574 3516 736 3583 codicibus
764 3517 980 3583 Bemensibus
1014 3541 1104 3584 suam
1135 3541 1266 3583 manere
1297 3518 1535 3603 proprietatem
1651 3551 1652 3554 ¹

231 3625 394 3710 uidebam,
417 3628 605 3710 praesertim
627 3650 700 3693 cum
722 3629 853 3694 adiectis
875 3629 1023 3715 glossarii
1045 3630 1156 3716 magni
1171 3629 1329 3713 excerptis
1344 3632 1445 3693 totam
1459 3649 1535 3693 rem
1651 3723 1652 3726 Ἴ

229 3737 344 3803 melius
366 3737 520 3802 illustrari
541 3761 635 3823 posse
657 3739 962 3806 animaduertissem.
1006 3739 1215 3806 Differentiae
1241 3745 1349 3805 autem
1371 3739 1536 3804 sermonis

230 3869 424 3934 quamquam
456 3849 628 3914 maximam
664 3853 787 3934 partem
824 3850 1067 3916 collectionibus
1100 3875 1120 3916 a
1152 3849 1353 3917 Gothofredo
1386 3849 1534 3914 Areualo

230 3957 359 4024 Hendio
375 3957 469 4022 editis
484 3959 704 4044 continentur,
727 3961 769 4025 ob
784 3961 946 4046 insignem
961 3961 1082 4028 ordinis
1097 3961 1327 4048 inparilitatem
1343 3960 1535 4026 uerborum-
1625 3984 1630 3993 ·
1651 3973 1652 3978 ’

230 4092 292 4155 que
319 4068 521 4154 singulorum
548 4069 780 4136 dissonantiam
808 4075 841 4136 et
866 4093 954 4136 noua
980 4073 1088 4158 aliqua
1121 4073 1338 4138 additamenta
1372 4071 1535 4138 hactenus
1651 4121 1652 4124 ,

224 4179 410 4266 incognita,
446 4201 509 4264 quo
543 4183 675 4266 rectius,
709 4181 813 4265 qualis
845 4181 959 4247 fuisset
986 4185 1131 4248 omnium
1157 4183 1273 4247 harum
1299 4182 1533 4248 collectionum

229 4294 303 4360 fons
318 4291 510 4375 communis,
533 4292 670 4376 perspici
685 4296 808 4377 posset,
831 4292 888 4357 has
905 4315 1032 4378 quoque
1047 4292 1245 4378 recipiendas
1257 4299 1327 4359 'esse
1343 4297 1532 4358 1111111111.
1635 4307 1640 4315 ·

315 4399 402 4478 Quae
418 4423 494 4466 uero
510 4402 590 4466 mihi
605 4402 782 4487 praefanda
795 4402 938 4489 fuerant,
954 4426 992 4468 ee
1006 4405 1040 4469 in
1055 4409 1120 4469 tres
1135 4407 1242 4489 partes
1257 4402 1368 4488 diuisi,
1391 4423 1532 4488 quarum
1638 4455 1644 4464 .

231 4516 300 4600 illa,
321 4533 402 4598 quae
418 4511 558 4576 medium
573 4513 679 4579 locum
695 4513 834 4597 obtinet,
857 4514 958 4599 ipsius
972 4513 1048 4579 libri
1063 4515 1182 4600 singuli
1197 4518 1352 4580 uectatus
1367 4514 1534 4579 examina-

229 4629 364 4707 buntur,
397 4625 555 4707 quatenus
587 4645 646 4707 pro
679 4646 786 4689 rerum
814 4624 959 4690 nouitate
985 4647 1192 4710 mearumque
1219 4626 1338 4690 uirium
1364 4625 1530 4711 paucitate

232 4739 287 4808 tali
323 4733 458 4802 consilio
495 4733 572 4799 satis
608 4733 677 4798 fieri
713 4757 807 4820 posse
843 4734 1021 4800 uidebatur.
1085 4735 1212 4802 Primae
1249 4737 1332 4821 parti
1369 4737 1529 4802 librorum
1631 4775 1652 4784 „
