3316 5566
262 333 323 400 151
709 335 832 388 soson
850 335 1117 390 exrosrrrones

260 543 333 587 mas.
377 524 510 587 Diximus
538 523 575 586 de
604 524 714 596 modis,
746 543 824 588 ιιιιιιε
851 525 888 586 de
912 525 1014 586 lormis
1036 525 1183 596 dicamus,
1212 523 1457 604 quemadmodum
1476 526 1537 586 istae

260 627 374 689 lormae
396 625 578 689 intellectum
601 635 713 688 tenent.
752 626 827 699 Otrid
850 627 1025 706 significant,
1050 625 1151 688 rterbis
1173 624 1210 686 ab
1233 628 1304 704 ipsis
1326 626 1430 688 lormis
1444 645 1537 704 cogno·

260 732 386 792 scimus:
415 728 495 791 allud
526 737 572 790 est
600 731 679 791 enim
701 728 826 791 uerbum
849 728 932 807 lego,
963 727 1040 791 aliud
1064 727 1203 798 lecturio,
1234 727 1311 789 eliud
1335 726 1447 798 lectito,
1473 726 1540 788 aliud

260 831 385 892 calesco.
431 831 492 892 llae
514 839 584 892 sunt
606 831 720 892 lormac
743 841 773 891 ot
794 849 900 893 reuera
924 830 1034 892 liabent
1055 829 1203 909 quandem
1220 828 1385 891 naturalem
1401 831 1541 890 rationem.

180 1001 181 1004 Ἴ
260 931 364 994 Omnis
378 935 458 995 enirn
479 933 578 1003 homo,
602 935 651 1012 qui
676 933 740 994 uult
761 932 869 1013 aliquid
893 950 991 1012 agero,
1015 949 1138 994 necesse
1161 939 1215 1000 est,
1239 940 1273 993 ut
1294 929 1371 992 hanc
1393 931 1565 993 naturalems

259 1035 403 1096 rationem
426 1045 575 1114 sequatur.
621 1036 721 1096 Primo
743 1036 821 1096 enim
846 1054 946 1096 secum
970 1036 1092 1112 cogitem
1126 1051 1193 1094 cum
1217 1035 1408 1112 cogitauerit,
1437 1035 1542 1113 incipit;

260 1156 328 1198 curn
350 1136 549 1206 instrument,
574 1135 708 1216 conplet:
732 1156 799 1198 corn
822 1137 1022 1216 conpleuerlt,
1046 1137 1070 1196 si
1092 1135 1171 1196 bona
1193 1153 1242 1196 res
1264 1133 1361 1204 luerit,
1386 1136 1543 1214 frequenter

261 1237 342 1299 illam
371 1240 488 1318 inpetit.
533 1239 582 1300 Sic
611 1257 682 1316 ergo
710 1238 849 1300 dicuntur
880 1239 973 1316 prima
1004 1236 1189 1304 meditatiua.
1219 1236 1350 1296 secunda
1381 1237 1543 1310 inclinatior,

263 1340 370 1402 deinde
383 1342 524 1420 perlecta,
538 1325 644 1421 qua'rta
660 1341 930 1420 frequentatiua„ut
942 1346 1010 1417 puta
1023 1338 1176 1400 ‘lecturio'
1192 1355 1252 1398 non
1265 1336 1367 1415 ‘lego’,
1380 1340 1432 1401 scd
1444 1339 1545 1418 ‘legere

262 1441 353 1511 uolo’,
369 1443 554 1520 ‘scriptorio'
570 1441 646 1502 idest
661 1440 806 1502 ‘seribere
822 1442 913 1512 uolo’,
930 1440 1055 1502 ‘esurio’
1071 1441 1149 1501 idest
1164 1440 1265 1502 ‘edere
1282 1439 1372 1510 uolo’;
1390 1442 1483 1504 omnia
1495 1443 1544 1500 ista
1560 1457 1581 1492 ro

264 1543 434 1606 meditatiua
456 1549 533 1604 sunt.
570 1543 751 1614 lnchoatiua,
775 1562 851 1624 quae
875 1561 929 1604 nos
950 1541 1059 1622 aliquid
1076 1542 1190 1603 initiare
1207 1541 1345 1612 ostendit,
1369 1541 1447 1603 idest
1460 1542 1548 1604 lacere

263 1644 311 1707 uel
326 1645 436 1716 dicere.
453 1653 484 1706 ut
501 1653 571 1724 puta
587 1643 725 1706 ‘calesco'
750 1664 808 1707 non
832 1653 877 1706 est
899 1645 1016 1714 ‘caleo'‚
1040 1643 1092 1705 sed
1110 1643 1220 1704 ‘calere
1235 1643 1370 1723 incipio,
1395 1644 1547 1705 ‘torrrcsco’

263 1748 407 1810 ‘feruere’
430 1749 549 1826 incipio.
595 1747 743 1816 l'erlecta,
769 1746 819 1808 ubi
843 1745 950 1828 plenus
973 1755 1019 1808 est
1040 1763 1160 1814 sensns,
1184 1751 1217 1805 ut
1232 1743 1314 1822 logo:
1338 1744 1412 1806 nihil
1436 1743 1550 1824 anplius

263 1848 365 1920 habet,
391 1869 446 1929 per
468 1849 546 1930 quod
570 1866 697 1927 quaeras
719 1850 857 1919 ulterius,
881 1867 936 1910 nec
959 1847 1129 1910 meditatim
1153 1855 1198 1908 est
1220 1864 1276 1907 nec
1298 1845 1479 1917 inchoatum,
1500 1845 1550 1906 sed

262 1952 406 2032 perfectio
439 1959 469 2012 et
501 1950 655 2014 absolutio.
706 1954 963 2028 Frequentntiun‚
997 1968 1072 2028 quae
1107 1967 1163 2010 nos
1194 1965 1284 2027 saepe
1315 1946 1425 2024 aliquid
1450 1949 1552 2023 forme
1567 1967 1587 2004 n

264 2053 401 2124 ostendit,
419 2061 451 2116 ιιι
466 2053 592 2114 ‘lectito’
609 2071 698 2133 saepe
713 2052 789 2132 lego,
803 2053 937 2114 ‘cursito’
954 2071 1043 2132 saepe
1058 2069 1157 2122 curro,
1168 2050 1296 2111 ‘dictito’
1312 2067 1400 2128 saepe
1414 2046 1529 2130 potet·
1550 2045 1551 2051 ’
1656 2096 1657 2103 ,

265 2155 341 2216 dico.
386 2155 466 2216 llaec
488 2163 532 2216 est
555 2153 680 2234 qualitas
703 2154 874 2225 uerborum,
897 2174 972 2236 quae
996 2153 1139 2215 diuiditur
1162 2154 1194 2212 in
1216 2149 1321 2212 modos
1342 2157 1372 2210 et
1393 2151 1554 2212 informas.

349 2258 390 2320 lle
413 2255 678 2335 coniugationibus.
723 2258 773 2319 Sic
795 2267 864 2320 sunt
886 2258 1123 2337 coniugationes,
1154 2251 1403 2332 quemadmodum
1431 2251 1555 2314 declina-

264 2362 362 2422 tiones
377 2359 529 2422 nominum
546 2361 569 2420 V
584 2367 668 2420 sunt:
692 2360 788 2439 prima
803 2359 961 2421 declinatio
977 2361 1007 2420 in
1024 2377 1058 2419 ae
1081 2354 1284 2436 diphthongon
1307 2356 1476 2432 genetinum
1499 2355 1557 2414 sin·

265 2460 397 2542 gularem
427 2462 530 2530 mittit,
559 2459 692 2522 secunda
720 2463 750 2521 in
778 2463 804 2531 i,
834 2463 921 2523 tertia
949 2463 979 2522 in
1008 2463 1048 2530 is,
1078 2459 1313 2538 quartaldus,
1342 2457 1592 2534 quintrionis

265 2563 422 2636 Quomodo
445 2580 516 2641 crgo
539 2564 613 2626 istae
635 2563 756 2641 regulae
779 2573 886 2642 regunt
909 2564 1103 2630 nomina,·sic
1125 2565 1199 2624 istac
1215 2557 1437 2633 coniugationes
1452 2557 1557 2626 uerba:

265 2665 370 2728 iisdem
399 2662 513 2742 legibus
540 2666 660 2744 penitus
687 2664 773 2742 plane
801 2667 944 2744 quinque,
975 2682 1051 2742 quae
1079 2663 1120 2726 ibi
1145 2671 1306 2733 ostendunt
1328 2660 1557 2744 coniugationes

165 2809 170 2824 .
265 2775 348 2836 sunt.
378 2766 486 2845 quibus
513 2768 593 2827 omni
622 2765 709 2827 modo
736 2767 924 2844 quaerendae
947 2774 1031 2828 sunt:
1061 2777 1179 2850 tenipus
1201 2790 1344 2834 numerus
1366 2773 1471 2840 nrodus
1491 2785 1558 2847 per·

265 2888 337 2931 sona
360 2869 477 2947 syllaba
500 2869 566 2930 siue
588 2865 694 2930 littera.

351 2971 592 3049 Coniugationem
615 2988 688 3049 ergo
709 2971 753 3032 sic
775 2989 884 3050 quaere
907 2979 1041 3051 tempore
1063 2977 1228 3052 praesenti,
1259 2995 1384 3039 numero
1406 2971 1557 3052 singulari,
1571 2983 1595 3024 m

268 3073 354 3136 modo
377 3068 553 3147 indicatiuo‚
584 3089 712 3154 persona
735 3073 881 3144 secunda,
905 3080 934 3133 et
956 3075 986 3136 in
1008 3073 1116 3136 litteris
1137 3077 1185 3138 nel
1208 3079 1239 3138 in
1263 3077 1382 3160 syllabis
1404 3079 1435 3138 in
1458 3076 1560 3137 artinis

267 3175 368 3238 uerbis
391 3182 422 3236 et
443 3173 642 3249 neutralibus,
666 3175 696 3234 in
720 3176 860 3254 passicis,
889 3178 1039 3238 commoni
1062 3187 1092 3240 et
1114 3177 1284 3258 deponenti.
1330 3179 1405 3252 Ouid
1430 3188 1475 3240 est
1495 3176 1560 3246 hoo,

267 3277 345 3359 quod
369 3275 449 3337 dico:
475 3279 578 3337 ‘arnas’
602 3279 698 3356 prims
722 3278 906 3356 coniugatio?
936 3278 1009 3340 Nam
1033 3279 1255 3359 coniugationes
1278 3283 1351 3343 istae
1374 3300 1428 3361 per
1451 3279 1562 3340 litteras

267 3380 518 3442 demonstrantur.
564 3377 594 3438 st
617 3397 632 3439 a
657 3378 809 3450 habuerit,
833 3381 929 3459 prima
952 3387 1011 3449 est;
1040 3381 1064 3442 si
1088 3399 1118 3450 e,
1143 3382 1273 3444 secunda
1297 3392 1358 3452 ests
1380 3385 1405 3443 sl
1427 3384 1453 3451 i,
1477 3381 1561 3443 tertia

269 3488 321 3542 est.
359 3479 396 3541 Et
417 3497 508 3558 quare
530 3481 624 3558 prima
649 3488 692 3540 est
713 3478 771 3552 itta,
794 3499 870 3562 quae
894 3483 931 3542 ai
968 3481 1161 3545 Rationabilis
1185 3493 1244 3552 est:
1258 3503 1336 3547 nam
1357 3483 1475 3562 quando
1491 3481 1597 3543 diei-³⁰

268 3601 335 3645 mus
356 3585 425 3644 tems
448 3580 576 3650 uocales,
600 3599 687 3660 quarn
711 3583 846 3662 primam,
871 3583 948 3644 idest
963 3582 1095 3646 uocalem
1111 3587 1309 3655 nominamus.
1333 3589 1389 3648 nisi
1406 3606 1431 3656 a,
1456 3603 1562 3646 secun·

269 3685 335 3746 dam
359 3702 389 3754 e,
420 3683 537 3744 tertiam
566 3683 594 3744 il
637 3683 734 3744 Prima
763 3693 844 3747 reete
873 3685 981 3746 dicitur
1009 3688 1191 3764 coniugatio,
1220 3687 1298 3767 quod
1327 3688 1416 3750 habet
1438 3689 1562 3767 primam

270 3783 415 3854 noralem:
439 3785 569 3846 secunda
585 3787 761 3863 coniugatio,
786 3787 865 3866 quod
881 3785 1041 3848 secundam
1058 3787 1207 3857 uocalem:
1232 3790 1329 3860 tertia,
1352 3788 1430 3868 quod
1447 3789 1563 3849 tertiam

270 3886 411 3950 uocalem.
445 3886 509 3947 oixt
525 3888 655 3966 quinque
671 3885 763 3948 rebus
774 3889 904 3950 inueniri
920 3891 1157 3966 coniugationes:
1182 3898 1318 3968 tompore
1335 3908 1460 3951 numero
1476 3889 1563 3950 modo

269 4007 397 4071 persona
426 3986 537 4069 syllaba
567 3987 615 4050 uel
642 3988 748 4050 littera.
794 3989 870 4051 Ecce
899 4007 965 4050 amo
988 4008 1020 4051 as
1042 4009 1058 4051 a
1081 3989 1186 4052 lrabet:
1216 3993 1333 4070 respice
1355 3990 1458 4060 adea,
1488 4001 1599 4070 quaeat

270 4144 498 4154 .-—-..-———-

338 4226 441 4290 2quod
509 4227 574 4275 doe
592 4235 653 4275 sunt
731 4227 1006 4290 degereoddiditm.
1026 4227 1060 4277 II
1129 4225 1206 4294 harro]
1228 4227 1291 4277 lroc
1344 4228 1444 4278 oentm
1463 4227 1564 4277 addidit

270 4315 300 4348 m.
322 4296 354 4348 11
424 4293 599 4346 'linconuerit
649 4291 784 4359 8inpetit]
805 4295 912 4360 repetit?
949 4292 1002 4359 Sic]
1022 4295 1044 4344 si
1099 4295 1282 4347 tosorttrmto
1333 4312 1418 4346 esurio
1437 4295 1463 4344 rd
1534 4297 1562 4344 11

270 4365 295 4415 id
315 4364 396 4414 locere
484 4363 515 4412 tt
533 4377 578 4426 per·
596 4373 659 4424 quot
729 4364 759 4412 ld
778 4363 962 4424 lrequentatiun
980 4365 1072 4414 addidi
1127 4380 1203 4429 sepe,
1225 4379 1326 4429 semper
1395 4363 1477 4412 lucere
1495 4371 1565 4414 etot

271 4434 363 4484 addidi
431 4431 564 4480 tunicato
643 4431 675 4480 17
693 4430 739 4479 lrec
826 4433 856 4481 tu
874 4430 1017 4495 diptongon
1037 4432 1171 4497 genetious
1191 4432 1329 4497 singularis
1414 4433 1446 4481 11
1465 4431 1563 4481 lrlsdem

270 4503 304 4552 14
321 4499 419 4564 syllaba
437 4499 528 4549 addidi
612 4501 645 4550 16
664 4498 726 4548 uol'
723 4514 746 4547 ιιι
766 4495 882 4564 syllabis]
902 4499 966 4550 Post
983 4500 1047 4550 duee
1064 4502 1227 4564 repetendum
1243 4501 1381 4563 sortasse'
1375 4515 1400 4548 ιιι
1419 4499 1522 4556 litteris,
1540 4503 1564 4549 et

271 4620 480 4684 uermrsequenti
496 4625 555 4668 onte
574 4619 598 4666 in
618 4617 745 4682 poeninis:
766 4617 790 4665 in
810 4617 915 4681 syllabis
984 4619 1041 4668 18
1036 4628 1084 4670 rste
1153 4621 1187 4670 30
1198 4571 1246 4669 sillo
1310 4634 1375 4682 quoe
1393 4613 1563 4679 rationabilis]

270 4688 335 4752 sort.
354 4697 474 4748 etquare
498 4685 582 4752 prima
605 4695 644 4734 est
666 4685 725 4734 illu?
762 4683 835 4743 Quod
853 4685 1010 4735 rotronnbtlrs
1029 4697 1068 4736 est
1153 4689 1184 4737 at
1205 4688 1229 4735 id
1250 4687 1363 4737 uocnlem
1449 4689 1483 4736 33
1502 4701 1564 4747 qnae

272 4753 410 4871 Ιειιίῒειιῐιὶιιιιιιιι
479 4756 552 4804 tertio
569 4769 635 4816 quoe
720 4755 753 4804 34
770 4753 979 4818 coniugntionum
997 4763 1112 4818 tempore
1131 4769 1263 4805 numerum
1349 4757 1382 4807 ³6
1405 4753 1445 4804 uel
1468 4753 1564 4818 syllaba

58 5350 465 5556 ΑἿ
