3316 5566
253 305 294 370 72
770 305 838 356 Ass
855 303 1032 358 tuosius

251 495 343 567 lilius,
372 495 491 557 Atrides
512 495 593 556 Atrei
621 493 714 564 lilius.
744 501 773 556 et
793 493 910 559 Pelides
932 491 1013 555 Pelei
1040 493 1127 558 lilius.
1172 496 1253 558 llaeo
1283 503 1312 556 et
1339 494 1376 557 ab
1398 497 1464 558 auis
1486 503 1539 556 et
1569 516 1595 556 a

251 595 395 660 matribus
422 615 512 676 saepe
540 596 673 656 ueniunt.
722 595 928 658 Patronomica
954 597 1118 659 masculina
1147 607 1220 678 quot
1247 599 1474 662 inminutiones
1508 597 1592 660 ha-

252 698 342 760 benti
386 696 471 758 Tres.
517 698 618 770 Queei
662 696 695 758 ln
716 697 771 758 des
793 697 823 758 in
852 698 900 758 ius
922 698 953 758 ln
976 715 1030 759 on:
1058 699 1088 759 in
1111 698 1180 778 des,
1209 707 1242 761 ut
1262 699 1379 762 Atrides
1401 698 1440 761 ab
1462 701 1592 762 Atreo

251 811 281 862 et
303 797 419 861 Pelides
441 817 457 859 a
479 797 583 870 Peleo,
612 801 643 860 in
665 799 712 860 ius
734 808 767 860 ιιι
789 796 906 861 Peleius
929 817 944 861 a
967 800 1073 870 Peleo,
1102 802 1133 862 in
1156 819 1195 864 on
1218 809 1251 862 ιιι
1272 801 1382 865 Nerion
1405 819 1421 864 a
1444 801 1587 863 lieren.

251 901 457 964 Patronomiea
486 909 600 972 autem,
629 908 662 963 ut
690 903 731 962 eit
752 900 931 972 donatus,
961 902 986 962 si
1014 900 1051 962 de
1080 909 1166 982 patre
1193 903 1267 974 sint,
1296 905 1328 964 in
1357 901 1410 964 des
1432 909 1588 972 exeunt,
1611 931 1629 968 ε.

251 1012 284 1065 ιιι
310 1001 503 1065 Anchisiades
531 1003 629 1064 dietus
658 1009 702 1064 est
731 1001 845 1064 Aeneas
871 1001 950 1066 lilius
976 1003 1138 1075 Anchisam
1166 1007 1318 1068 aientem
1348 1005 1385 1066 de
1413 1006 1479 1066 auis
1510 1004 1589 1066 uel

252 1108 348 1168 etauio
371 1105 493 1168 luerunt
515 1105 734 1186 pammenius,
763 1105 793 1166 in
817 1106 863 1166 lus
885 1106 933 1167 uel
956 1107 987 1166 in
1010 1125 1047 1170 on
1070 1107 1279 1169 terminantur.
1324 1106 1478 1168 Feminina
1502 1123 1588 1184 pa·

251 1208 415 1270 trouomica
449 1215 521 1289 quot
548 1207 772 1268 terminationes
799 1204 927 1269 habenti
976 1209 1067 1280 Tres,
1102 1209 1181 1271 idest
1207 1210 1234 1270 is
1262 1227 1295 1270 as
1323 1227 1356 1279 e;
1390 1211 1420 1270 in
1448 1210 1488 1278 is,
1535 1217 1589 1270 ut

251 1312 363 1381 Atreis;
392 1311 422 1370 ln
451 1327 497 1380 as,
525 1317 559 1370 ιιι
584 1306 716 1377 Peleias;
744 1309 774 1370 in
799 1329 830 1380 e,
859 1317 893 1371 ut
915 1310 1034 1372 Nerine.
1079 1311 1153 1372 ltem
1182 1312 1281 1372 Atreis
1303 1311 1418 1372 Atreias
1438 1310 1583 1388 Atrine,

251 1411 309 1473 lroe
332 1419 376 1472 est
398 1409 456 1472 lilla
478 1411 569 1472 Atrei.
614 1410 694 1472 llaee
716 1429 733 1472 a
755 1408 924 1473 diriuetinis
946 1412 1070 1483 dietam,
1093 1413 1172 1491 quod
1195 1412 1353 1475 diriuatiua
1369 1410 1406 1474 ab
1421 1409 1578 1493 appella·
1604 1441 1641 1479 ao

251 1514 320 1575 tiuis
349 1514 502 1583 oriuntur,
533 1513 738 1592 patronomiea
766 1521 866 1574 eutem
893 1533 909 1576 a
937 1515 1079 1596 propriis.
1127 1511 1190 1576 Alia
1220 1516 1327 1577 etetioa
1355 1521 1441 1584 sunt,
1476 1512 1582 1575 idest

252 1617 428 1698 possessiua,
444 1633 519 1695 quae
535 1633 550 1676 a
566 1617 756 1696 possessione
772 1614 921 1686 dicuntur,
938 1623 971 1676 ut
985 1615 1197 1678 Euandrius
1213 1617 1315 1678 ensis
1331 1620 1579 1694 etAqamean·

251 1719 388 1781 neniae
409 1718 589 1799 lllqoenae.
633 1715 696 1778 Alia
727 1715 858 1796 epitheta
886 1726 968 1787 sunt,
1001 1719 1079 1780 idest
1106 1718 1251 1781 adieetiua
1281 1718 1328 1782 uel
1355 1719 1576 1798 superposita.

252 1821 350 1893 Quare
377 1819 492 1884 adiecta
521 1818 679 1881 dicuntur?
722 1818 766 1880 Eo
789 1818 867 1897 quod
889 1817 925 1880 ad
948 1819 1130 1899 implendam
1152 1821 1199 1883 sui
1220 1820 1466 1900 significationem
1487 1820 1576 1882 lixis

251 1922 421 1986 nominibus
448 1921 633 1993 adiciuntur,
665 1930 699 2000 ut
727 1938 853 2000 magnus
879 1919 999 1983 doctus:
1029 1922 1137 1983 dieitur
1165 1924 1245 1986 enirn
1273 1922 1362 1984 homo
1391 1921 1496 1984 doetus
1527 1934 1572 1984 et
1594 1949 1630 1986 15

250 2043 376 2105 magnus
397 2023 608 2106 philosophus,
633 2033 662 2086 et
683 2021 791 2104 plenus
812 2016 859 2085 est
872 2021 1048 2086 intolleotns.
1086 2024 1170 2086 Scies
1185 2033 1301 2096 autem,
1324 2027 1423 2088 omnia
1438 2025 1570 2086 adiecta

252 2129 371 2190 nomina
400 2133 451 2188 aut
477 2126 645 2187 communia
673 2131 743 2186 sunt
769 2126 859 2186 trium
888 2143 1049 2204 generum,
1079 2126 1182 2188 ntltie
1205 2127 1330 2190 ethaeo
1352 2127 1460 2189 etheo
1483 2145 1572 2206 prn-

251 2229 339 2299 dens.
369 2228 419 2289 hie
441 2236 471 2289 et
492 2229 566 2290 haee
588 2233 618 2289 et
639 2225 696 2287 hoe
717 2228 853 2308 sapiens,
881 2226 932 2289 irie
954 2235 986 2288 et
1006 2227 1081 2289 haee
1103 2235 1133 2289 et
1155 2229 1212 2290 hoe
1239 2229 1324 2297 ielis.
1353 2236 1405 2289 aut
1433 2227 1569 2290 mobilia

251 2339 321 2391 sunl
348 2331 427 2391 inter
454 2331 510 2390 triu
543 2345 668 2408 genera,
698 2335 730 2390 ut
757 2341 886 2408 magnus¹
910 2345 1014 2408 magna
1038 2347 1193 2410 magnum,
1221 2340 1272 2395 aut
1294 2333 1463 2394 eommunia
1486 2340 1571 2393 sunt

252 2431 379 2492 duorum
409 2448 554 2509 generum
582 2440 612 2492 et
640 2437 779 2492 neutrum
807 2432 838 2491 in
860 2431 1026 2504 cincinni,
1056 2439 1089 2494 ut
1117 2433 1166 2496 hie
1189 2441 1219 2496 et
1240 2434 1314 2496 haee
1335 2433 1421 2496 tortis
1443 2440 1475 2495 et
1496 2433 1566 2496 hoc
1586 2458 1620 2498 so

252 2535 343 2601 iorte;
366 2531 493 2595 dioimus
515 2534 595 2594 enim
613 2533 708 2606 sortis
730 2533 779 2594 uir
800 2539 831 2594 et
851 2533 937 2595 lortis
960 2533 1068 2596 mulier
1091 2543 1120 2597 et
1141 2537 1220 2597 lorte
1242 2533 1412 2604 eonsiliumt
1436 2534 1566 2600 ethaeo

253 2636 373 2697 nomina
394 2632 516 2696 mobilia
538 2642 749 2716 conparantur,
773 2641 806 2695 ut
828 2635 914 2697 lortis
936 2635 1041 2698 tortior
1063 2638 1252 2707 fortissimus,
1275 2636 1408 2718 prudens
1421 2637 1561 2718 pruden-

252 2739 310 2798 tior
338 2736 603 2816 prudentissimns,
631 2737 751 2816 sapiens
777 2737 940 2816 sapientior
967 2740 1217 2818 sapientissimus,
1246 2739 1318 2802 lelix
1346 2739 1462 2803 ielieior
1488 2739 1564 2802 leli-

253 2841 404 2910 eisslmus,
435 2857 559 2919 magnus
587 2841 683 2902 maior
705 2840 859 2902 maximus.
904 2841 982 2902 Sunt
1002 2838 1059 2902 alia
1081 2839 1215 2922 speeialis'
1237 2841 1398 2920 qualitatis,
1427 2841 1483 2903 sub
1505 2841 1564 2904 illa

253 2942 369 3005 scilicet
399 2943 554 3023 qualitate,
589 2960 666 3022 quae
693 2940 872 3020 generaliter
900 2944 1015 3004 nomini
1042 2941 1167 3014 accidit,
1197 2952 1230 3006 ut
1257 2945 1377 3024 sapiens
1395 2944 1564 3008 ¹lormosus
1581 2969 1614 3008 ει,

254 3045 354 3115 diues,
382 3063 458 3126 quae
480 3045 546 3106 ideo
570 3043 720 3126 qualitatis
742 3045 863 3106 nomina
886 3043 1042 3116 dicuntur,
1065 3046 1134 3125 quia
1157 3062 1211 3125 per
1233 3064 1267 3108 ea
1288 3043 1300 3128 ΙΙ
1317 3045 1336 3106 l.
1353 3041 1439 3127 84¹fl
1460 3045 1564 3126 qualis

254 3149 293 3208 sit
315 3149 519 3228 unusquisque
541 3147 715 3209 ostenditur.
776 3147 851 3209 Sunt
872 3145 929 3208 alia
952 3148 1071 3209 nomina
1094 3149 1279 3228 quantitatis,
1303 3165 1379 3229 quae
1402 3165 1418 3210 a
1441 3151 1562 3228 magni-

253 3249 357 3312 tudine
384 3249 431 3312 uel
455 3269 472 3312 a
494 3251 642 3330 paruitate
669 3247 845 3319 trahuntur,
876 3255 1054 3329 utmagnus
1075 3267 1187 3329 paruus
1208 3247 1315 3329 longus
1337 3249 1452 3312 breuis:
1480 3250 1563 3312 haec

255 3359 353 3413 autem
375 3345 489 3414 adiecta
511 3351 631 3414 nomina
655 3349 770 3412 mediae
792 3350 1016 3430 significationis
1038 3350 1190 3422 dicuntum
1221 3369 1326 3414 sensus
1349 3353 1427 3414 enim
1450 3371 1561 3415 eorum

255 3454 371 3517 medias
399 3463 444 3516 eet
472 3454 550 3516 inter
578 3454 700 3534 propria
729 3461 759 3515 et
786 3451 977 3534 appellatiua;
1007 3452 1217 3515 diciturenim
1239 3453 1345 3516 doetus
1365 3453 1505 3533 Virgilius
1529 3463 1563 3516 et
1578 3481 1608 3519 so

255 3557 362 3618 doctus
395 3563 497 3637 poeta,
532 3566 562 3618 et
592 3557 671 3618 inter
703 3556 829 3635 primam
863 3556 1042 3634 positionem
1070 3563 1100 3617 et
1127 3555 1346 3618 diriuationem.
1397 3557 1472 3618 Sunt
1497 3555 1561 3618 alie

255 3659 366 3738 gentis,
396 3667 430 3720 ut
452 3658 585 3721 Graecus
606 3659 771 3739 Hispanus,
801 3675 878 3736 quae
900 3675 917 3718 a
940 3658 1053 3720 Graeco
1076 3665 1106 3720 et
1128 3657 1259 3738 llispeno
1287 3665 1447 3729 uocantur,
1475 3657 1562 3720 unde

255 3761 462 3840 unnsquisque
495 3761 533 3822 de
565 3761 688 3824 Graecis
722 3759 854 3822 Graecus
887 3757 997 3822 dicitnr
1033 3767 1062 3820 et
1094 3762 1302 3841 unusquisque
1337 3760 1374 3822 de
1408 3762 1563 3838 Hisponis

255 3863 402 3942 Hispanus
430 3869 565 3926 uocatur.
608 3862 691 3928 Aliae
718 3873 787 3924 sunt
809 3863 939 3942 patriae,
968 3869 1001 3924 ιιι
1022 3861 1141 3924 italicus
1162 3861 1199 3924 ab
1223 3860 1320 3933 ltalia,
1350 3870 1380 3924 et
1400 3861 1561 3926 Airieanus

256 3965 293 4026 ab
315 3965 414 4027 Airioa
443 3963 560 4026 dieitur.
606 3963 667 4027 Alia
690 3962 762 4034 loci,
791 3972 824 4025 ut
846 3951 998 4025 lldmanus
1019 3983 1036 4026 a
1058 3964 1152 4026 llomn
1175 3963 1283 4026 dieitur
1306 3972 1336 4026 et
1356 3962 1518 4026 Thebanus
1542 3983 1605 4031 aas

325 4155 383 4203 let
399 4151 504 4202 hob¹uis
572 4151 722 4219 epatribus
791 4151 889 4216 ineps
957 4149 1027 4215 quod
1104 4153 1188 4213 aque
1240 4151 1265 4200 in
1284 4165 1314 4201 ue
1382 4147 1526 4216 Apielelus
1545 4167 1561 4198 a

257 4221 329 4288 peleo
348 4221 374 4271 in
392 4235 424 4271 on
443 4221 528 4270 inlus
552 4229 580 4270 ιιι
597 4216 706 4288 pieleins
723 4235 739 4270 s
757 4217 829 4286 pelen
847 4219 874 4268 in
893 4233 926 4269 on
995 4221 1099 4270 anerlo
1185 4218 1201 4268 5
1224 4216 1352 4284 Donatus]
1375 4219 1475 4270 Horum
1497 4217 1562 4269 nillil

255 4293 347 4356 tepitnr
364 4289 435 4355 opnd
452 4289 588 4344 Donatum.
657 4287 840 4339 dachiseades
910 4289 1029 4338 eeenins
1098 4286 1203 4338 anohise
1271 4287 1303 4337 de
1321 4287 1388 4337 sniis
1406 4286 1447 4336 nel
1464 4287 1560 4338 naeniis

257 4359 317 4409 lin
335 4373 367 4409 us
435 4357 532 4408 lemine
600 4357 704 4420 equod
773 4355 846 4406 ides
915 4356 975 4408 din
994 4371 1023 4406 as
1042 4355 1122 4423 pelias
1178 4365 1263 4430 atreus
1333 4357 1365 4407 10
1383 4353 1435 4405 illia
1452 4355 1560 4406 stasmi

289 4427 322 4478 ab
823 4475 828 4488 ,
971 4451 984 4482 o

291 4475 474 4543 appellatione,
493 4491 561 4527 corr.
580 4476 632 4528 -uis
702 4477 733 4526 11
752 4485 787 4526 tet
804 4474 861 4525 laren
941 4477 972 4524 12
990 4490 1040 4538 que
1092 4469 1243 4540 euandrins]
1268 4473 1346 4540 Verp.
1364 4475 1431 4527 Aea.
1449 4473 1477 4523 Χ
1495 4475 1559 4530 394,

257 4546 469 4610 agamemnoniae
486 4542 595 4614 misene]
618 4543 699 4612 Verp.
719 4544 785 4596 Aen.
802 4542 853 4609 Vr,
866 4545 920 4594 838
993 4544 1025 4595 13
1043 4543 1136 4610 epiteta
1188 4544 1221 4594 15
1238 4543 1382 4614 sdioinntur
1450 4543 1482 4592 16
1500 4541 1560 4608 plai-

257 4611 356 4662 losoius
443 4615 474 4665 m
492 4622 546 4695 tren
630 4611 749 4666 mentm
767 4613 806 4662 uir
874 4613 907 4663 23
925 4611 1020 4662 lelitior
1087 4613 1121 4663 25
1139 4627 1202 4676 que,
1219 4611 1278 4672 sere
1294 4627 1395 4677 semper
1462 4610 1561 4660 eooedit

257 4697 547 4848 {gurzedtieeme‘drdlurr'n
616 4734 648 4784 31
666 4728 777 4798 photen
844 4733 878 4788 33
896 4745 1000 4796 meeum
1017 4731 1110 4782 dieitur
1178 4730 1300 4798 llispenis
1318 4747 1365 4784 orn.
1438 4729 1471 4782 35
1490 4727 1559 4780 tebe-
