3308 5542
557 359 640 413 COD.
659 359 766 412 BERN.
784 359 843 416 207.
1275 373 1349 420 xvii

142 553 174 611 Ρ.
199 557 234 610 3⁶
257 555 358 627 partes
375 551 529 626 superiori
554 550 704 623 quaedam
732 549 770 606 de
797 549 1033 608 declinationum
1056 549 1208 621 aperitione
1234 549 1350 624 scripto

18 647 19 654 '
75 663 141 713 cml:
174 653 252 723 Quas
279 653 449 731 priscianus
478 649 554 710 bene
583 656 807 710 commemorat.
858 649 968 721 Quarta
999 649 1169 709 declinatio.
1215 647 1351 719 (ineest

18 769 19 792 t
75 756 167 832 agnitio
187 763 290 832 quarte
313 751 538 822 declinationis,
567 755 654 812 cuius
682 752 840 830 genetiuns
863 751 1023 828 singularis
1047 759 1075 810 et
1099 751 1299 812 rronrinatiuas
1323 761 1351 810 ct

75 859 240 917 annuntians
262 865 291 917 et
313 857 469 916 uocatiaus
490 853 621 934 plurales
644 855 675 914 in
698 872 732 914 us
749 872 804 932 pro
819 855 839 911 i
853 851 993 913 desinunt
1007 887 1049 896 -
1065 855 1167 930 qtriuta
1190 851 1350 912 declinatio

18 953 19 968 ¹
75 969 130 1036 quot
149 957 260 1019 litteras
283 958 420 1018 termina.

18 1039 19 1064 ¹
139 1061 264 1137 Reliqua
283 1062 420 1137 popinae
439 1077 515 1136 pars
536 1061 607 1119 aliis
628 1059 797 1134 alphabetis
817 1061 942 1118 secretis
964 1061 1084 1133 repleta
1099 1066 1154 1131 est,
1180 1060 1234 1118 sed
1247 1075 1349 1118 recea-

76 1165 129 1222 n‘ori
146 1166 201 1224 ista
223 1180 313 1222 mana
333 1179 415 1222 saec.
439 1163 475 1221 X
493 1164 594 1237 atique
615 1163 732 1236 sere'pto
753 1177 817 1220 esse
839 1162 993 1221 uidentur.

142 1267 173 1324 F.
199 1263 231 1322 3⁵
252 1267 334 1342 cycli
347 1265 508 1340 paschalis
531 1265 695 1339 descriptio
716 1261 860 1323 babetur:

135 1427 174 1472 nc
201 1407 263 1498 xpi
291 1425 460 1474 raomnae
489 1403 588 1496 tracti
626 1397 750 1494 apcius
785 1401 978 1494 paschalis
1006 1385 1105 1472 norro
1136 1395 1140 1496 Ι
1170 1407 1224 1472 sci
1251 1405 1348 1492 arrato

133 1505 328 1576 mmmmm
364 1528 408 1576 na
446 1507 585 1577 srmobo
622 1523 993 1596 macena-temporem
1029 1499 1033 1600 i
1066 1517 1170 1589 estque
1193 1511 1348 1570 exordium

77 1620 142 1680 baias
161 1621 371 1700 supterscribti
393 1623 468 1702 cycli
491 1621 684 1684 docnuvrnr
707 1618 835 1700 annoflrii
909 1622 977 1680 anni
1064 1631 1140 1681 sunt.

139 1759 206 1818 Post
225 1759 377 1834 tabulam,
400 1775 460 1834 qna
482 1759 680 1820 indictionum
701 1765 731 1818 et
752 1762 932 1833 epactarum
945 1759 980 1828 tit
994 1759 1114 1834 mentio,
1130 1759 1265 1832 seqnitur
1287 1759 1351 1816 eires

76 1871 215 1942 repositio:
259 1883 456 1956 tmctpturct
485 1869 521 1930 de
550 1870 646 1931 titulis
672 1867 798 1946 pascalis
825 1868 1029 1944 aegyptiorum
1053 1869 1102 1927 iu.·
1137 1866 1167 1926 Si
1193 1871 1238 1927 uis
1261 1885 1350 1928 nosse

18 2027 19 2048 p
76 1977 159 2044 «pactas
178 1987 273 2030 annus
295 1966 336 2030 sit
351 1969 389 2030 ab
404 1973 611 2031 incarnatione
627 1970 741 2030 domini
757 1973 850 2031 nostri
866 1969 919 2031 int
942 1967 1005 2054 xpi
1023 2003 1063 2010 -
1083 1963 1123 2034 δε
1143 1963 1348 2032 reconnois-

18 2131 19 2154 ἦ
76 2076 155 2136 Sia'u
178 2081 257 2139 scire
285 2088 375 2159 quota
403 2081 443 2140 sit
472 2079 596 2140 indictio
623 2098 708 2139 sume
738 2097 832 2140 arruns
862 2079 898 2140 ab
927 2081 1133 2141 incarnatione
1161 2078 1274 2140 domini
1304 2077 1350 2138 his

18 2159 19 2222 Ῑ
77 2181 270 2256 superadde
292 2179 331 2241 ΙΙΙ
355 2179 509 2260 regulares
532 2189 640 2259 quotus
663 2183 817 2242 inueneris
840 2184 951 2261 partire
974 2200 1028 2262 per
1052 2179 1111 2241 XV.

18 2225 20 2350 i
139 2281 172 2342 ln
192 2300 308 2345 mmmo
330 2287 393 2344 eius
410 2287 548 2360 popinae
569 2286 708 2359 marpine
729 2301 822 2346 mana
845 2287 1015 2346 recentiore
1036 2301 1115 2343 saec.
1141 2283 1174 2342 X
1194 2283 1352 2358 Optatiani

18 2379 19 2470 J
78 2381 217 2462 Psrpltyrii
236 2393 382 2462 quattuor
403 2403 521 2454 narsus:
559 2385 659 2446 Ardua
689 2394 872 2464 componunt
900 2385 1004 2446 latices
1032 2388 1164 2445 carrarias
1189 2401 1271 2462 muse
1292 2391 1348 2444 etc.

74 2488 159 2559 ampli
176 2497 254 2548 marl.

137 2588 293 2663 sequentis
316 2589 392 2663 solii
413 2599 447 2666 a,
480 2591 561 2666 qaod
592 2591 748 2666 antiquam
775 2592 1009 2666 popinatianem
1042 2598 1195 2664 sequemcs
1227 2591 1352 2649 secandi

75 2693 167 2748 tamine
197 2695 374 2767 sipriticart'
403 2695 577 2769 malaimns,
604 2709 685 2768 pars
713 2709 839 2752 reuersa
870 2694 986 2752 titolum
1019 2695 1151 2752 continet
1180 2693 1348 2766 praeclara

74 2791 181 2862 panderat
204 2795 360 2869 piapendi
387 2795 455 2855 o'rte
475 2803 672 2856 exornatam:
704 2795 734 2855 in
758 2795 878 2854 nomine
901 2793 949 2852 dei
973 2794 1149 2854 sanctissimi
1174 2793 1279 2870 incipit
1301 2809 1349 2850 ars

74 2889 155 2953 {innati
176 2897 365 2972 grammatici
388 2893 472 2957 urbis
493 2896 604 2958 Romae
626 2932 683 2965 —,
707 2900 767 2970 ita,
792 2903 825 2956 nt
846 2897 948 2956 subter
969 2898 1098 2969 sinpnlis
1120 2897 1219 2956 uerbis
1241 2895 1348 2968 maipa·

73 2995 134 3052 itiam
157 2998 266 3057 litter-is
291 3001 456 3074 conpositis
482 3000 559 3058 idem
586 3002 732 3075 sareptam
764 3001 804 3058 sit
833 3001 941 3058 litteris
970 2998 1103 3058 Gothicis
1128 3000 1251 3056 secretis
1279 2999 1347 3060 illis.

136 3201 243 3276 ltaque
260 3201 291 3274 s.
319 3200 351 3260 2⁵
372 3237 415 3250 —-
439 3209 493 3262 tl·
519 3206 712 3263 continentur
740 3203 883 3262 Donati
915 3206 1080 3278 scripta.
1116 3219 1180 3261 ors
1206 3203 1346 3278 primo,

73 3299 264 3362 litteraris
285 3313 353 3372 etc..
376 3307 420 3364 de
440 3307 695 3376 barbarismo,
721 3307 829 3364 omissa
852 3313 920 3364 orte
942 3308 1058 3364 maiore
1072 3305 1110 3363 (le
1125 3311 1192 3363 octo
1205 3305 1345 3378 partitibus

72 3407 207 3478 trationis,
233 3421 314 3480 pace
334 3408 454 3480 quidem
476 3409 545 3482 ipsa
566 3405 701 3479 infras.
729 3414 800 3466 101³
822 3423 885 3482 seq.
909 3409 1032 3482 lepitar.

80 3707 146 3753 aegra
171 3707 321 3746 remanente
347 3696 447 3746 isoceles
474 3698 661 3764 expellerentur
687 3713 825 3760 caesimque
852 3698 876 3746 in
900 3696 982 3746 iocum
1007 3711 1072 3757 quae
1090 3697 1209 3760 deinceps
1229 3705 1348 3744 securatur

73 3777 217 3814 'resonantes
245 3765 419 3817 succederent.
473 3765 544 3814 nam
569 3769 649 3830 igitur
675 3765 801 3815 scribendi
828 3780 938 3826 morem,
966 3765 1039 3814 errius
1070 3775 1197 3813 arietarent
1225 3763 1345 3812 Sanctum

74 3832 204 3880 antistiam
232 3831 456 3898 archiepiscopum
485 3833 564 3884 luisse
592 3833 725 3882 iiraimnus
753 3833 856 3882 Maccus
885 3843 969 3882 naman
992 3832 1007 3880 Ι.
1033 3833 1048 3882 l.
1073 3848 1098 3898 p.
1117 3835 1164 3896 93,
1193 3833 1217 3880 iu
1245 3832 1345 3880 barabas

72 3897 177 3948 ‹ntinhns
202 3899 341 3950 iieinetieis
364 3900 532 3966 deprehendi,
556 3915 664 3964 qaorum
688 3901 750 3950 aiter
773 3910 813 3952 est
836 3901 1004 3950 Einsidleusis
1023 3903 1072 3950 302
1091 3905 1157 3948 sace.
1178 3899 1202 3948 X
1226 3901 1346 3964 scriptus,

76 3981 100 4022 με
114 3981 163 4016 ram
181 3968 245 4032 etia,
264 3979 318 4017 tum
336 3967 417 4017 Boetii
436 3969 614 4034 philosophiae
632 3969 834 4020 consolationem
853 3969 963 4018 continet
981 3968 1076 4032 glossis
1095 3969 1251 4016 Germanicis
1270 3982 1346 4015 mana

22 4045 23 4056 ³
83 4047 150 4096 mma
165 4037 191 4085 in
210 4039 291 4086 istam
311 4035 414 4085 modum
433 4039 530 4102 passim
548 4039 741 4104 suprascriptis.
755 4049 795 4087 nt:
815 4033 1001 4101 assuefaciunt]
1022 4035 1223 4100 girufnnbat=
1235 4050 1344 4100 genven-

85 4115 123 4162 'm‘;
139 4117 298 4166 conquaestu
316 4099 367 4168 est]
386 4103 507 4170 ehlbgptb
525 4127 558 4147 =
575 4106 707 4172 catagam,
726 4105 828 4168 aliaque
846 4105 871 4153 id
890 4119 972 4168 genus
991 4104 1113 4168 plurimam
1137 4103 1200 4151 aiter
1218 4115 1257 4152 est
1274 4103 1347 4150 Turi—

76 4183 130 4220 ·mus
147 4170 165 4224 C
183 4173 219 4224 58
238 4173 314 4234 (⁴275)
332 4187 399 4222 suec.
420 4171 466 4221 xit
485 4175 609 4240 scriptus,
628 4175 660 4223 de
678 4191 729 4238 quo
753 4175 819 4222 iut‘ra
842 4173 985 4222 accrrrotius
1004 4171 1095 4221 dictari
1119 4185 1222 4220 sumas:
1246 4172 1270 4220 iu
1291 4171 1346 4218 eius

74 4241 125 4348 par
141 4257 163 4303 p.
182 4241 236 4292 288
255 4241 373 4304 margine
391 4239 503 4290 interiori
522 4241 584 4292 haec
602 4255 688 4292 extare
705 4243 817 4292 carmine
837 4231 1034 4305 αἰνιγματώδη
1049 4239 1183 4288 blancardus
1198 4237 1346 4288 Wbiiiiiaas

83 4319 147 4356 ’ᾚεΙῑΖ

23 4387 24 4426 t
655 4377 736 4428 LVX.

23 4461 24 4530 p
353 4444 434 4495 istic
451 4459 509 4495 sxm
527 4445 631 4512 spitus]
655 4461 711 4496 sxm
731 4461 789 4496 cxm
806 4445 861 4512 spii
875 4443 957 4495 cribtb

23 4559 24 4574 p
353 4511 416 4564 Sxm
434 4513 519 4563 dicits
537 4515 658 4578 qxiruqxi
673 4530 730 4564 sxru
749 4513 870 4578 qxirnqxi
884 4513 991 4576 dieimq;
1009 4513 1104 4578 xpcbtir

353 4579 460 4631 Soinere
477 4583 519 4645 qui
540 4583 645 4648 poterit,
665 4583 750 4633 soluat
767 4593 791 4632 et
809 4583 863 4631 eius
882 4583 937 4632 erit.

23 4675 26 4719 3
101 4651 164 4698 iecra
184 4663 249 4700 aero
268 4651 394 4714 marginis
413 4659 485 4714 parte
502 4649 578 4700 iidem
598 4665 688 4701 stersus
706 4650 859 4716 tepidissimi
878 4651 913 4698 ita
932 4649 1019 4714 scripti
1039 4659 1112 4697 siant:

355 4717 417 4768 Fitiu
434 4733 491 4767 sum
510 4719 587 4778 solis,
606 4719 651 4768 sed
669 4733 727 4768 sum
745 4733 800 4766 curu
819 4717 874 4768 soie
892 4728 976 4766 creata

352 4785 415 4836 Sam
433 4787 633 4853 quinquaginta,
651 4801 708 4836 suar
727 4788 840 4850 quinque
857 4785 995 4847 decemque
1014 4795 1105 4834 auocata

353 4853 416 4904 Sum
434 4853 518 4904 decies
536 4857 661 4918 atriaque,
682 4869 738 4904 sarm
757 4855 892 4916 atriaque.)

125 4939 215 4982 buu.
229 4949 283 4984 ur.
297 4941 383 4982 Sam

73 3113 129 3164 pta
143 3097 170 3170 s.
196 3095 232 3157 2⁸
255 3101 449 3178 olpbobctnm
472 3100 656 3162 Hebraicam
677 3103 823 3176 excipere
844 3102 987 3160 diximus.
