3354 5580
302 324 366 388 210
707 325 943 378 conusurvn
962 305 1207 378 arusmnausi,

302 513 447 592 legere,
477 511 546 576 uolo
569 522 599 574 et
620 511 758 575 uolebam
782 512 861 582 herl;
896 515 1107 593 praeterito
1137 515 1305 592 perlecto
1328 523 1363 574 et
1386 511 1589 593 plusquam·

301 617 475 696 perlecto
498 614 652 694 legisse,
678 633 725 676 mo
741 613 821 675 nolui
837 614 902 676 heri
920 622 949 676 et
964 615 1116 676 nolueram
1133 624 1200 676 ante
1216 614 1324 676 multos
1340 633 1446 682 annos:
1471 617 1589 676 loturo

301 714 437 778 lectum
461 718 516 778 irc
540 717 598 777 ucl
621 715 804 778 lecturum
829 735 927 785 esse.
952 735 1032 778 anre
1047 714 1115 778 uolo
1131 717 1259 778 crastina
1282 715 1344 782 die.
1371 719 1403 776 ·i·
1420 717 1590 804 egotlegam.

212 816 838 898 oor‚oGerundiauelparticipialia
863 817 978 880 rrerba
1001 827 1086 880 sunt
1109 819 1208 880 haec.
1253 818 1331 878 Gero
1354 821 1385 878 ·i·
1404 826 1506 898 porto,
1530 817 1590 878 inde

300 920 483 998 gerundiuus
506 919 611 982 modus
633 920 771 981 dicituro
788 921 935 998 gerendo,
960 939 995 980 eo
1011 919 1089 999 quod
1111 919 1222 1000 aliquid
1247 927 1353 998 portat.
1398 921 1501 981 Portat
1521 922 1609 980 enimi

301 1021 357 1084 sub
380 1021 544 1084 litteratura
568 1023 657 1084 actiui
678 1023 830 1102 passiuum
854 1019 1001 1102 sensuml
1020 1018 1120 1102 12414'.
1156 1021 1228 1082 lnde
1250 1021 1273 1080 V
1280 1019 1447 1100 irgilius:

452 1140 630 1220 Frigidus
653 1142 687 1200 in
712 1142 831 1218 pratis
854 1139 1038 1200 cantando
1061 1142 1249 1220 rumpitur
1271 1143 1418 1218 anguis,

301 1258 464 1326 cantando,
497 1261 524 1320 ·i·
549 1258 618 1338 dum
648 1259 815 1318 incantatur
844 1257 1015 1338 abaliquo.
1060 1256 1156 1318 llalret
1179 1267 1208 1318 et
1230 1260 1361 1319 actiuum
1384 1276 1523 1328 sensum,
1551 1267 1591 1318 ut:

706 1359 896 1421 Cantando
920 1368 956 1420 tu
979 1358 1098 1428 illum,

302 1482 336 1522 a·
355 1465 503 1533 meruisti,
533 1465 562 1522 i·
587 1461 656 1522 dum
681 1467 825 1522 cantares.
871 1461 1000 1541 Typicus
1023 1461 1129 1522 modus
1151 1461 1268 1535 dicitur,
1295 1465 1324 1521 ·i·
1348 1463 1508 1540 figuratus,
1531 1463 1615 1542 quia¹¹

300 1568 426 1643 figurate
453 1573 551 1644 portat
579 1562 633 1624 sub
663 1562 826 1624 litteratura
856 1563 945 1624 actiui
972 1581 1092 1624 sensum
1119 1564 1281 1643 passiuum.
1305 1565 1383 1624 sicut
1405 1563 1519 1625 dictum
1543 1573 1591 1623 est

302 1665 446 1730 [licuntur
474 1673 503 1726 ci
532 1664 744 1744 participialia,
781 1667 809 1724 ·i·
840 1665 1002 1744 participiis
1035 1665 1142 1726 similia
1177 1664 1267 1727 ltrturl
1300 1667 1444 1744 temporis
1477 1667 1591 1746 passini.

300 1767 376 1840 Ouid
400 1785 472 1846 crgo
495 1767 584 1828 distat
605 1768 682 1826 inter
706 1767 860 1845 participia
884 1774 913 1826 ct
934 1764 1116 1844 gcrundlual
1159 1765 1222 1826 lloc
1245 1765 1348 1834 distat,
1371 1768 1455 1847 quia,
1480 1766 1592 1844 quaudo

299 1869 458 1948 gerundiui
487 1867 566 1929 modi
595 1876 680 1935 sunt,
710 1869 874 1946 irruguntur
902 1869 1018 1928 cunctis
1041 1865 1201 1946 generibus
1223 1877 1252 1929 et
1274 1869 1407 1928 numeris
1430 1877 1461 1929 et
1484 1877 1592 1947 tempo·

300 1969 392 2042 ribus,
416 1971 468 2032 sed
492 1968 618 2031 eundem
643 1987 743 2030 casum
767 1967 895 2038 trahunt,
919 1987 1007 2049 quem
1032 1977 1061 2029 et
1084 1967 1219 2038 uerbum,
1244 1986 1333 2046 aquo
1352 1979 1525 2038 nascuntur,
1549 1977 1590 2028 ut:
1604 1981 1621 2019 ιε

298 2076 397 2134 ‘causa
433 2067 549 2149 legendi
589 2069 697 2132 librum
731 2068 857 2139 laboro’,
894 2071 994 2132 ‘causa
1024 2070 1142 2148 legendi
1171 2071 1308 2150 paginam
1337 2069 1463 2139 laboro',
1498 2074 1591 2132 ‘causa

299 2174 417 2252 legendi
444 2173 546 2234 lolium
572 2172 699 2234 laboro’.
744 2171 821 2232 Ecce
844 2173 942 2232 omnia
965 2188 1091 2249 genera:
1121 2171 1258 2249 ‘legendo
1281 2172 1436 2249 Virgilium
1461 2175 1591 2252 paginam

300 2285 329 2337 et
360 2275 463 2337 lolium
492 2275 637 2354 prolicio',
667 2273 837 2352 ‘legendum
860 2273 1038 2334 Mattianum
1068 2281 1161 2334 artem
1190 2283 1220 2347 et,
1242 2272 1380 2334 uolumen
1405 2275 1518 2334 uenio’.
1561 2271 1593 2331 Et

298 2378 445 2456 siguificat
471 2379 694 2444 necessitatem,
724 2383 768 2434 ut:
797 2374 965 2452 ‘legendum
989 2383 1034 2436 cst
1057 2375 1130 2435 mihi
1154 2373 1207 2435 tibi
1229 2374 1272 2436 illi
1297 2373 1385 2436 nobis
1408 2374 1494 2436 uobis
1517 2374 1592 2434 illis‘.

299 2477 423 2550 Quando
446 2497 517 2539 uero
540 2479 698 2557 participia
720 2484 798 2544 sunt.
824 2494 889 2537 cum
913 2479 974 2538 suis
997 2475 1158 2554 gerrerlbus
1181 2478 1312 2536 numeris
1335 2475 1454 2536 casibus
1470 2480 1621 2553 lungun-u

273 2586 360 2647 ¹tur,
385 2587 430 2640 ut:
458 2579 557 2640 ‘causa
581 2577 697 2656 legendi
720 2576 790 2637 libri
815 2579 910 2637 uani':
941 2597 1011 2638 ecce
1034 2579 1198 2656 genitiuum
1222 2579 1460 2667 oumlgeotriuo,
1483 2594 1592 2639 mascu-

298 2682 391 2743 linum
414 2699 481 2742 cum
505 2679 675 2749 masculino,
699 2677 878 2757 singularem
903 2697 970 2741 cum
993 2679 1144 2758 singulari.
1182 2677 1286 2741 ‘Causa
1303 2677 1447 2756 legendae
1463 2681 1590 2758 paginae.

299 2783 416 2862 legendi
443 2783 505 2844 lolii
534 2785 627 2852 neor,
662 2779 799 2856 ‘legendo
828 2781 904 2842 libro
932 2783 1057 2848 insisto'.
1093 2781 1248 2859 ‘legendae
1276 2783 1423 2860 paginae’,
1459 2778 1592 2859 ‘legendo

298 2883 392 2954 iolio’.
422 2885 470 2946 ‘ad
499 2884 656 2963 legendum
682 2881 860 2962 virgilium,
889 2884 1055 2961 ‘legendam
1084 2884 1222 2963 pagiuam
1250 2891 1280 2942 et
1309 2881 1467 2960 legendum
1495 2880 1590 2943 lolium

299 2989 390 3048 ucoi'.
435 2987 658 3048 Priscianus
680 3003 754 3046 uero
776 2985 849 3046 lraec
873 2985 964 3047 ucrba
987 2985 1150 3063 gerundiua
1174 2985 1247 3045 dixit
1270 3001 1334 3044 csso
1357 2987 1493 3055 nomina.
1518 2981 1621 3061 quoda

299 3098 464 3166 separatam
500 3088 750 3167 praepositionem
784 3089 946 3168 recipiunt,
981 3096 1013 3147 ut
1044 3087 1085 3146 ‘ln
1119 3085 1335 3146 conuertendo'
1370 3087 1412 3146 ‘in
1447 3084 1591 3164 legando’.

300 3190 427 3251 Verbum
453 3192 533 3250 enim
557 3207 615 3249 non
639 3189 758 3266 recipit,
785 3191 841 3250 nisi
863 3207 918 3268 per
941 3189 1199 3266 compositionum.
1245 3188 1307 3248 lino
1330 3186 1463 3248 membra
1487 3205 1591 3266 gerun-

300 3291 364 3351 diui
387 3291 465 3351 modi
496 3291 592 3351 adhuc
615 3299 837 3360 remanserunt,
861 3290 969 3352 lectum
996 3289 1090 3361 lectu,
1114 3297 1143 3350 et
1165 3289 1262 3350 locum
1286 3290 1462 3367 significant.
1509 3284 1591 3350 Verlri

298 3394 408 3468 gratia:
438 3393 509 3470 ‘quo
533 3391 668 3471 pergisi'
697 3391 840 3466 ‘lectum',
874 3393 904 3452 ·i·
935 3392 971 3452 ad
1000 3391 1172 3462 lectionem„
1213 3390 1306 3450 ‘Vnde
1331 3391 1460 3452 nenisi’'
1483 3390 1589 3454 ‘lectul

301 3494 329 3551 -i-
353 3492 389 3552 ‹le
413 3491 551 3554 lectione.
588 3493 713 3554 Ponitur
736 3501 765 3553 et
787 3511 841 3573 pro
864 3495 926 3571 ipsa
943 3512 990 3562 re,
1016 3495 1045 3553 ·i·
1071 3511 1126 3571 pro
1147 3495 1211 3571 ipsa
1234 3493 1357 3563 uisione,
1381 3489 1486 3574 sicuti}
1506 3488 1563 3554 125
1579 3490 1621 3568 ipso

299 3593 495 3655 ‘atlnriraltilis
517 3596 595 3654 uisu’
620 3613 674 3674 pro
698 3594 822 3654 cisione.
849 3629 886 3639 -
911 3595 1005 3656 Omne
1028 3595 1218 3674 participium
1241 3610 1381 3673 praesens
1396 3597 1490 3656 trium
1506 3611 1591 3672 gene·

250 3728 255 3737 ·
299 3713 364 3754 rum
390 3704 433 3755 est
456 3705 485 3756 et
507 3697 536 3756 in
559 3695 632 3757 duas
654 3704 852 3756 consonantes
875 3695 992 3764 desinit,
1017 3699 1047 3755 ·i·
1072 3699 1101 3756 in
1126 3714 1169 3756 us.
1215 3695 1334 3775 Reliqua
1352 3713 1425 3755 uero
1441 3695 1590 3774 participia

197 3808 244 3855 ³⁶1.
261 3807 285 3846 ¹³
301 3793 419 3856 mobilia
448 3805 530 3866 sunt,
559 3799 589 3856 in
617 3815 652 3858 us
679 3797 709 3856 in
739 3815 754 3856 a
784 3797 814 3857 in
841 3815 899 3857 um.
923 3833 964 3843 -
989 3797 1115 3876 Legor,
1140 3815 1194 3874 ego
1217 3797 1253 3856 alr
1276 3797 1389 3876 aliquo,
1413 3805 1443 3857 ct
1471 3797 1589 3875 reliqua.

302 3897 427 3958 Vlterior
455 3897 560 3959 modus
588 3897 712 3966 dicitur,
742 3917 777 3960 co
805 3899 883 3979 quod
907 3899 971 3978 plns
999 3901 1074 3960 ultra
1098 3899 1291 3978 praeteritum
1314 3897 1480 3976 perlectum
1504 3895 1590 3974 signi·

299 3999 374 4060 ficut.
427 3997 500 4060 Nam
529 4001 721 4079 praeteritum
751 4001 916 4080 perlectum
945 4019 1003 4061 non
1032 4019 1067 4062 ex
1096 4009 1157 4061 toto
1186 4010 1232 4061 est
1259 4000 1468 4078 praeteritum:
1505 3997 1619 4059 habeta

299 4103 376 4162 errim
401 4102 493 4161 ‘sum'
516 4103 681 4179 praesentis
704 4104 857 4181 temporis.
901 4103 1028 4164 Vlterior
1049 4121 1122 4163 uero
1145 4101 1250 4162 modus
1271 4103 1329 4162 iam
1353 4101 1411 4163 duo
1434 4101 1588 4180 praeterita

298 4201 401 4274 hahet,
431 4209 464 4263 nt
492 4202 587 4262 lectus
615 4204 665 4263 lui.
711 4203 870 4264 Sciendum
898 4211 956 4275 cst,
987 4207 1053 4282 quia
1077 4207 1175 4265 omnia
1202 4201 1292 4265 uerba
1315 4206 1345 4264 iu
1369 4223 1404 4264 or
1426 4203 1587 4264 desinentia

298 4305 328 4364 ln
352 4305 511 4384 praeterito
535 4293 684 4375 deliciunt,
713 4304 764 4366 scd
788 4306 936 4386 accipiunt
958 4303 1197 4385 supplementum
1221 4323 1235 4364 a
1259 4305 1416 4385 participio
1439 4302 1588 4382 praeteriti

366 4595 382 4642 6
402 4591 538 4660 Virgilius]
560 4595 615 4645 Eri.
639 4593 715 4644 VIII
735 4596 766 4643 7!
835 4591 1014 4659 PCuntunclo]
1038 4593 1186 4660 Verpstcl.
1204 4594 1255 4645 III
1273 4597 1307 4644 25
1377 4595 1408 4645 18
1426 4585 1584 4655 Mattianum]

299 4659 427 4724 Capellam
444 4663 549 4716 seilicet.
618 4663 651 4713 22
669 4662 807 4728 singularis
876 4659 1086 4727 doposcimus]
1106 4664 1140 4726 cs.
1159 4663 1176 4712 I
1191 4680 1218 4727 p.
1238 4665 1300 4725 413,
1319 4664 1351 4712 16
1370 4663 1405 4712 Η.
1476 4664 1510 4714 34
1527 4663 1584 4712 For·

297 4728 555 4846 fflnfflmm:
582 4745 612 4782 eo
631 4731 697 4794 quod
720 4729 784 4780 ultra
802 4729 868 4782 idest
885 4731 944 4796 plus
963 4745 1039 4794 quom
1059 4732 1221 4796 praeteritum
1240 4729 1379 4797 perlectum
1397 4729 1526 4798 significat
