3352 5556
599 389 855 451 BERNENSIBVS.
1289 408 1372 462 CLXI

91 591 256 671 praefiscine
280 587 352 674 (13),
377 591 490 670 placate
513 587 582 670 (16),
606 611 715 672 perege
732 589 803 671 (18),
828 593 945 670 peregri
969 587 1040 670 (21),
1065 607 1155 670 porro
1178 609 1232 670 pro
1255 591 1372 671 longius

14 733 15 744 ι
90 696 122 773 (p.
143 691 215 764 213,
238 692 269 755 3.
291 693 333 774 5),
356 711 448 774 porro
469 712 525 773 pro
548 695 577 754 in
601 695 732 756 luturum
756 691 806 772 (7),
832 694 978 773 paulenter
1002 690 1073 774 (13),
1097 712 1225 775 propere
1247 696 1373 774 produci

14 851 16 890 ,
89 813 167 874 debet
197 823 229 874 ut
256 812 373 874 abunde
402 813 526 874 honeste
549 809 624 892 (20),
653 813 819 893 perplexim
843 809 920 894 (26).
949 789 1144 892 pedeteul'tim
1168 815 1207 895 (p.
1230 811 1308 882 214,
1332 811 1372 892 8),

14 911 15 938 ¹
89 917 163 992 piger
185 917 271 994 pigre
295 911 366 994 (12),
391 913 498 995 paxillo
514 917 595 994 prius
612 911 682 994 (15),
706 919 819 995 pariter
838 933 892 992 pro
907 919 1019 996 pariter
1042 913 1113 994 (17),
1137 919 1284 997 posterius
1301 913 1374 995 (22),

14 1011 15 1104 J
89 1035 155 1094 pune
180 1013 253 1094 (28),
277 1016 416 1096 perditim
441 1015 479 1094 (p.
502 1013 574 1086 215,
601 1017 639 1098 l).
663 1017 750 1097 paulo
773 1019 857 1097 prius
880 1037 935 1097 pro
957 1017 1045 1097 paulo
1061 1027 1129 1078 aute
1153 1015 1191 1096 (3.
1214 1016 1256 1098 4),
1281 1037 1374 1099 prope

89 1117 131 1196 (l),
152 1121 292 1198 proximo
316 1117 370 1199 (9),
400 1118 504 1198 procul
528 1117 583 1198 (5),
613 1119 736 1199 perinde
761 1117 837 1200 (15),
867 1119 1015 1200 principio
1040 1117 1115 1198 (17),
1146 1107 1242 1199 primo
1263 1119 1373 1201 pedatu

14 1289 15 1302 χ
90 1219 151 1298 do),
175 1221 301 1302 pedibus
323 1220 536 1283 aduerbialiter
558 1217 629 1300 (24),
654 1223 807 1304 quippiam
831 1219 904 1301 (26),
927 1239 1104 1302 quamquam
1129 1218 1200 1301 (27),
1223 1240 1281 1302 quo
1304 1239 1374 1300 pro·

14 1311 15 1316 ¹
88 1322 127 1382 cul
150 1323 190 1401 (p.
213 1319 292 1396 216,
317 1322 361 1401 1),
391 1323 461 1401 quid
490 1325 601 1401 poteris
630 1342 684 1402 pro
711 1327 742 1385 iu
771 1333 913 1403 quantum
942 1327 1055 1403 poteris
1078 1322 1132 1404 (7),
1162 1332 1272 1403 quanto
1303 1323 1374 1406 (11)),

14 1409 15 1424 ’
88 1444 165 1501 quam
203 1427 328 1486 maxime
363 1421 441 1504 (19),
476 1443 581 1486 recens
611 1422 686 1503 (28),
727 1444 831 1487 rursus
862 1423 938 1507 (31),
978 1428 1134 1507 repentino
1163 1445 1218 1506 pro
1251 1435 1376 1507 repente

88 1533 120 1604 (p.
134 1524 209 1598 217,
231 1525 273 1606 3),
296 1545 365 1588 rare
386 1545 440 1607 pro
454 1545 524 1587 raro
548 1523 596 1602 (8),
621 1529 772 1588 rarissime
795 1525 866 1606 (11),
891 1537 1026 1590 rarenter
1050 1525 1122 1608 (14),
1146 1547 1215 1609 sepe
1231 1547 1285 1608 per
1301 1539 1374 1590 tem·

87 1649 136 1708 pus
165 1639 251 1690 reete
268 1629 404 1690 dicimus
427 1628 587 1709 aliquocies
609 1637 707 1690 autent
730 1649 849 1710 semper
873 1627 949 1710 (18),
978 1631 1079 1710 sepius
1103 1627 1179 1708 (22),
1208 1633 1278 1692 satis
1299 1633 1375 1692 auoi-

87 1733 158 1810 pitur
181 1749 264 1792 nunc
287 1750 342 1812 pro
365 1733 445 1811 pari,
475 1733 531 1791 iter
554 1733 625 1792 satis
652 1749 708 1810 pro
736 1751 772 1793 eu
801 1751 858 1812 quo
888 1750 941 1810 pro
969 1735 1083 1794 intente
1107 1729 1165 1812 (25.
1188 1752 1217 1813 p.
1238 1729 1309 1801 218,
1335 1732 1373 1811 1),

14 1903 15 1906 ¹
87 1834 266 1896 stomachese
289 1831 346 1918 (6),
369 1852 439 1894 sane
463 1851 517 1914 pro
540 1833 625 1893 ualde
649 1829 705 1912 (8),
735 1836 852 1895 sincere
875 1834 952 1914 (11),
976 1835 1158 1913 sempiterno
1180 1832 1257 1912 (15),
1287 1835 1374 1895 sorde

87 1934 151 2015 (17),
175 1938 222 1998 sie
243 1955 299 2016 per
320 1936 360 1996 ita
384 1932 454 2014 (20),
479 1937 636 1996 semitatim
661 1932 733 2015 (24),
756 1938 917 1997 sumitatim
942 1933 1020 2016 (26),
1044 1935 1212 1998 salutariter
1235 1933 1305 2018 (28),
1328 1955 1376 1996 sa·

87 2036 216 2108 lotarius,
245 2035 329 2117 siqua
357 2055 412 2116 pro
442 2037 526 2116 siquo
555 2032 633 2114 (29),
668 2037 771 2098 sedulo
795 2040 833 2117 (p.
858 2034 935 2113 219,
958 2036 1004 2117 5),
1033 2038 1169 2102 sedulum
1194 2033 1234 2118 (9)
1264 2041 1376 2099 serius

87 2143 225 2220 temporis
248 2136 326 2220 (12),
355 2149 496 2219 strennue
527 2135 605 2216 (16),
634 2155 768 2200 seorsum
792 2137 869 2219 (19),
899 2158 1019 2202 seorsus
1047 2137 1123 2221 (20),
1152 2139 1294 2218 singulari
1322 2158 1375 2220 per

14 2279 15 2286 ι
86 2233 274 2322 singulariter
298 2237 368 2322 (24),
392 2243 526 2322 stirpitus
549 2235 619 2317 (25),
642 2248 748 2320 sponte
773 2239 813 2320 (p.
836 2238 908 2310 220,
934 2241 973 2322 1),
997 2243 1087 2303 setius
1110 2240 1161 2319 (4),
1185 2243 1307 2321 sequius
1323 2240 1373 2322 (7),

14 2327 15 2408 T
85 2345 176 2404 statim
200 2341 253 2424 (9),
276 2341 401 2404 subinde
424 2340 494 2419 (12),
521 2339 527 2424 )
551 2343 569 2402 i.
594 2337 656 2402 261
680 2342 686 2424 )
709 2361 796 2404 secus
818 2362 872 2423 pro
895 2342 981 2405 aliter
1005 2341 1081 2425 (19),
1112 2363 1197 2406 screo
1226 2362 1280 2424 pro
1303 2361 1375 2404 uero

87 2447 170 2521 (curn
196 2465 269 2507 uere
290 2441 359 2524 24),
388 2453 502 2507 saracte
529 2463 584 2524 pro
608 2447 723 2522 integre
746 2440 822 2523 (27),
852 2454 966 2508 secreta
996 2465 1051 2526 pro
1079 2444 1140 2507 sola
1170 2449 1208 2526 (p.
1231 2442 1308 2516 221,
1332 2443 1374 2522 3),

86 2550 183 2610 tuatim
208 2545 261 2628 (6),
290 2556 367 2609 tetre
389 2543 446 2622 (8),
476 2549 591 2608 traotirn
617 2541 672 2628 (9),
702 2557 814 2608 temere
837 2546 913 2627 (ll),
942 2550 1071 2609 testatim
1095 2545 1170 2628 (16),
1200 2549 1375 2628 tempestiue

86 2647 150 2726 (18),
175 2652 267 2711 tertio
291 2645 426 2730 ((1222,
452 2645 496 2728 1),
525 2657 587 2710 tuto
612 2646 667 2727 (4),
695 2646 871 2712 tollerentur
894 2646 944 2728 (8),
971 2659 1084 2712 temere
1107 2667 1162 2731 pro
1184 2648 1376 2728 neglegenter

85 2749 150 2831 (12),
175 2753 301 2813 tertium
324 2748 400 2828 (14),
429 2749 562 2812 timidius
583 2748 660 2827 (16),
689 2751 869 2813 tumultuose
899 2749 977 2829 (19),
1006 2751 1188 2814 ualidissime
1212 2747 1290 2832 (21),
1319 2768 1376 2812 uua

84 2853 176 2915 locum
202 2853 292 2915 simul
315 2854 448 2931 spacium
472 2853 607 2932 designat
629 2849 707 2935 (24),
731 2857 830 2916 uniter
854 2850 930 2936 (26),
959 2863 990 2916 ιιι
1013 2872 1066 2932 pro
1090 2856 1201 2915 utinam
1226 2850 1303 2935 (28),
1329 2871 1375 2914 us·

84 2975 259 3036 quequaque
280 2957 365 3036 quasi
388 2955 499 3016 diceret
526 2954 614 3034 longe
643 2954 759 3037 lateque
783 2953 860 3036 (31),
890 2957 1000 3034 unique
1027 2955 1066 3036 (p.
1090 2952 1167 3024 223,
1191 2947 1237 3037 3),
1269 2957 1376 3016 uicinie

88 3058 150 3136 11),
175 3069 265 3120 utero
285 3058 386 3137 proin
407 3067 524 3118 uterum
548 3053 619 3138 (14),
643 3059 795 3119 nnioiatim
819 3055 890 3139 (16),
914 3060 1032 3138 uespen'
1056 3053 1129 3138 (19),
1154 3075 1277 3136 uespera
1301 3054 1374 3135 (26).

84 3160 180 3221 utrubi
212 3155 293 3240 (29),
322 3168 354 3220 ut
380 3177 468 3238 quam
496 3160 630 3236 proxime
659 3156 737 3238 (31),
765 3161 894 3222 uicissim
927 3161 935 3238 (
943 3179 970 3240 p.
994 3155 1073 3228 224,
1096 3157 1144 3245 5),
1171 3161 1293 3221 uitiosus
1323 3155 1375 3242 (8),

84 3265 223 3325 uniuersa
247 3257 324 3341 (13),
352 3260 455 3323 utiude
481 3260 512 3321 id
540 3278 595 3340 pro
617 3261 749 3341 undique
772 3263 823 3344 (=
846 3262 962 3323 utrinde
985 3261 1061 3323 idest
1081 3281 1137 3342 pro
1161 3262 1290 3342 undique
1314 3258 1375 3341 14),

14 3371 15 3376 ’
85 3363 157 3424 unde
181 3363 292 3442 ideque
315 3360 386 3442 (17),
412 3363 656 3424 uicimentissime
680 3360 751 3442 (19).

161 3467 268 3528 Porro
293 3467 381 3526 initio
408 3472 571 3540 tractatur,
601 3469 655 3542 qui
680 3473 724 3526 est
752 3467 790 3526 de
811 3468 973 3542 uduerdio,
1000 3467 1029 3541 f.
1056 3463 1128 3526 23⁶⁶
1149 3469 1231 3528 nullo
1258 3469 1378 3528 nomine

84 3569 184 3630 audito
207 3567 311 3640 habes,
335 3585 413 3643 quoe
434 3568 519 3644 apud
540 3567 709 3628 Olumsium
728 3585 761 3644 p.
787 3574 850 3644 190,
868 3575 968 3628 8-13
988 3577 1111 3630 extant:
1133 3568 1314 3630 Aduerbium
1331 3574 1376 3628 est

84 3687 147 3746 pars
176 3671 325 3732 orationis
350 3703 394 3715 -
419 3663 482 3747 τὴν
510 3660 688 3748 ἀναφορὰν
716 3667 803 3749 ἔχον.
853 3669 1035 3732 Aduerbium
1065 3670 1177 3732 dictum
1206 3679 1266 3748 est,
1296 3668 1376 3750 quod

87 3770 173 3832 uerbo
198 3769 343 3831 coherent
364 3789 421 3830 uec
442 3787 509 3831 cum
532 3769 624 3832 altera
646 3777 731 3850 parte
753 3772 896 3833 orationis
925 3772 1021 3850 potius
1049 3775 1190 3852 iungatur
1221 3775 1281 3833 lanc
1302 3775 1376 3833 scri-

84 3883 192 3947 pturae
224 3875 391 3934 nauatae:
426 3868 466 3932 10
493 3871 589 3952 adque
656 3869 694 3933 12
722 3877 892 3946 entem-(x
923 3877 963 3932 ε(
983 3879 1013 3926 ÷
1032 3877 1089 3932 rur
1117 3879 1252 3948 )-(uroc
1284 3877 1378 3933 xorr

85 3981 238 4036 ututtott
269 3979 328 4035 ΝΠΙ
356 3979 404 4034 ΤΟ
432 3979 544 4047 ΡΗ)·(Λ
570 3979 642 4035 ΤΗΝ
671 3978 837 4035 apposuit
865 3977 967 4032 ΕΧΟΝ.

161 4081 224 4140 His
247 4079 360 4138 audam
387 4080 484 4140 locum
500 4079 717 4155 praeclarum,
748 4079 802 4152 qui
817 4076 847 4150 s.
873 4072 926 4135 23b
947 4085 1018 4153 post
1045 4077 1176 4153 Vergilii
1201 4081 1376 4154 excerptum

86 4181 191 4254 legitur
214 4181 258 4240 de
278 4180 423 4242 adueroio
444 4181 527 4241 nollo
549 4182 655 4241 addito
676 4182 796 4241 nomine
815 4206 857 4228 =
872 4195 908 4256 p.
935 4185 1001 4252 186,
1027 4185 1045 4237 3
1066 4181 1113 4240 K:

162 4299 240 4361 llihi
264 4297 402 4359 uidentur
424 4316 535 4369 errare,
559 4300 609 4378 qui
632 4306 810 4378 putauerunt
831 4295 972 4360 aduerbia
995 4297 1191 4376 apartiuipiis
1214 4304 1244 4356 et
1265 4315 1281 4357 a
1304 4314 1374 4375 pro-

89 4401 258 4463 nominibus
285 4409 315 4462 et
342 4419 357 4461 a
386 4399 490 4462 uerbis
516 4399 653 4479 ligurari,
684 4411 715 4463 ut
741 4398 778 4461 ab
808 4417 856 4470 eo,
881 4397 961 4477 quod
984 4407 1028 4458 est
1049 4399 1177 4478 sapiens,
1201 4400 1388 4478 ‘sapienter'

89 4501 196 4564 dicatur
221 4521 280 4564 nec
303 4520 362 4562 nou
384 4521 401 4563 a
423 4502 661 4583 pronominibus,
685 4511 718 4564 ut
740 4503 858 4563 meatim
881 4501 995 4570 tuatim,
1019 4500 1146 4579 denique
1169 4501 1206 4562 ab
1229 4520 1274 4572 eo,
1298 4499 1377 4579 quod

70 4607 128 4666 *εει
148 4623 252 4675 curro,
276 4605 399 4676 cursim,
421 4623 521 4685 pungo
543 4607 688 4686 punctim.
728 4603 799 4666 lllihi
822 4605 961 4666 uidentur
977 4621 1087 4664 errare.
1127 4602 1199 4664 Nam
1223 4603 1377 4683 participia

150 4840 378 4878 exstruxeramus.
449 4828 461 4875 l
481 4827 604 4877 aduerbiu
623 4841 638 4876 a
657 4821 810 4892 participiis]
831 4826 870 4890 Os.
890 4825 990 4876 Charis.
1006 4843 1033 4892 p.
1054 4829 1111 4891 185,
1131 4829 1166 4877 37
1184 4851 1216 4861 -
1233 4841 1260 4890 p.
1281 4827 1343 4888 186,
1363 4827 1379 4873 2

90 4894 180 4945 illam
199 4896 337 4962 partieipia
356 4903 451 4943 rentum
470 4892 543 4962 suut]
563 4895 603 4959 Os.
619 4912 646 4962 p.
667 4896 724 4960 186,
743 4899 776 4945 12
1270 4923 1273 4932 .

133 5004 232 5044 um
247 5003 299 5036 aar.
314 4995 398 5038 surra.
1168 4977 1181 5036 l
