3308 5542
276 415 387 465 XXXVI
682 404 732 454 Du
751 403 871 457 LIBRIS
891 403 1154 460 BERNENSIBVS.

276 596 384 670 quidam
408 611 430 651 c.
476 595 511 651 lla
533 595 632 652 burrnn
656 596 786 671 erernpla.
832 595 929 652 Poema
952 595 1037 652 sedile
1052 594 1132 668 (ille)
1148 595 1213 653 Cato
1237 595 1278 651 sol
1302 596 1380 652 Titan
1403 603 1480 668 pater
1502 596 1576 670 ignis

271 697 320 736 rex
342 687 424 754 caput
447 679 488 736 lae
510 678 586 736 allec.
630 680 702 750 Quot
726 680 881 736 terminales
905 680 1024 754 syllabae
1048 681 1128 736 tetrius
1150 678 1341 736 declinationis
1363 681 1445 736 suut?
1489 679 1575 748 Quam

274 765 437 822 breuissime
465 765 687 840 conprehendere
715 782 877 839 pessumus:
907 781 976 839 qnae
999 765 1025 821 in
1048 764 1158 822 uocales
1180 775 1209 822 et
1230 765 1368 840 simplices
1391 772 1577 822 consonantes

273 850 416 921 desinunt,
448 849 504 906 lere
533 849 643 907 lllil'lll.
690 851 807 926 bispene
835 867 880 906 eas
904 845 1069 926 (disponens)
1097 851 1124 906 in
1156 850 1294 922 ordinem,
1322 868 1377 925 quo
1407 850 1513 906 lucilius
1541 849 1578 904 ad

272 951 365 991 earum
387 935 512 992 notitiam
535 935 677 992 ueniamus
700 933 791 1007 (eiam
815 933 1006 1006 inueniamus).
1057 937 1077 989 Α
1101 935 1125 990 al
1149 952 1182 990 aa
1206 952 1237 990 ar
1259 953 1287 992 as
1311 951 1360 1006 aa,
1391 949 1406 990 e
1428 935 1451 991 el
1476 951 1508 992 en
1531 933 1578 1005 (ae

270 1020 412 1094 ebenler
434 1035 463 1076 es
486 1035 536 1091 ex,
559 1019 577 1076 il
601 1023 627 1077 in
652 1021 674 1076 is
698 1022 740 1092 ir,
763 1038 780 1076 e
802 1019 829 1076 ol
852 1037 888 1076 on
911 1038 944 1076 or
966 1037 1010 1092 ox,
1032 1018 1060 1076 ul
1083 1037 1117 1077 ur
1139 1037 1170 1076 us
1194 1017 1363 1096 uis(yis]ut
1385 1036 1430 1076 nx.
1474 1019 1578 1076 llarurn

272 1107 494 1162 terminationem
524 1105 646 1180 exempla
679 1121 732 1162 nos
759 1105 835 1162 doce.
879 1104 981 1161 Crisma
1011 1104 1050 1162 sal
1079 1106 1156 1161 Titan
1185 1105 1282 1160 Caesar
1311 1106 1398 1179 pietas
1426 1123 1476 1179 paa
1499 1120 1578 1160 mare

272 1191 325 1248 mel
348 1207 455 1248 carmen
477 1199 564 1246 mater
587 1199 659 1247 teres
683 1206 728 1246 rer
751 1190 818 1263 uigil
840 1189 922 1247 delfin
952 1193 1027 1246 oanis
1050 1190 1111 1246 Eria
1135 1189 1208 1246 blare
1231 1191 1273 1247 sol
1296 1189 1378 1247 Orion
1403 1190 1500 1247 doctor
1523 1189 1579 1245 llos

271 1275 347 1333 ierox
370 1274 467 1333 consul
491 1275 534 1332 iur
557 1275 646 1332 Venus
669 1277 782 1351 sanguis
805 1283 887 1350 eaput
910 1274 971 1332 rlux.

360 1439 373 1524 Η
397 1445 415 1502 l.
431 1437 494 1504 aab
517 1439 530 1521 Η
560 1446 695 1503 llactenus
724 1445 757 1502 rie
785 1447 929 1520 personis,
958 1461 1031 1502 nuuc
1057 1445 1090 1502 de
1119 1446 1247 1502 extremis
1275 1445 1388 1521 syllabis
1417 1443 1580 1502 uerborum.

274 1531 339 1588 bum
362 1538 471 1587 constat
493 1531 583 1588 omnia
606 1530 704 1602 uerba,
734 1547 804 1604 quae
832 1529 980 1586 secundum
1003 1529 1154 1604 analogiam
1177 1529 1365 1602 declinantur,
1388 1531 1415 1585 in
1439 1545 1455 1584 o
1478 1528 1523 1584 uel
1547 1528 1579 1583 in

275 1633 309 1671 or
330 1615 469 1685 desinere,
498 1623 567 1690 quot
595 1615 704 1674 uocales
733 1614 777 1672 uel
800 1623 983 1672 consonantes
1006 1615 1134 1690 qnoque?
1162 1615 1217 1672 lllll
1239 1613 1304 1688 (lili)
1329 1613 1540 1688 bcdgblm
1559 1630 1580 1668 n

272 1710 418 1776 prstx.
464 1700 498 1756 ba
526 1700 624 1758 trorum
652 1699 724 1773 (bor)
747 1700 876 1775 exempla.
921 1699 1008 1756 Sedeo
1031 1699 1104 1758 lanio
1128 1697 1220 1774 (lamo)
1248 1717 1299 1757 ruo
1324 1700 1387 1757 bibo
1410 1715 1480 1756 uoce
1502 1697 1580 1754 uado

274 1785 331 1860 ligo
362 1786 440 1842 trabe
469 1784 582 1859 impello
611 1803 672 1844 amo
707 1802 775 1843 cano
809 1785 905 1860 sculpo
935 1801 1016 1842 curro
1048 1785 1121 1842 lasso
1148 1795 1213 1860 peto
1243 1794 1314 1842 tero.
1366 1784 1413 1842 llis
1440 1783 1582 1840 aecedurm

273 1901 382 1977 (acciti-l
398 1905 406 1960 i
422 1911 450 1960 et
465 1920 482 1959 u
497 1921 549 1978 pro
564 1904 796 1977 consonantibus,
819 1910 850 1961 ut
872 1898 952 1960 audio
976 1904 1058 1962 uoluo
1083 1877 1214 1979 (auditlo).
1257 1904 1326 1973 Quid
1350 1901 1429 1960 nobis
1451 1909 1582 1976 praestat

273 1990 322 2046 bas
338 1989 546 2046 terminationes
561 1988 615 2061 (e)
637 1989 822 2064 cognoscere?
849 1986 915 2056 Quia
939 1990 1073 2063 quidam
1096 1990 1225 2047 artium
1247 1983 1478 2062 scriptores*)
1501 1985 1582 2042 sieut
1643 1987 1644 1992 ’

273 2075 412 2132 nominum
430 2070 644 2148 (pronominum)
660 2074 857 2132 declinationes
872 2091 922 2148 per
946 2075 1153 2132 terminationes
1176 2073 1394 2147 (terminationes
1415 2071 1583 2129 declinatio-

272 2177 338 2230 nes,
361 2176 415 2216 om.
439 2155 498 2232 per)
529 2173 697 2232 cognoscere
726 2159 892 2228 uoluerunt,
924 2159 961 2215 ita
985 2159 1131 2216 uerborum
1156 2160 1364 2233 coniugationes
1387 2175 1438 2232 per
1459 2158 1507 2213 bas
1531 2173 1584 2212 ex-

274 2245 424 2301 tremitates
445 2243 622 2318 ambiguitate
648 2245 754 2302 seclusa
777 2244 961 2316 tradiderunt,
985 2245 1058 2320 quod
1081 2262 1167 2319 opus,
1192 2245 1254 2319 quia
1276 2243 1410 2318 prolixum
1434 2241 1585 2299 exstiterat

273 2328 426 2402 (ensterat),
449 2345 499 2386 nos
522 2329 548 2386 in
572 2329 639 2387 aliut
662 2339 770 2405 tempus
793 2329 980 2404 exponendum
1004 2332 1217 2387 reseruauimus.

278 2545 282 2552 ·
359 2509 372 2594 Η
391 2517 409 2572 i.
426 2509 517 2594 219⁵}l
548 2516 622 2574 lleus
644 2525 672 2574 et
693 2518 747 2573 beu
770 2534 840 2592 quae
863 2524 955 2591 partes
978 2525 1043 2574 sunt
1066 2517 1216 2574 orationis?
1261 2515 1360 2572 llolti
1384 2509 1472 2590 (muti)
1495 2523 1583 2589 puta-

274 2609 389 2672 uerunt,
418 2601 491 2676 quod
513 2609 607 2658 essent
630 2601 717 2676 (quad
739 2599 848 2675 dessen)
872 2605 1085 2659 interiectiones.
1130 2602 1183 2659 Cur
1205 2602 1257 2658 boc
1278 2599 1465 2677 putauerunt?
1501 2598 1584 2667 Quo·

274 2689 345 2744 niam
370 2685 524 2743 huiusmodi
548 2703 631 2743 uoces
654 2703 709 2742 nou
732 2689 824 2744 statim
847 2687 972 2760 sequitur
994 2686 1117 2744 uerbum.
1163 2686 1231 2754 Quid
1254 2702 1322 2761 ergo
1346 2686 1446 2742 erunt?
1475 2685 1584 2741 liubiae

273 2772 377 2830 seilicet
400 2779 466 2845 aput
488 2771 599 2828 Latinos
622 2773 693 2828 inter
715 2779 846 2845 utrasque
870 2780 977 2846 partes,
1001 2789 1054 2828 non
1077 2779 1143 2846 epm
1159 2771 1287 2843 Graecos,
1303 2776 1371 2843 quio
1388 2771 1469 2844 apud
1483 2767 1582 2824 Grue-

272 2873 321 2914 cos
343 2855 420 2930 (om.)
449 2857 654 2914 interiectiones
677 2859 749 2914 inter
771 2856 900 2914 atlnerbia
922 2873 976 2914 aon
999 2867 1187 2914 numerantur.
1232 2854 1375 2923 Quomodo
1403 2854 1584 2927 intellegitur

273 2942 340 2999 illud
373 2941 494 2998 bonati
529 2943 561 2998 in
595 2944 703 3016 prima
740 2943 899 2998 editione
921 2941 1020 3014 (aed-):
1054 2942 1182 2998 deintus
1205 2949 1295 2998 autem
1319 2949 1346 2996 et
1368 2942 1401 2996 de
1425 2940 1494 2997 ieris
1518 2956 1582 2996 non

273 3029 386 3100 dieitur,
419 3026 556 3102 quomode
585 3027 617 3082 ad
646 3027 720 3084 ieras
743 3035 771 3083 et
794 3029 820 3082 in
851 3026 924 3082 toras
947 3025 997 3099 (cf.
1020 3043 1049 3098 p.
1074 3031 1145 3092 303,
1172 3031 1207 3081 10
1228 3025 1296 3098 K.)l
1339 3023 1471 3092 Quoniam
1494 3043 1583 3099 prae-

272 3113 424 3188 positiones
447 3111 582 3173 aduerbiis
606 3107 683 3188 (bis)
713 3113 857 3185 separatim
886 3127 1054 3185 praeponere
1084 3129 1138 3168 non
1167 3110 1266 3168 debere
1295 3119 1481 3186 cognouerat,
1511 3109 1583 3165 ideo

272 3199 344 3255 sicut
367 3197 399 3254 ad
423 3196 497 3252 iores
520 3205 548 3252 et
570 3196 598 3252 in
621 3195 695 3253 iuras
719 3197 778 3253 iure
800 3213 855 3253 non
878 3195 988 3268 dicitnr,
1011 3199 1051 3253 sic
1067 3213 1100 3252 ne
1116 3196 1148 3252 de
1163 3197 1238 3252 intns
1260 3204 1307 3253 aut
1330 3197 1363 3252 de
1386 3196 1454 3252 ioris
1477 3211 1584 3251 secun·

272 3283 335 3339 dum
358 3284 447 3356 legem
470 3282 523 3338 diei
544 3289 647 3356 potest.

359 3445 371 3528 Η
391 3451 408 3508 i.
426 3449 481 3508 51⁰
499 3443 511 3529 Η
536 3451 611 3508 Nune
633 3450 735 3524 aliquid
757 3451 791 3507 de
813 3453 1014 3508 coniunctione.
1058 3451 1221 3508 Coniunctio
1244 3450 1390 3526 quidest?
1424 3449 1490 3506 Pars
1513 3467 1584 3507 ora-

273 3537 356 3593 tionis
384 3536 529 3592 adnectens
559 3535 743 3611 ordinansque
771 3538 943 3594 sententiam.
988 3535 1150 3592 Coniunctio
1180 3537 1251 3593 unde
1274 3536 1393 3594 dicitnr?
1437 3535 1475 3591 Eo
1499 3535 1584 3610 quod

273 3639 371 3678 sensus
394 3621 545 3678 sententias
567 3623 726 3694 coniungat.
772 3618 841 3688 Quid
863 3621 930 3678 haee
951 3638 1001 3695 per
1023 3637 1052 3678 se
1075 3621 1168 3677 ualet?
1211 3619 1299 3692 Nihil,
1322 3620 1419 3676 sedin
1442 3635 1584 3693 conpara-

274 3708 348 3762 tione
370 3721 526 3762 sermonum
550 3705 629 3780 quasi
653 3704 787 3786 quoddam
811 3705 919 3762 exbibet
941 3705 1088 3778 glutinum.
1125 3703 1196 3772 Quas
1218 3713 1311 3780 partes
1334 3704 1438 3761 sociati
1460 3703 1584 3760 Nomina

272 3788 377 3846 scillcet
401 3799 428 3847 et
451 3789 544 3846 uerba.
588 3789 732 3859 Quomodo
761 3791 889 3846 numina?
932 3791 1103 3862 Augustinus
1131 3798 1158 3847 et
1187 3789 1377 3862 llieronimns,
1406 3789 1516 3864 sapiens
1549 3799 1584 3845 et

273 3875 396 3949 pulcher.
441 3873 583 3942 Quomodo
607 3875 697 3949 iungit
720 3874 820 3932 uerba?
864 3875 980 3949 Scripsit
1002 3884 1030 3931 et
1052 3874 1137 3949 legit,
1159 3874 1239 3933 docet
1261 3884 1309 3932 aut
1331 3875 1420 3932 rttsetr.

360 4071 371 4155 Η
391 4078 409 4133 i.
427 4069 490 4134 52b
507 4069 519 4156 Η
543 4075 619 4135 Nunc
642 4077 707 4152 qnid
730 4077 766 4132 sit
789 4077 952 4134 interiectio.
997 4077 1153 4135 interiectio
1177 4077 1242 4151 quid
1265 4079 1324 4135 esti
1352 4077 1418 4134 Pars
1441 4079 1584 4134 orationis

273 4163 416 4220 interiecta
440 4161 501 4218 aliis
522 4163 646 4237 partibus
669 4163 700 4218 ad
724 4163 913 4236 exprimendos
941 4163 1021 4218 animi
1045 4163 1159 4219 allectas
1181 4162 1262 4234 (ali-l.
1307 4162 1472 4219 beliniturne
1494 4163 1586 4220 aliter

273 4248 339 4304 baec
360 4265 423 4321 pars
447 4244 531 4324 (pras)
555 4248 705 4303 orationis?
749 4245 879 4302 belinitur
901 4249 997 4320 utique
1019 4265 1035 4303 a
1056 4247 1188 4304 Donato
1218 4250 1249 4302 in
1277 4250 1388 4322 prima
1415 4247 1584 4305 editione

272 4331 333 4386 aliis
361 4331 469 4405 quidem
493 4331 599 4404 uerbis,
623 4332 670 4387 sed
694 4331 749 4388 lere
772 4330 865 4402 (terre)
888 4331 983 4388 eadem
1007 4347 1089 4388 sensu
1112 4333 1194 4404 (-um,
1217 4330 1259 4404 cs.
1281 4348 1311 4404 p.
1336 4337 1406 4398 3⁶6,
1433 4331 1487 4404 13).

359 4527 372 4610 Η
390 4533 481 4591 ῐ.53“
500 4529 510 4612 Η
543 4534 676 4608 Numquid
700 4534 763 4590 lieet
786 4533 865 4590 nobis
888 4534 953 4590 alias
975 4544 1068 4607 partes
1097 4536 1229 4592 orationis
1260 4552 1311 4610 pro
1334 4489 1582 4594 interiectionibus

272 4618 392 4691 penerel
436 4617 511 4673 Licet
533 4619 640 4692 quidem
663 4627 690 4674 et
712 4619 835 4692 singulas
858 4627 885 4674 et
906 4619 1015 4692 plnres,
1037 4627 1069 4676 ut
1091 4621 1177 4686 nolas,
1201 4635 1251 4694 pro
1274 4621 1361 4692 meins,
1384 4639 1436 4695 pro
1459 4621 1582 4696 iupiter,

273 4719 323 4776 pro
346 4701 437 4773 dolor,
459 4710 490 4758 ut
512 4703 690 4759 Sedulius:

324 4819 333 4824 -
342 4817 424 4824 ---
430 4817 500 4824 ----

341 4881 369 4944 *t
389 4883 510 4946 Errtgcbis
528 4883 560 4934 de
578 4883 754 4934 discernendis
773 4885 997 4950 contingationibus
1017 4901 1082 4952 opas
1101 4898 1234 4954 spectasse
1252 4889 1363 4941 uidetur.
