3352 5556
486 345 561 398 CVM
578 347 784 400 uxcuitrrls
804 348 976 402 INEDI'PIS.
1244 363 1377 412 ccxxlx

79 541 133 600 orit
163 535 366 604 aduerbium.·
391 544 420 598 ot
448 539 473 598 si
502 535 613 598 dicam:
644 537 809 616 ‘quoque
837 534 905 596 hoo
933 541 1070 616 caput?
1109 540 1166 598 orit
1195 541 1377 600 coniunctio.

79 623 196 684 ‘Porro’
222 635 251 682 ot
273 641 380 682 nomon
404 629 449 683 esi
464 629 494 682 ot
508 620 694 686 aduerbium.
719 627 764 681 est
778 627 808 682 et
823 623 1002 682 coniunctio.
1041 622 1215 694 Quomodo?
1254 623 1378 694 Quando

80 727 132 787 pro
157 708 249 768 ‘otus'
272 708 392 786 dixero,
421 709 480 768 orit
503 725 625 775 nomon.
656 704 775 786 quaudo
802 724 857 784 pro
880 709 1004 768 ‘atrium’
1026 715 1075 768 aut
1099 709 1224 770 ‘tamon’
1246 711 1376 788 positum

80 795 184 860 fuerit,
217 801 249 854 ut
276 802 363 872 pum:
399 795 531 872 ‘porro
561 801 597 852 iu
627 793 780 852 animam
810 799 906 852 tuam
934 791 1144 863 liberasti',
1174 794 1230 854 hoc
1260 801 1304 855 est
1332 795 1376 855 ‘tu

59 881 193 940 aautem’
219 881 263 938 ‘tu
286 887 384 940 tamen
408 880 536 938 animam
560 885 640 938 tuam
664 876 819 944 liberasti'.
844 878 901 938 erit
923 879 1104 939 oouiuuotio.

51 1495 69 1526 io

90 1047 94 1125 ζ
111 1049 132 1108 i.
148 1045 211 1114 43⁴·
227 1045 239 1130 [Ι
255 1047 344 1119 ‘Quo’
367 1047 574 1109 subiunctiuae
596 1009 779 1128 exemplum:
805 1007 811 1022 ⁸
1361 1003 1373 1032 ν

437 1131 617 1213 Otorquo
640 1142 854 1212 quaterque
878 1131 989 1193 boati.

81 1218 224 1279 Similiter
246 1219 372 1278 ‘autem’
394 1217 614 1278 subiunctiuae:

229 1303 314 1384 lpse
337 1311 458 1364 autem
481 1302 615 1364 consui
638 1321 749 1364 sacro
772 1301 986 1363 diademato
1009 1301 1165 1382 iuigous.

122 1476 251 1549 (Aditur
273 1475 313 1534 de
333 1475 534 1534 commonibus
557 1476 607 1534 ‘et’
630 1435 780 1550 ‘iqilur'):
803 1434 838 1532 da
861 1471 912 1532 ubi
935 1481 1165 1552 praeponantur.

233 1558 275 1619 Et
296 1567 448 1638 sceptro
470 1566 506 1618 ot
529 1556 624 1618 solio
647 1557 806 1638 praebet
828 1555 899 1618 sibi
923 1559 977 1617 ira
1000 1559 1193 1636 magistro.

4 1673 5 1676 ¹
80 1643 117 1703 lia
142 1641 195 1704 ubi
224 1643 450 1722 subiungantur.

51 1915 68 1948 ia

231 1730 408 1808 Accipite
431 1737 466 1788 ot
489 1727 600 1790 laetis
623 1735 741 1790 uatem
765 1735 942 1788 reuocato
964 1731 1138 1790 camonis.

80 1813 265 1874 ‘Locutus
287 1821 345 1874 ost
367 1814 557 1882 domiuus,
586 1815 671 1874 item
699 1814 779 1892 ipso
802 1811 897 1873 dixit
926 1821 961 1872 ot
983 1813 1080 1872 iacta
1105 1817 1215 1874 sudi'.
1262 1815 1301 1876 [ia
1325 1816 1376 1876 ubi

80 1899 195 1976 ‘igitur'
218 1907 428 1978 praeponatur.
471 1898 611 1976 ‘Igitur
633 1913 712 1959 oum
736 1899 903 1959 uenisset
926 1898 1124 1958 domiuus'.
1170 1898 1209 1960 Da
1233 1898 1284 1962 ulii
1306 1900 1375 1962 sub·

80 1987 229 2062 iungatur.
274 1983 390 2045 ‘Dixit
411 1985 530 2061 igitur
554 1983 754 2044 domiuus'.

231 2067 304 2128 iios
327 2070 444 2146 igitur
467 2066 574 2129 uobis
597 2069 696 2129 trina
720 2071 865 2148 pietate
888 2071 1072 2143 uigentes.

163 2235 176 2321 Η
194 2237 213 2296 i.
228 2233 289 2298 44·
304 2231 318 2316 ΙΙ
334 2237 364 2298 iu
387 2239 572 2300 contrarium
596 2199 694 2306 uertit,
717 2246 749 2298 ut
771 2199 875 2298 ‘uatat’
899 2240 1047 2300 ‘innatast
1091 2238 1266 2309 Quomodo?
1299 2239 1370 2302 Tale

80 2331 123 2384 est
146 2323 251 2384 ‘natat'
274 2322 362 2402 quale
384 2331 430 2383 est
452 2326 599 2384 ‘innatat't
646 2323 686 2384 Da
710 2326 775 2384 eius
798 2321 974 2402 exemplum.

49 2427 69 2460 3)

684 2407 830 2469 innatat
851 2405 959 2468 aluus

381 2493 493 2554 Missa
517 2493 621 2554 Pado.

4 2621 5 2640 i
81 2575 251 2646 Quomodo?
295 2575 367 2647 Quia
390 2575 614 2653 obscuramus,
638 2577 717 2656 quod
741 2587 786 2638 ost
807 2576 924 2638 arboris
939 2596 1041 2656 genus,
1066 2596 1119 2656 por
1142 2579 1253 2641 ssumou
1276 2580 1371 2659 ipsud.

80 2663 156 2742 quod
179 2663 289 2724 dicitur
311 2662 416 2732 Padus,
440 2662 605 2724 ducebatur
627 2665 789 2741 inriguam.

601 2899 649 2961 DE
671 2897 839 2961 uirium.

4 3049 6 3076 ι
50 3085 70 3122 a
83 3067 94 3148 i}
111 3071 130 3130 i.
146 3069 207 3132 tt·
222 3069 234 3153 d
250 3070 289 3132 [ia
313 3091 329 3132 a
352 3070 482 3150 longum.

4 3189 6 3258 i

249 3155 355 3218 Nulla
379 3165 463 3218 tuos
486 3173 651 3236 umquam
675 3163 809 3216 cantus
831 3151 1048 3216 imitabitur
1071 3155 1157 3216 alos.

4 3391 5 3410 χ
81 3357 299 3397 sititutmutn.

159 3415 178 3472 6
201 3415 332 3472 Iulianus
352 3431 383 3487 p.
409 3419 480 3472 105:
503 3417 557 3471 dut
578 3413 784 3485 subiunrdum,
811 3420 841 3469 ut
863 3429 933 3486 quae
954 3420 1053 3469 autem.
1097 3410 1256 3481 Quomodo?
1300 3416 1367 3485 Quia

82 3515 183 3574 semum
204 3498 421 3574 subiunguntur:
442 3495 574 3574 ‘dixitque
596 3497 733 3556 domiuus’
757 3496 836 3554 ‘dixit
858 3503 948 3554 autem
970 3497 1119 3554 domiuus’.

161 3586 200 3644 10
220 3585 354 3642 Iulianas
373 3603 403 3658 ρ.
423 3589 488 3641 105.
512 3589 584 3642 106.-
607 3587 848 3654 unicornuum,
871 3591 902 3638 ut
924 3592 952 3638 ot
975 3583 1067 3655 igitur.
1107 3584 1266 3652 Quomodo?
1299 3585 1365 3654 Quia

82 3679 105 3724 et
127 3679 331 3745 praeponuntur
352 3681 380 3726 et
403 3670 615 3744 subiunguntur.
658 3669 703 3741 iia,
728 3669 773 3726 uiri
795 3676 1001 3742 praeponuntur
1023 3677 1051 3723 ot
1073 3667 1284 3742 subiunguntur.
1323 3670 1367 3728 ‘Et

4 3743 5 3790 3
82 3754 182 3812 loeutus
203 3757 330 3814 dominus
354 3755 412 3829 ipso
434 3755 511 3810 dixit'
535 3764 563 3811 ot
585 3753 682 3829 ‘igitur
705 3771 766 3811 oum
788 3753 909 3810 uouisset
932 3753 974 3810 uir
994 3753 1062 3825 dei’‚
1093 3755 1157 3810 item
1182 3755 1260 3812 ‘dixit
1283 3757 1367 3830 igitur

82 3840 220 3898 domiuua’.

160 3927 198 3984 18
220 3926 355 3983 Iulianus
368 3943 396 3998 p.
416 3929 488 3982 too:
511 3932 564 3981 uut
586 3924 613 3980 iu
636 3924 802 3982 contrarium
827 3924 919 3992 uertit,
937 3931 968 3979 ut
983 3930 1057 3979 natat
1073 3925 1183 3982 innatat
1206 3922 1366 3992 Quomodo?

84 4009 140 4065 iaie
160 4019 201 4068 ost
223 4019 308 4082 natat,
332 4012 402 4067 siout
424 4019 452 4066 et
475 4012 588 4081 innatat,
611 4010 682 4066 uuile
705 4018 733 4066 ot
754 4006 819 4065 dicit
842 4008 916 4082 quis:
941 4007 1058 4066 ‘iuuatat
1080 4009 1157 4066 aluus
1171 4011 1254 4066 missu
1269 4010 1363 4069 Pado!

83 4091 231 4158 Quomodo?
275 4096 361 4152 diuus
388 4112 476 4170 genus
503 4102 546 4152 est
570 4096 692 4167 arboris,
721 4093 792 4150 Pado
820 4093 919 4150 flumen
948 4101 998 4150 ost.
1043 4094 1169 4150 Abscissa
1198 4096 1275 4152 aluos
1299 4113 1363 4170 prae

85 4179 184 4238 domiue
205 4183 266 4257 ipso
289 4180 446 4237 ducebatur.

159 4265 198 4324 25
219 4267 354 4324 Iulianus
373 4283 402 4338 ρ.
426 4269 461 4322 8.-
492 4267 524 4321 [ia
548 4284 561 4322 a
585 4265 703 4336 longam.
747 4263 825 4321 Nulla
850 4294 884 4304 —
910 4263 975 4321 alos.
1020 4265 1054 4320 ua
1082 4264 1172 4322 breue.
1218 4264 1256 4322 ‘Si
1283 4265 1362 4323 datus

84 4357 120 4403 est
145 4353 251 4410 animus
277 4351 358 4408 uobis
386 4361 415 4407 ut
445 4351 561 4408 oarmiua
587 4347 703 4407 dicunt!
747 4350 820 4406 liae
843 4349 953 4422 longum
980 4379 1011 4390 -
1040 4350 1106 4406 mihi
1134 4351 1243 4424 cognita
1271 4369 1362 4408 uersu.

85 4579 184 4617 oourors
202 4583 358 4619 nunususrs
376 4571 425 4620 207
443 4581 591 4619 susumus.

147 4637 221 4686 terit
238 4637 342 4686 uerbum
361 4647 389 4686 ut
406 4637 426 4684 si
446 4637 527 4686 diuam
585 4630 752 4699 totaque]
777 4635 934 4700 Ver9.Aeu.
952 4634 1015 4685 lat
1083 4636 1173 4701 ‘dipsa
1191 4647 1275 4685 utitem
1292 4633 1363 4687 adsui

86 4715 149 4751 storo
165 4704 271 4754 diomote
341 4705 447 4755 idiotis
528 4706 561 4754 20
579 4699 686 4770 iuuatur]
710 4703 788 4768 Vero.
809 4703 901 4767 Georff.
922 4701 954 4754 11
972 4705 1031 4756 451.
1051 4705 1111 4766 452,
1129 4704 1164 4765 os.-
1183 4701 1299 4773 [Seruii]
1315 4721 1362 4755 eco-

84 4771 146 4830 piou.
162 4775 187 4821 in
205 4773 269 4826 lion.
287 4790 313 4838 p.
331 4776 389 4831 517,
407 4775 423 4822 9
438 4773 470 4833 K,
490 4774 557 4823 uado
575 4772 614 4822 irio
632 4775 701 4824 torua
718 4773 848 4822 emendari
864 4776 962 4835 potest:
980 4787 1036 4822 nam
1054 4779 1112 4836 port
1130 4773 1229 4822 ‘uertit'
1248 4775 1361 4824 imeras:

86 4849 109 4883 ut
125 4837 179 4888 ieiix
198 4841 297 4900 infelix
318 4839 379 4891 nihil
397 4839 534 4907 siguidoat.
