3560 5574
482 399 774 456 orcrrrourcueum
795 401 1063 454 urusrouuusrs
1358 398 1420 464 297

133 591 208 669 quod
229 600 274 653 est
296 588 457 652 ‘cohibeo’.
501 590 674 652 iuniores
697 599 794 652 autem
823 588 901 650 idem
929 589 1012 652 ‘cio’
1036 607 1090 669 per
1112 588 1183 650 ‘od’
1207 587 1424 670 componebant

133 694 196 754 loco
216 693 272 754 dc
300 699 445 773 ponentes
473 699 503 753 et
530 692 663 754 diceutes
693 694 820 762 ‘accio’,
853 692 931 754 uude
960 693 1017 772 ipsi
1046 711 1163 772 quoque
1190 690 1270 754 sliud
1297 689 1423 754 uerbum

133 795 342 856 deriuauerunt
370 799 527 856 ‘accerso’
556 795 661 856 tertiae
690 793 908 874 coniugatiouis
937 795 984 856 uel
1014 797 1183 856 ‘accersio’
1207 801 1329 872 quartae
1351 811 1424 854 con·

133 899 300 976 impelleris,
326 897 406 958 uude
427 895 591 958 secundum
614 895 750 975 antiquos
772 900 914 960 ‘arcesso’
937 899 1057 967 tertiae,
1086 897 1219 958 iuniores
1241 903 1338 959 autem
1362 898 1424 958 ‘sc-

110 1004 227 1060 sccrso'
249 1000 353 1060 tertiae
378 1001 425 1062 uel
448 1000 602 1060 ‘accersio’
626 1006 749 1078 quartae
771 999 932 1060 inuenitur.

369 1237 407 1310 O.
443 1235 818 1310 ORTHOGRAPPHA
844 1235 1180 1312 EINSIDLENSIS.

216 1363 351 1470 {Religio’
376 1390 443 1451 ideo
466 1389 583 1458 dicitur.
608 1388 685 1468 qrrod
708 1391 820 1452 animas
843 1389 949 1469 religet
971 1391 1008 1452 cd
1031 1389 1142 1452 cultum
1165 1391 1310 1451 diuinum.

215 1493 349 1575 ‘Scripsi’
380 1499 538 1572 propterea
566 1511 620 1572 per
649 1511 668 1573 p
695 1491 844 1563 scribitur,
873 1494 942 1572 quis
971 1492 1049 1573 apud
1078 1492 1209 1553 Graecos
1236 1509 1255 1570 p
1279 1497 1344 1552 ets
1366 1508 1424 1552 una

136 1595 228 1657 littera
250 1603 310 1668 est,
334 1614 423 1676 quum
447 1603 556 1656 uocant
577 1601 612 1669 ψ.

107 1711 126 1746 ²⁰
215 1696 377 1760 ‘Assiduus'
402 1699 577 1759 ‘assecutus’
602 1699 740 1758 ‘assatus'
764 1715 818 1776 per
840 1696 914 1758 duas
935 1717 958 1758 s.
1026 1691 1027 1696 ’

215 1801 382 1880 ‘Aggestus'
400 1801 575 1879 ‘suggestio’
593 1797 838 1877 ‘suggerendum’
855 1796 1016 1878 ‘suggillat’
1033 1799 1224 1878 ‘suggillatio’
1241 1817 1295 1878 per
1310 1797 1384 1858 duas
1395 1816 1424 1875 g.

216 1903 346 1963 ‘Annuit’
371 1902 501 1963 ‘innuit'
527 1902 705 1964 ‘innocens'
730 1903 874 1962 ‘anuum'
899 1899 1067 1986 ‘annualis'
1092 1891 1346 1962 ‘anniuersarius’
1370 1916 1425 1978 per
1514 1930 1517 1936 ,

140 2003 207 2064 diras
229 2023 257 2066 u.

217 2105 330 2166 ‘lmmc'
356 2105 526 2186 ‘impendit'
549 2103 695 2186 †‘immo’
720 2107 879 2184 ‘impietas’
904 2123 958 2185 per
981 2123 1020 2166 m.

108 2216 128 2254 ¹⁵
217 2205 445 2269 ‘Accumulatus'
474 2209 623 2269 ‘accessit’
654 2208 790 2287 ‘accepit’
822 2211 963 2268 ‘accusat'
988 2204 1119 2266 ‘occidit'
1144 2207 1283 2267 ‘occasio’
1308 2208 1426 2266 ‘occur-

140 2309 183 2367 rit'
206 2313 350 2389 ‘occupat’
376 2328 429 2389 per
452 2309 525 2370 duas
547 2327 574 2370 c.
608 2389 612 2396 ι

218 2392 321 2490 ‘Apud'
346 2410 442 2472 ‘illud’
467 2410 572 2472 ‘aliud'
597 2410 730 2490 ‘aliquid'
754 2428 809 2490 per
832 2410 861 2472 d.

218 2511 330 2593 ‘Caput’
356 2515 476 2593 ‘iuquit'
500 2515 611 2592 ‘atque’
635 2531 689 2593 per
712 2521 738 2582 t,
761 2531 821 2574 nou
843 2530 897 2592 per
920 2512 948 2572 d.

219 2612 315 2683 ‘Quot’
340 2617 406 2676 ‘tot’
430 2616 456 2674 si
479 2614 516 2675 de
538 2632 665 2676 numero
688 2615 791 2684 luerit,
816 2633 869 2695 pcr
893 2621 905 2674 t
927 2612 1077 2676 scribitur.

111 2721 130 2759 ²⁰
218 2714 329 2794 ‘igitur’
354 2715 427 2777 ‘ilis'
452 2716 543 2776 ‘ilico'
568 2717 690 2796 ‘itaque'
715 2717 835 2796 ‘imago'
859 2717 974 2777 ‘icona’
1000 2717 1166 2788 ‘imitatur'
1191 2716 1344 2777 ‘initium’
1369 2717 1425 2776 ‘iu-

142 2815 321 2879 msculatum’
346 2819 489 2879 ‘irritum'
514 2836 568 2898 per
590 2819 599 2878 i
623 2817 750 2880 litteram
775 2819 924 2884 scribitur.

219 2919 330 2982 ‘Error'
355 2922 521 2998 ‘arrogans’
546 2921 735 3000 ‘corripiens'
759 2923 941 3001 ‘corruptus'
965 2920 1123 2999 ‘corrigit'
1147 2921 1282 2980 ‘corruit’
1308 2920 1424 2998 ‘garrit’

144 3022 258 3082 ‘rrsrrst'
282 3025 396 3102 ‘porro’
421 3019 594 3103 ‘parricida'
617 3040 673 3102 per
695 3022 769 3084 duos
791 3041 816 3084 r.

220 3123 343 3184 ‘Ollerit’
368 3122 515 3184 ‘offendit'
540 3124 692 3184 ‘officium'
717 3122 845 3185 ‘clueas’
868 3142 924 3202 per
947 3124 1020 3186 duas
1043 3123 1063 3185 l.

113 3229 133 3268 ²⁵
221 3225 414 3306 ‘imperator'
439 3227 543 3286 ‘actor'
569 3226 741 3288 ‘defensor'
765 3229 976 3306 ‘procurator'
1000 3228 1250 3308 ‘compaginator'
1274 3222 1424 3287 ‘bellator’

144 3325 315 3403 ‘proeliator'
340 3329 526 3388 ‘accusator'
551 3331 793 3408 ‘praesumptor’
818 3326 1025 3391 ‘uulnerator'
1049 3331 1235 3408 ‘protector’
1260 3326 1425 3390 ‘salutator'

145 3445 191 3502 por
212 3437 257 3489 tor
278 3427 419 3508 syllabam
442 3426 644 3492 scribendum.

220 3531 330 3611 ‘Opes’
361 3529 485 3611 ‘dapes'
516 3533 636 3592 ‘renes'
674 3533 799 3612 ‘penes'
830 3531 927 3592 ‘dies'
958 3534 1069 3595 ‘acics'
1102 3533 1246 3612 ‘glacies'
1279 3533 1425 3594 ‘macies'

164 3809 170 3825 .
201 3728 342 3831 Asecsbsio
361 3720 413 3818 ub.
437 3771 500 3820 Post
518 3769 645 3818 irrrrcnitur
662 3769 726 3818 llaec
743 3769 834 3819 addito
850 3778 920 3820 sunt:
941 3771 1093 3836 Exemplum
1111 3770 1142 3819 do
1160 3770 1266 3821 suadeo.
1290 3769 1427 3820 Ouidius

148 3838 431 3918 metamorphoseos
450 3841 479 3888 iu
498 3836 580 3886 libro
599 3835 706 3886 Vlll·¹⁰
725 3836 760 3901 (u.
778 3838 837 3902 90):
856 3836 967 3889 Suasit
983 3853 1067 3889 omer
1084 3837 1225 3904 lucinus,
1244 3837 1351 3904 proles
1370 3853 1427 3904 ego

148 3903 466 4026 regrgogltrsbpian‘plllcpffl
483 3973 607 4023 saecli(
625 3990 651 4038 p.
666 3978 767 4041 53seq.
837 3977 961 4038 tgrecos
1033 3977 1063 4025 10
1082 3973 1221 4040 suggessio
1273 3972 1427 4040 scrggellutio

149 4037 355 4092 llaecomolmus
425 4043 456 4092 18
474 4041 574 4090 numiro
645 4044 676 4094 lo
694 4041 736 4092 ills
788 4041 831 4091 ilia
848 4058 917 4096 corr.
931 4042 961 4092 P.
977 4041 1063 4092 Gallus
1076 4043 1201 4093 Morelius
1252 4043 1340 4106 igoua,
1358 4057 1427 4093 corr.

148 4101 258 4159 illorelius
309 4111 360 4184 Ι20
379 4125 423 4176 per
441 4110 448 4159 i
466 4110 538 4159 litem
605 4111 639 4160 23
658 4111 751 4160 olllcox
820 4112 854 4160 26
871 4126 917 4176 per
935 4121 974 4159 tor
992 4110 1135 4175 psyllsbem

150 4286 362 4332 srururruorrcrs.

203 4348 218 4395 s
236 4348 273 4408 Cf.
291 4347 406 4413 ortbopr.
426 4349 483 4398 cod.
502 4347 584 4399 Beru.
603 4351 658 4400 330
674 4363 742 4400 suec.
764 4349 789 4398 X
805 4350 827 4411 s.
842 4349 963 4399 wb—
974 4349 1055 4410 said*
1074 4365 1091 4398 a
1108 4349 1141 4399 ab
1155 4349 1271 4400 Vseuero
1289 4350 1351 4399 edit.
1361 4347 1428 4399 Mus.

150 4407 214 4463 Rieu.
233 4415 320 4466 XXII
337 4432 363 4479 p.
382 4417 443 4465 m:
463 4415 563 4482 Religio
575 4417 730 4467 -ututnum
800 4420 815 4468 t
835 4415 955 4482 Ortlopr.
969 4416 1047 4470 Vsen.
1058 4433 1084 4482 p.
1095 4419 1159 4468 417:
1178 4415 1276 4483 Scripsi
1294 4427 1429 4483 propterea

149 4489 287 4546 perpetu
306 4483 425 4534 scribitur
442 4509 474 4518 -
492 4499 569 4546 quum
588 4495 682 4535 uocum
699 4487 749 4551 psi.
820 4488 836 4536 o
855 4484 973 4550 Ortllopr.
991 4484 1069 4536 Vcen.
1085 4502 1113 4550 p.
1127 4488 1191 4538 417:
1211 4484 1338 4535 Assiduus
1357 4499 1428 4534 asse-

149 4555 208 4598 cutus
226 4567 270 4616 per
287 4553 353 4602 duos
371 4567 399 4601 ss
417 4552 588 4613 scribendum,
608 4568 639 4602 uc
657 4555 816 4619 praepositio
836 4554 931 4602 uominl
949 4553 1130 4619 coniungatur.
1149 4553 1205 4603 ideo
1218 4562 1244 4603 et
1254 4551 1429 4602 accumulatus

65 4617 66 4630 ¹
151 4624 186 4673 per
203 4619 265 4670 duas
283 4635 311 4668 cc
329 4631 354 4670 ct
370 4627 496 4686 aggestus
519 4635 564 4687 per
587 4621 652 4684 dum
670 4637 715 4688 gg.
735 4622 773 4672 sic
791 4623 816 4670 in
839 4621 975 4676 similibus.
995 4631 1020 4672 et
1036 4623 1193 4672 ammonitus
1215 4636 1261 4687 per
1278 4620 1343 4671 duos
1361 4635 1387 4670 m
1405 4629 1431 4670 et

150 4685 224 4734 anuuit
239 4703 286 4753 per
303 4689 368 4739 duos
387 4703 411 4741 u.
480 4691 512 4740 13
531 4687 650 4754 Ortbopr.
664 4691 741 4742 Vsen.
758 4707 786 4770 p.
800 4693 863 4741 417:
882 4689 991 4756 Impedit
1008 4691 1132 4756 impendit
1149 4705 1196 4757 per
1212 4705 1236 4738 m
1256 4689 1428 4750 scribendum,

150 4759 175 4795 ue
190 4753 208 4802 si
225 4755 248 4803 in
268 4767 388 4821 ponatur,
407 4756 523 4807 similiter
541 4768 565 4806 et
582 4759 608 4806 iu
626 4759 783 4824 praepositio
796 4759 894 4808 nomini
906 4759 1046 4824 copuletur.
1064 4759 1124 4810 ldeo
1137 4768 1162 4808 et
1173 4759 1273 4808 irritum
1286 4772 1331 4822 per
1342 4757 1394 4808 duo
1408 4773 1429 4812 r.

152 4815 176 4862 tc
191 4819 304 4888 Ortbopr.
327 4827 405 4876 Vsen.
422 4841 448 4890 p.
469 4827 533 4875 ⁴18:
560 4825 636 4891 Apud
654 4826 723 4876 istud
741 4826 816 4880 illud:
844 4828 933 4876 omnia
951 4827 1014 4876 haec
1031 4841 1077 4893 per
1095 4828 1124 4886 ἀς
1153 4836 1232 4894 ceput
1248 4825 1331 4889 lnquit
1347 4839 1394 4893 per
1411 4836 1429 4876 t.

153 4883 177 4932 ¹⁷
192 4887 305 4957 Ortbopr.
330 4893 407 4948 Vocis.
423 4909 451 4959 p.
470 4895 532 4945 m:
556 4894 640 4956 Atque
657 4909 703 4962 per
721 4904 730 4944 t
749 4909 799 4944 nou
817 4911 864 4962 per
881 4895 911 4952 d;
930 4896 967 4946 sic
986 4905 1010 4944 et
1027 4895 1052 4946 in
1071 4895 1185 4962 reliquis.
