3354 5580
298 351 361 418 236
690 352 924 404 COMMENTVM
941 351 1187 404 EINOIDLENSE

197 558 376 622 ara‚erquae
398 543 429 602 in
452 559 467 602 a
492 547 615 610 exeunt,
645 542 739 620 magis
767 540 918 602 landuino.
962 539 1056 602 Sunt
1083 545 1300 620 praeterea,
1328 539 1353 599 i.
1377 545 1497 619 praeter
1524 541 1594 607 ista;

298 645 386 714 alia,
414 663 439 706 s.
463 645 598 712 numium
628 661 731 714 sono,
756 645 777 705 i.
799 643 978 710 litteratura;
1010 639 1230 712 masculina,
1259 639 1464 702 intellectu
1487 641 1593 704 lemi-

196 748 401 814 sreunloa,
425 752 463 806 ut
485 743 684 806 Eunuchus
706 743 905 805 comoedia.
943 741 1105 804 Eunuchus
1126 761 1199 805 sono
1223 741 1420 804 masculinum
1444 751 1503 812 est,
1524 745 1592 823 quia

298 849 328 908 in
353 865 387 907 us
410 846 536 916 desinit,
566 863 642 924 quae
670 847 841 908 terminatio
870 845 993 924 proprie
1021 845 1186 907 masculino
1213 846 1317 922 generi
1339 843 1525 921 adiungitur.
1550 849 1593 906 in-

297 947 414 1010 tellectu
438 967 512 1009 nero
535 949 712 1010 lemininuur
736 955 794 1018 est,
818 947 903 1028 quia,
928 963 994 1008 curn
1018 945 1100 1009 dico:
1125 946 1214 1028 ‘quid
1237 945 1347 1025 legisi’
1377 953 1407 1006 el
1428 947 1616 1024 respondeas

297 1049 386 1111 mibi:
411 1048 623 1124 ‘Eunuclrum’,
644 1048 780 1128 intelligo
804 1047 948 1118 iabulam,
972 1065 1060 1126 quarn
1082 1048 1284 1110 Terentius
1308 1047 1466 1127 descripsit
1488 1047 1527 1109 de
1550 1066 1592 1116 ea,

297 1169 372 1232 quae
400 1153 554 1214 comoedia
583 1158 716 1213 uocatur.
768 1151 849 1212 Vnde
879 1158 910 1212 et
937 1153 1117 1230 supponitur
1145 1149 1202 1212 boc
1224 1168 1350 1220 nomeu,
1374 1152 1399 1210 i.
1429 1149 1593 1218 comoedia.

297 1271 357 1314 non
386 1252 602 1334 explanationis
629 1270 731 1322 causa,
760 1252 811 1314 sed
840 1270 927 1314 causa
957 1251 1095 1333 exempli.
1141 1251 1301 1314 Comoedia
1323 1259 1422 1312 autem
1445 1251 1593 1313 dicitura

297 1355 421 1424 Graeco,
444 1355 522 1434 quod
547 1363 592 1416 est
614 1357 740 1416 ‘comos’
757 1362 787 1414 et
801 1353 892 1415 ‘ode’.
937 1353 1044 1414 Coruus
1060 1356 1139 1416 enim
1164 1351 1176 1434 Η
1196 1351 1256 1416 158
1271 1349 1288 1435 ll
1311 1353 1424 1415 Graece
1439 1352 1522 1432 uilla,
1538 1353 1593 1414 ode

297 1463 401 1517 cantus
429 1455 553 1525 dicitur,
583 1455 652 1518 inde
681 1455 834 1518 comoedia
863 1473 983 1517 carmen
1018 1455 1162 1517 uillanum
1189 1455 1226 1516 de
1256 1453 1366 1517 uilibus
1394 1465 1424 1515 et
1451 1455 1627 1516 inanibusu

296 1556 387 1618 rebus
409 1559 617 1638 compositum.
664 1557 817 1618 Orestes
841 1557 1047 1636 tragoedia.
1086 1557 1209 1620 Orestes
1230 1575 1304 1618 sono
1327 1554 1523 1617 masculinum
1548 1566 1593 1617 est

297 1660 365 1736 quia
388 1661 418 1718 io
443 1655 474 1718 ies
496 1658 622 1728 desinit,
647 1658 801 1722 intellectu
823 1642 1014 1729 leminlnuur,
1038 1661 1108 1740 quia
1130 1677 1198 1721 cum
1220 1657 1302 1720 dico:
1327 1656 1476 1719 ‘Orestem
1501 1657 1592 1736 lego’‚
1675 1669 1676 1674 ’

297 1759 440 1838 intelligis
463 1759 606 1830 fabulam,
636 1777 711 1838 quae
734 1759 770 1822 de
792 1779 829 1822 eo
851 1769 897 1822 est
918 1763 1029 1841 scripta
1057 1761 1135 1841 apud
1162 1761 1396 1828 Terentium,
1426 1776 1504 1837 quae
1533 1767 1592 1822 tra·

295 1861 400 1939 goedia
430 1869 564 1923 uocatur.
609 1860 758 1940 ‘Tragos’
780 1863 895 1924 Graece
923 1860 1040 1932 hircus,
1069 1861 1139 1924 iude
1161 1861 1313 1941 tragoedia
1336 1861 1413 1922 dlcla
1437 1870 1497 1932 est,
1522 1865 1593 1942 quia

277 1947 392 2043 'poetis
414 1961 482 2024 talla
506 1965 638 2026 carrnlna
660 1962 909 2043 componentibus
932 1963 1034 2027 hircus
1056 1963 1182 2027 dabatur
1204 1981 1258 2044 pro
1274 1961 1430 2025 benelicio.
1466 1962 1542 2025 lude
1564 1974 1594 2024 et
1608 1981 1628 2020 u

294 2067 484 2143 ‘tragemata’
500 2063 640 2126 dicuntur
662 2064 733 2126 uilia
756 2065 945 2138 munuscula,
969 2082 1044 2144 quae
1060 2065 1164 2128 latine
1180 2063 1327 2128 ‘bellaria’
1341 2074 1495 2127 uocantur.
1526 2067 1596 2128 Fuit

296 2173 393 2226 autern
417 2166 540 2228 Orestes
561 2169 792 2246 Agamemnonis
815 2176 845 2228 et
866 2167 1078 2248 Clytemestrae
1100 2168 1191 2238 lilius,
1216 2169 1266 2246 qui
1290 2175 1417 2228 matrem
1439 2185 1524 2229 suem
1548 2171 1594 2230 in·

193 2273 242 2322 ³⁷⁵·
256 2267 427 2338 8⁵terserit,
452 2271 592 2345 quoniam
616 2276 646 2328 et
667 2270 731 2348 ipsa
754 2279 868 2349 patrem
890 2287 978 2331 surim
1000 2271 1202 2332 interiecerat.
1241 2270 1452 2332 Centaurus
1473 2271 1593 2331 nauis.

295 2371 461 2432 Centauros
488 2377 653 2430 monstrum
685 2380 731 2431 est
758 2369 924 2433 semihomo
947 2380 977 2433 et
999 2373 1187 2451 semiequus,
1216 2371 1295 2450 quod
1318 2369 1539 2452 depingebatur
1562 2375 1593 2433 iu

295 2475 380 2540 naui,
412 2479 443 2531 ut
470 2470 726 2533 demonstraretur
753 2471 896 2534 uelocitas
923 2475 1024 2542 nauis,
1053 2474 1122 2554 quia
1145 2474 1231 2536 nauis
1253 2471 1398 2534 uelociter
1420 2474 1516 2534 currit
1539 2489 1629 2554 perso

192 2579 241 2626 ³⁷⁵·
255 2581 280 2619 ιθ
295 2590 386 2634 utare.
433 2571 515 2632 Vnde
537 2589 604 2633 cunr
628 2571 694 2633 dico
716 2571 764 2634 uel
786 2573 875 2634 audio
897 2575 1112 2650 ‘Centaurum
1142 2573 1277 2653 intelligo
1300 2592 1417 2635 nauem.
1462 2571 1544 2636 Alia
1570 2595 1593 2636 s.

295 2675 429 2742 nomina:
463 2683 550 2734 sunt
581 2692 672 2735 sono
702 2675 903 2746 feminina,
937 2677 1005 2757 quia
1033 2679 1102 2738 ina
1131 2675 1284 2744 desinunt,
1313 2691 1390 2752 quae
1419 2679 1593 2738 terminatio

293 2777 414 2856 proprie
437 2775 646 2838 lemininorum
669 2775 821 2839 nominum
845 2786 900 2839 est.
945 2777 1149 2840 intellectu
1171 2775 1394 2846 masculina,
1418 2779 1496 2856 quia,
1522 2797 1593 2840 cum

293 2877 359 2939 dico
382 2876 614 2948 ‘Fenestellam’‚
636 2879 769 2958 intelligo
790 2882 984 2959 scriptorem
1007 2879 1064 2942 luit
1079 2882 1158 2940 eninr
1181 2879 1310 2959 scriptor
1332 2881 1474 2958 optimus.
1520 2879 1592 2940 lude

294 2989 324 3039 et
345 2978 549 3041 ‘Fenestellae’
573 2982 736 3059 scriptores
759 2997 917 3052 uocanrus,
941 2983 992 3060 qui
1017 2980 1093 3042 bene
1116 2989 1239 3042 utuntur
1261 2979 1317 3042 bac
1338 2986 1412 3042 arte.
1456 2980 1627 3062 Aquilae
1675 2989 1676 2994 ’

294 3087 423 3142 orator
445 3081 465 3141 i.
489 3080 640 3160 eloquens

191 3189 276 3240 ”⁵0²⁷
370 3183 451 3244 lllia
474 3189 543 3244 sunt
565 3199 655 3244 sono
679 3191 825 3254 neutra,
843 3183 1043 3246 intellectu
1066 3185 1262 3256 feminina,
1278 3183 1592 3248 uthronesium.

293 3281 374 3344 ldem
398 3290 443 3344 est
466 3284 677 3365 Sophronium.
721 3284 778 3346 lsta
802 3287 920 3348 nomina
944 3289 1057 3349 comica
1079 3292 1149 3348 sunt
1170 3287 1193 3347 i.
1223 3286 1366 3348 iocularia
1389 3293 1479 3366 atque
1501 3287 1592 3348 dimi·
1674 3271 1675 3354 l

296 3387 407 3448 nutiua.
452 3385 637 3448 ‘Phronesia’
659 3387 772 3448 Graece
794 3387 966 3468 prudentia,
990 3387 1062 3450 inde
1084 3375 1280 3451 Phronesium
1302 3388 1411 3450 dicitur
1434 3387 1592 3466 prudenti-

191 3497 243 3548 ιιι,
256 3500 283 3540 ²⁸
295 3485 369 3550 cula.
399 3487 625 3566 Glycerium.
655 3486 790 3569 ‘Glycon’
808 3490 921 3552 Graece
937 3489 1032 3562 dulce,
1049 3491 1118 3553 inde
1135 3491 1303 3570 Glycerium
1319 3488 1476 3552 dulcicula.
1505 3491 1591 3553 Alia
1604 3505 1627 3544 ³⁰

294 3606 384 3650 sono
407 3591 601 3660 feminina,
626 3589 827 3653 intellectu
850 3599 995 3661 neutra.
1019 3600 1058 3653 ut
1080 3610 1223 3671 poema.
1247 3593 1273 3653 i·
1297 3610 1417 3654 carmen
1441 3591 1488 3653 uel
1511 3612 1591 3673 opus
1673 3583 1674 3649 l

293 3698 413 3770 poetae;
442 3690 588 3754 schema
611 3693 631 3752 i·
654 3693 747 3771 ligura
771 3693 819 3754 uel
842 3693 972 3756 babitus.
1016 3692 1203 3756 ‘Emblerna'
1226 3694 1334 3756 dicitur
1355 3694 1482 3755 uarietas
1504 3697 1591 3773 paui-

294 3793 401 3860 menti,
425 3793 539 3854 Graece
561 3793 771 3855 ‘lithostrotus'
787 3793 903 3864 dicitur,
920 3793 968 3856 uel
984 3792 1129 3856 emblema
1147 3803 1192 3858 est
1207 3795 1493 3875 superabundantia,
1515 3795 1591 3856 iude

191 3891 511 3955 onoembolismos’
527 3894 783 3976 superabundans.
819 3896 897 3958 illia
920 3903 1005 3958 sunt
1027 3914 1116 3958 sono
1140 3899 1358 3968 masculina,
1381 3894 1589 3960 intellectu
1672 3891 1673 3940 l

360 4131 470 4194 ligreco
541 4132 572 4182 12
590 4131 615 4182 in
633 4137 658 4182 ‘a
676 4131 781 4192 desinit,
799 4149 880 4198 cupra
898 4133 942 4186 lin.
963 4135 1029 4184 sicut
1047 4132 1153 4184 achillea
1240 4135 1272 4186 rt
1290 4133 1462 4185 cletemestrae
1532 4137 1589 4198 qni.
1671 4195 1672 4202 ἵ

291 4212 424 4261 suprascr.
443 4207 539 4248 orestes
603 4213 691 4262 suam,
707 4216 840 4264 cupream.
858 4202 1041 4252 cleterneatram
1110 4198 1280 4267 interluceret]
1299 4201 1333 4253 ln
1349 4218 1429 4268 uturp.
1448 4201 1493 4264 t'ns.
1510 4205 1590 4269 cipue
1671 4216 1672 4235 ι

292 4269 411 4330 oppoelto
435 4267 540 4330 imper
556 4271 673 4330 lepuntur
689 4267 764 4318 duee:
790 4267 956 4332 Clytemestra
969 4284 1035 4319 uxor
1047 4268 1096 4320 luit
1107 4271 1309 4336 Agamemnonis
1328 4271 1371 4332 qui
1389 4285 1446 4318 cum
1465 4285 1588 4322 reuersus

292 4331 386 4383 luisset
404 4348 436 4382 ex
455 4333 520 4383 bello
539 4333 662 4394 Troiano,
681 4333 828 4386 interlectos
846 4348 886 4386 est
902 4351 948 4402 per
968 4337 1082 4403 Egistum
1101 4337 1252 4388 adulterum.
1288 4336 1351 4387 Nem
1374 4352 1430 4387 eum
1450 4338 1589 4402 ingressus

291 4399 383 4450 luisset
400 4400 503 4450 domurn
522 4417 605 4460 suern,
625 4401 715 4452 obtulit
732 4404 754 4452 ei
772 4403 815 4454 ille
833 4401 996 4455 Cletemestra
1015 4414 1110 4455 uestem
1129 4407 1184 4455 sine
1202 4406 1312 4471 capitio,
1335 4419 1411 4467 ‹yuunr
1433 4419 1489 4454 cunr
1510 4408 1589 4457 uellet

292 4467 397 4518 induere
415 4477 438 4518 et
456 4470 578 4534 capitium
597 4469 712 4520 inuenire
730 4485 780 4520 non
799 4483 902 4537 posset,
920 4472 951 4522 ab
971 4472 1061 4538 Egisto
1079 4473 1193 4524 adultero
1212 4475 1312 4524 occisus
1330 4484 1377 4524 est.
1402 4471 1476 4522 Vnde
1494 4487 1589 4539 postea

293 4536 324 4584 ab
342 4533 432 4586 Oreste
458 4535 510 4587 llllo
533 4553 581 4588 suo
604 4537 735 4588 interfecte
757 4550 809 4598 est,
839 4540 883 4602 qui
907 4551 998 4605 postea
1019 4539 1110 4603 furuit,
1138 4541 1170 4592 de
1196 4541 1268 4592 errius
1297 4541 1407 4591 miseriis
1430 4539 1587 4593 Horatius

293 4671 451 4735 tragoediam
469 4671 541 4732 lecit,
560 4673 627 4724 idest
645 4672 789 4724 luctuosum
806 4689 916 4728 carmen.
984 4677 1017 4726 22
1032 4631 1239 4728 'lemininasono
1307 4679 1340 4728 27
1358 4677 1498 4728 lroneainrn
1555 4681 1588 4730 at

292 4735 403 4788 fronesis
421 4754 496 4804 grece
562 4744 597 4794 30
614 4741 744 4807 glicerium
762 4743 848 4809 glicon
866 4759 941 4809 grece
1009 4742 1140 4810 glicerium
1213 4747 1246 4796 82
1265 4745 1304 4796 uel
1323 4743 1524 4812 babitus.eupru
1544 4751 1587 4798 lin.

294 4805 327 4856 33
343 4820 418 4872 greca
435 4807 576 4860 litostratua
1669 4803 1670 4818 ¹
