3316 5566
305 365 365 430 142
816 367 886 421 Ans
905 366 1080 420 nnonrnl

301 555 391 626 alins,
415 557 471 618 nisi
493 558 651 635 genetinns
673 564 800 618 tontum:
824 558 908 618 euius
930 557 1010 618 enim
1032 557 1188 636 genetiuus
1209 553 1370 634 singularis
1384 564 1444 624 est.
1468 561 1502 616 nt
1516 555 1591 614 onius

301 657 379 719 lilius
401 665 446 740 est
466 703 611 722 ......
633 661 726 739 ipsius
748 657 840 728 tilins;
863 661 907 719 sio
928 657 1047 739 quondo
1069 657 1136 720 dieo
1158 659 1243 720 ‘onia
1264 667 1310 719 est
1330 656 1414 732 lilia’,
1442 657 1591 735 gemellum

302 758 461 838 singularis
482 769 542 830 est,
572 759 630 822 tole
659 769 704 822 est
731 779 766 821 eo
787 761 812 820 si
839 759 936 820 ‹lioem
964 758 1060 822 ‘illius
1082 760 1169 822 tilio’.
1213 759 1286 822 ltern
1314 761 1413 822 onium
1440 759 1592 836 genetiuns

302 859 459 941 singularis
481 871 539 932 est,
565 863 648 924 utin
672 863 844 943 Virgilio:

476 961 540 1025 llio
563 963 650 1025 mihi
673 963 847 1026 Damoeta
871 965 994 1026 ouium
1016 982 1131 1044 pecus
1153 983 1196 1025 nn
1218 961 1409 1034 Meliboei,

304 1083 382 1126 nono
406 1081 489 1127 more
511 1066 699 1128 introductus
721 1075 768 1128 est
788 1068 845 1128 inte
868 1067 1038 1145 genetiunn,
1062 1067 1199 1146 quoniam
1215 1084 1235 1126 n
1251 1063 1361 1144 regulis
1377 1065 1509 1134 recessit.
1530 1064 1592 1142 quie

303 1165 401 1228 nullus
428 1169 585 1246 genetiuns
612 1169 765 1230 inuenitur
791 1169 821 1228 in
844 1187 859 1230 e
882 1175 933 1230 ent
954 1169 984 1230 in
1015 1185 1064 1228 nm
1092 1168 1269 1229 terminatus
1296 1167 1327 1226 in
1355 1167 1475 1228 nomine
1497 1162 1546 1226 nel
1567 1165 1592 1222 in

302 1269 481 1348 pronomine
509 1277 559 1330 ent
587 1272 616 1331 in
640 1269 796 1350 participio
819 1271 951 1350 exeeptis
972 1267 1021 1330 hin
1049 1271 1127 1330 ‘onie
1151 1271 1274 1330 ouinm’.
1317 1267 1380 1329 Neo
1401 1275 1487 1348 putes
1509 1265 1592 1327 olium

303 1389 368 1432 esse
392 1387 508 1442 cesum.
531 1371 590 1434 nisi
612 1372 798 1450 gonotlnum:
822 1388 909 1449 orgo,
932 1371 1010 1433 sient
1032 1369 1142 1432 dietum
1166 1381 1224 1445 est,
1247 1371 1400 1432 inuenitur
1422 1386 1592 1450 pronomen.

303 1470 354 1532 ubi
377 1472 534 1550 genetiuns
560 1470 658 1548 solns,
689 1480 720 1533 nt
741 1473 826 1535 onius
849 1473 913 1534 onie
942 1474 1054 1534 ouium.
1099 1472 1252 1533 inuenitur
1275 1474 1462 1534 acerontinus
1484 1479 1623 1534 tantumn

303 1575 410 1634 ceteris
433 1572 652 1643 delinientibus,
682 1581 781 1635 otest
809 1591 913 1637 eooum
942 1591 1042 1636 eonem
1070 1573 1173 1645 ellum,
1204 1593 1259 1636 neo
1282 1591 1440 1653 possumus
1460 1573 1592 1635 inuenire

301 1675 375 1736 ellos
397 1683 448 1738 eut
471 1691 611 1753 umquem
635 1693 791 1755 possumus
813 1676 913 1738 dicere
935 1694 1024 1738 eoous
1047 1677 1110 1738 eooi
1131 1687 1211 1737 oeno.
1249 1675 1393 1748 Quamuis
1416 1675 1492 1757 opud
1515 1684 1592 1736 uete-

301 1797 351 1839 res
374 1777 446 1839 hoec
470 1778 648 1857 pronomina
670 1777 815 1839 declinate
831 1779 1035 1848 inueniuntur,
1051 1777 1109 1840 hoo
1124 1785 1169 1839 est
1183 1781 1270 1840 onius
1286 1778 1333 1840 uel
1350 1780 1417 1838 onie
1432 1787 1482 1840 eut
1497 1778 1591 1838 eninm

302 1879 398 1941 tribus
420 1878 553 1950 casibus,
578 1877 652 1940 ellos
675 1877 722 1940 uel
746 1877 801 1941 elle
824 1877 986 1941 entellum
1009 1887 1085 1942 tetre
1107 1877 1237 1951 cambus.
1261 1881 1305 1942 sio
1327 1881 1415 1941 etiem
1439 1898 1524 1941 ecous
1546 1883 1592 1937 ant

302 2000 371 2044 enon
395 1985 461 2044 siue
485 1998 590 2044 econm
611 1988 701 2061 pente
725 1981 841 2044 nasibus
863 1992 989 2062 ‚ueteres
1017 1981 1219 2051 declinabant,
1237 1979 1248 2064 ΙΙ
1266 1983 1285 2043 i.
1305 1979 1412 2064 nvp
1435 1981 1487 2044 sed
1508 1979 1623 2042 morton

301 2083 391 2146 unlus
414 2101 500 2146 cesos
523 2092 568 2145 est
589 2101 765 2164 pronomen.

371 2323 384 2372 1
403 2321 550 2386 genetiuum
620 2323 636 2371 2
654 2321 722 2371 illins
740 2317 790 2388 est]
813 2321 941 2372 Lacunam
958 2325 996 2373 rio
1011 2321 1069 2386 fere
1092 2325 1212 2388 explens:
1236 2321 1288 2374 tole
1304 2334 1344 2373 ess
1361 2337 1391 2372 oo
1408 2323 1432 2372 si
1448 2321 1541 2382 dinero,
1559 2319 1591 2382 rs.

300 2404 355 2456 rep.
425 2387 556 2454 lenium]
576 2391 651 2439 onius
702 2391 762 2439 lin
781 2386 901 2458 Virgilio]
921 2391 977 2442 lici.
996 2391 1081 2442 1111
1141 2391 1295 2443 bdnmuetn
1346 2393 1425 2440 tiore
1475 2390 1590 2453 quonian

304 2456 417 2522 regulus,
435 2458 562 2507 eom-lis
614 2459 808 2508 'ltenninntnm
878 2459 1047 2524 Spar-tioipie
1082 2471 1157 2526 potos
1226 2461 1335 2510 tiresus
1407 2461 1439 2509 10
1455 2450 1588 2518 inuenitur]

302 2525 336 2586 cs.
355 2525 445 2589 Pomp.
464 2527 523 2588 210,
544 2527 579 2576 30
648 2527 678 2575 11
697 2525 867 2576 dilloienribns
937 2529 1068 2592 possimne
1138 2529 1169 2576 12
1182 2539 1226 2576 eut
1243 2541 1365 2590 nmqnnrn
1382 2523 1533 2592 possumus]
1552 2537 1591 2572 nnt

302 2593 364 2655 qnid
382 2606 489 2658 possum
508 2595 564 2643 ond.
584 2595 706 2656 nnmqnitl
727 2609 866 2658 possumus
884 2595 1019 2660 Pompeios
1038 2595 1118 2645 Keilii
1172 2594 1256 2645 ocolus
1274 2595 1314 2644 uel
1332 2609 1407 2646 eccon
1476 2597 1506 2645 iti
1522 2595 1591 2641 inuo-

303 2660 398 2710 nilttnr
501 2663 532 2710 14
550 2675 634 2710 eoornn
723 2664 754 2712 tn
773 2663 828 2711 siue
846 2661 921 2712 ellum
1009 2665 1041 2712 16
1059 2664 1134 2712 nnius
1154 2661 1244 2728 onsns]
1265 2663 1289 2712 in
1309 2679 1339 2712 ns
1358 2677 1436 2712 rrnnm
1455 2673 1518 2711 sunt.
1556 2660 1590 2708 lie

298 2729 436 2793 postremis
453 2727 487 2789 rs.
508 2730 639 2793 Virpitinnr
658 2731 778 2780 Asianum
794 2747 820 2794 p.
841 2732 893 2780 138
911 2729 978 2781 Mai.
