3560 5574
478 363 753 417 nrrnannnrren
772 361 982 415 ennuonvu.
1306 356 1370 422 289

156 551 238 614 lotar
260 571 369 634 capere
392 562 422 616 et
443 553 582 635 decipere
605 552 663 614 hoc
687 555 825 624 interest,
849 549 927 632 qued
944 549 1077 630 capimus
1097 549 1185 610 etiam
1209 556 1367 620 merentes,

69 653 237 734 decipimus
259 657 448 726 innocentes,
471 663 521 718 aut
544 658 678 736 capimus
700 662 778 732 arte,
803 654 968 734 decipimus
990 651 1141 714 insidiose.

153 757 239 820 lnter
261 759 419 820 consilium
442 767 472 820 et
493 761 672 824 sententiam
696 759 753 823 troc
775 758 914 826 interest,
939 754 1017 836 qued
1040 755 1196 817 consilium
1219 756 1369 835 cogitatio,

70 861 220 920 sententia
243 860 362 922 consilii
385 862 598 941 pronuntiatio.

46 977 58 1016 ⁵
155 959 239 1023 Inter
268 963 330 1023 lers
358 971 389 1022 et
416 963 566 1024 iortunam
596 962 653 1024 hoe
681 963 821 1032 interest,
850 961 929 1041 qued
961 959 1022 1022 lers
1050 979 1137 1022 casus
1164 968 1223 1029 est,
1252 959 1370 1020 ierteoa

70 1062 122 1123 dea
146 1071 207 1138 est,
232 1072 262 1125 et
284 1064 431 1142 quidam
455 1066 497 1126 sic
521 1061 639 1126 uolunt:
664 1063 738 1126 ‘lere
761 1071 910 1143 tamquam
933 1080 1014 1133 sors,
1037 1061 1115 1122 idest
1137 1066 1241 1123 mers)

154 1163 237 1226 Inter
261 1165 446 1228 uoluntatem
469 1175 499 1229 et
520 1165 704 1246 uoluptatem
735 1165 791 1226 hec
818 1167 960 1236 interest,
991 1164 1069 1244 qued
1098 1164 1238 1226 uoluntas
1269 1165 1369 1232 animi,

72 1267 209 1345 uoluptas
231 1271 370 1349 corporis
392 1277 447 1330 est.

155 1371 245 1431 Inter
271 1371 385 1431 intereo
414 1379 444 1432 et
470 1370 619 1432 interdum
648 1371 704 1432 lree
733 1373 873 1440 interest,
894 1369 984 1447 duod
1013 1367 1163 1430 interdum
1194 1367 1369 1430 aduerbium

41 1473 216 1552 tetemporis
239 1479 299 1542 est.
322 1473 437 1534 interea
459 1490 545 1534 causa
568 1474 623 1535 rei.

155 1573 237 1635 lnter
261 1573 441 1636 meditamur
465 1583 495 1635 et
516 1573 689 1636 melitomur
711 1572 768 1634 hec
790 1575 932 1644 interest,
958 1571 1035 1650 qued
1060 1571 1238 1634 meditamur
1260 1575 1368 1641 anime.

74 1673 243 1737 melitamur
267 1694 405 1755 corpore.

156 1776 239 1839 Inter
262 1776 397 1839 homines
419 1787 448 1839 et
471 1777 580 1839 bestias
602 1777 658 1839 hoc
682 1779 819 1847 interest,
849 1775 928 1857 qued
958 1776 1069 1837 bestiae
1098 1778 1194 1838 uentri
1223 1777 1369 1844 seruiunt,

74 1878 210 1940 lremines
233 1880 354 1940 rationi.
1232 1953 1237 1960 ἢ
1267 1951 1273 1959 ,

42 1995 64 2034 ¹⁵
157 1981 239 2042 ieter
263 1999 352 2060 surgo
376 1990 405 2042 et
427 1999 540 2059 exurge
563 1999 689 2061 resurge
711 1998 860 2058 consurge
883 1982 1005 2059 insurgo
1032 1981 1089 2042 lrec
1117 1982 1259 2050 interest,
1290 1978 1370 2060 qued

75 2101 162 2160 surgo
279 2101 392 2161 exurge
409 2082 446 2143 de
460 2081 552 2154 lecte,
575 2102 702 2163 resurgo
718 2103 734 2144 a
752 2089 860 2160 morte,
884 2100 1034 2160 consurgo
1057 2101 1124 2143 cum
1147 2082 1222 2152 aliis,
1246 2083 1370 2160 insurge

76 2185 102 2244 io
125 2184 210 2246 alies.

155 2285 236 2347 inter
266 2284 459 2347 uelumtatem
489 2294 519 2347 et
548 2286 730 2348 uoluntatem
759 2293 788 2347 et
814 2289 999 2362 uoluptatem
1031 2285 1088 2346 lroc
1120 2286 1257 2352 interest.
1291 2284 1368 2364 qued

75 2385 217 2448 uelumtas
242 2388 296 2448 uei
319 2397 378 2458 est,
402 2387 543 2450 uoluntas
565 2389 709 2459 heminis,
734 2389 870 2466 uoluptas
893 2387 1011 2449 diaboii.

43 2503 65 2540 20
156 2489 237 2550 luter
271 2488 451 2552 elementum
486 2498 515 2551 et
548 2491 720 2552 elimentum
754 2499 783 2551 et
816 2490 991 2551 alimentum
1025 2489 1082 2550 lrec
1115 2491 1254 2558 interest,
1290 2487 1368 2567 qued

76 2589 253 2652 elementum
291 2590 329 2652 de
358 2593 478 2662 litteris,
516 2592 688 2654 elimentum
719 2592 756 2653 de
786 2594 932 2653 creaturis
967 2591 1089 2660 dicitur,
1128 2591 1301 2652 alimentum
1333 2589 1370 2650 de

79 2711 161 2754 escis.
769 2691 779 2711 ’

156 2793 237 2855 Inter
259 2805 485 2856 monumentum
510 2805 539 2858 et
561 2797 775 2858 monimentum
798 2795 853 2857 ltoc
878 2798 1017 2864 interest,
1047 2794 1126 2873 quod
1154 2795 1369 2857 monimentum

78 2899 247 2967 memoriae,
271 2907 496 2958 monumentum
520 2897 690 2977 sepulturae
713 2897 847 2959 dicimus.

46 3011 67 3048 25
157 2999 237 3060 lnter
260 2997 348 3060 simul
372 3006 401 3061 et
422 3000 523 3060 simitu
548 2999 605 3060 hec
626 3001 765 3069 interest,
796 2998 874 3079 qued
897 2997 983 3060 simul
1006 3017 1063 3061 una
1088 3000 1260 3078 pariterque
1282 2995 1370 3078 †res

79 3097 192 3171 clamat,
218 3107 250 3160 ut
272 3099 372 3161 ‘simul
387 3099 525 3178 legimus’
548 3100 834 3162 ‘simulacribimus’
851 3098 862 3183 ΙΙ
880 3097 988 3162 [116³
1006 3098 1035 3184 ll,
1060 3103 1160 3162 simitu
1182 3099 1239 3161 leci
1262 3101 1369 3179 recipit

79 3201 317 3278 significationem
341 3210 488 3282 tamquam
512 3203 612 3264 ‘simul
635 3204 699 3265 itu’.

157 3304 238 3364 inter
260 3313 359 3382 grates
382 3313 411 3365 et
432 3305 541 3383 gratias
570 3304 625 3365 lree
652 3307 793 3385 interest,
822 3305 899 3384 quod
929 3311 1029 3383 grates
1057 3305 1230 3372 referimus.
1259 3304 1369 3382 gratias

80 3421 196 3480 agemus.

140 3695 155 3743 2
173 3693 296 3743 insidiere
348 3694 464 3759 cepimus
487 3703 663 3743 merentes-
682 3695 807 3744 insidiose
827 3694 1000 3757 Goldefredns
1017 3711 1043 3758 p.
1064 3696 1113 3743 106
1197 3697 1213 3744 3
1232 3693 1368 3743 consilium

82 3762 291 3826 -pronumiario
306 3761 478 3823 Gordosredus
495 3778 521 3826 p.
535 3765 583 3812 166
635 3761 796 3812 birrorunam
816 3762 865 3812 lrec
883 3774 922 3812 est
964 3777 1052 3810 meses
1071 3772 1110 3810 est
1152 3761 1205 3812 l'ors
1224 3777 1299 3812 casus
1319 3771 1368 3820 est,

81 3825 174 3878 ienuna
190 3830 250 3879 dete
268 3839 308 3878 est
325 3841 349 3878 et
366 3829 471 3892 quidam
491 3856 522 3865 -
540 3830 594 3878 locs
611 3841 735 3892 tanquam
754 3846 822 3880 mers
843 3831 1015 3892 Goldesredna
1032 3847 1058 3894 p.
1078 3833 1127 3879 106
1196 3831 1210 3880 ’l
1229 3841 1253 3879 et
1272 3829 1370 3879 uelum-

82 3905 167 3957 ptatem
185 3897 232 3947 hoo
250 3907 290 3946 est
357 3897 539 3962 8uelumptas
575 3898 642 3947 inter
660 3897 790 3948 uoluntate
803 3909 828 3949 et
840 3898 971 3964 nelnprete
989 3897 1040 3947 lree
1058 3898 1171 3956 interest,
1191 3897 1260 3960 qrrod
1280 3897 1370 3947 ueleu-
1439 3917 1446 3930 ·

82 3975 115 4012 ras
130 3991 164 4000 -
180 3965 295 4031 eorporis
316 3965 489 4028 Gothosredus
505 3983 532 4030 p.
552 3969 613 4027 106,
637 3965 671 4030 ef.
693 3969 768 4032 lleiff.
786 3984 811 4030 p.
832 3969 882 4016 205
968 3968 984 4016 9
1007 3966 1115 4027 interea,
1136 3967 1268 4016 amintes
1338 3967 1370 4015 10

81 4029 183 4102 interiea
233 4032 359 4082 interdum
379 4059 405 4068 -
429 4047 508 4082 carisa
531 4033 565 4082 rei
591 4033 763 4098 Getdesrerlue
785 4050 811 4099 p.
836 4037 884 4083 106
989 4037 1017 4083 11
1041 4033 1193 4083 meditamur
1212 4060 1243 4069 —
1261 4047 1369 4099 corpere

83 4097 244 4162 Getdesredue
260 4117 288 4163 p.
307 4103 357 4149 106
437 4102 469 4151 13
486 4101 620 4150 seruirent
673 4104 768 4154 bestiae
787 4104 867 4151 uentri
887 4103 1004 4151 saeuiunt
1022 4102 1139 4152 hemines
1158 4102 1256 4151 retiene
1276 4101 1370 4152 601110-

80 4165 163 4224 sredus
179 4185 203 4232 p.
223 4171 273 4219 106
375 4169 407 4218 15
426 4169 490 4218 inter
508 4185 589 4234 surgu
607 4181 632 4219 et
650 4186 750 4236 exurge
768 4186 876 4234 resurge
899 4184 1030 4234 eerrsurgu
1049 4171 1157 4235 insurge
1176 4170 1224 4219 hec
1242 4183 1281 4218 esc
1298 4168 1369 4230 qued

83 4248 153 4300 surge
171 4251 268 4302 exurge
286 4236 319 4284 de
335 4235 400 4286 lecte
437 4237 502 4286 [orer
520 4253 600 4303 surgo
611 4239 760 4305 -insurgo
779 4240 805 4287 in
824 4239 888 4288 alios
906 4240 979 4289 deest
996 4239 1068 4300 opud
1086 4238 1281 4301 Getlresrerium;
1301 4236 1369 4284 laeu-

83 4315 142 4360 nam,
161 4321 231 4369 φιωιι
248 4305 363 4354 indicaui
377 4310 437 4368 poet
455 4308 554 4369 ‘turpe'
573 4306 658 4356 uerbis
676 4323 689 4356 e
707 4307 768 4356 sede
786 4311 909 4372 expleas,
928 4307 963 4366 (γ’.
977 4307 1141 4371 differentior
1157 4305 1270 4356 Terentii
1286 4321 1369 4370 pram—

82 4373 169 4434 nure,
187 4387 250 4438 pena
267 4374 293 4422 in
308 4373 396 4436 praefi
414 4369 457 4438 (de
470 4375 565 4427 000000.
576 4390 651 4425 serm
663 4391 721 4440 cup.
734 4373 797 4439 III)
816 4391 851 4425 eae
868 4375 956 4425 codiee
969 4373 1127 4424 [einsidlensi
1139 4376 1174 4424 32
1185 4391 1212 4438 p.
1227 4375 1278 4424 206
1290 4373 1369 4422 edidi.

85 4437 111 4485 lit
126 4439 190 4490 inter
207 4440 362 4490 uoluntatem
381 4450 405 4488 et
423 4440 586 4492 uelumtatem
605 4441 654 4493 hoe
672 4442 798 4505 estquod
818 4442 923 4493 nelr‘rtas
966 4441 1033 4492 inter
1052 4440 1216 4492 uelumtatem
1229 4467 1262 4476 -
1275 4439 1369 4490 diaboli

83 4505 146 4556 deest
163 4510 231 4572 apud
248 4507 439 4571 Gotdosredum.
508 4511 794 4561 201nterelementum
813 4539 846 4546 —
864 4511 896 4561 de
914 4511 980 4560 escis
999 4511 1070 4561 deest
1088 4512 1159 4575 apud
1178 4508 1369 4571 Getlrofredem.

83 4573 111 4621 23
128 4575 190 4624 lucer
206 4587 397 4625 monumentum
417 4577 576 4628 -dicimus
595 4581 756 4644 deeatapud
774 4578 964 4643 Gothosredum.
1034 4577 1068 4628 25
1086 4589 1111 4628 et
1128 4578 1247 4628 semitam
1265 4577 1314 4626 hec
1332 4585 1371 4625 est

83 4639 111 4688 26
126 4644 206 4693 semiti
283 4645 316 4694 27
334 4643 549 4709 significationem
563 4657 692 4712 tamquam
711 4646 842 4696 simillium
862 4646 938 4697 simei
956 4661 1006 4694 une
1024 4647 1118 4711 pariter
1136 4661 1201 4709 qrrae
1219 4660 1259 4694 res
1278 4642 1372 4694 clareat

84 4719 106 4756 nt
121 4711 193 4760 simul
210 4713 320 4778 legimus
338 4712 414 4761 simul
432 4713 582 4775 scribimus,
601 4715 715 4764 sirnitum
734 4714 796 4764 lucri
815 4717 904 4780 recipit
922 4713 1149 4778 significationem,
1174 4715 1249 4776 quasi
1272 4712 1372 4762 simuli-

1 4817 2 4828 ,
84 4785 128 4852 turn
141 4779 311 4843 Goldefredm
326 4796 354 4844 p.
372 4782 419 4842 01,
437 4781 473 4844 cs.
488 4782 565 4848 lleiff.
577 4799 604 4847 p.
618 4785 668 4832 201
737 4785 770 4835 28
789 4783 928 4834 rellerimus
982 4783 1048 4832 inter
1066 4782 1146 4848 gratis
1165 4792 1189 4831 et
1206 4782 1304 4847 gretins
1323 4780 1372 4830 lieo

84 4851 186 4913 rotetesr,
205 4848 274 4913 qued
292 4849 423 4913 cougratis
442 4848 589 4914 referimus,
608 4853 703 4917 gratias
723 4854 824 4916 egimus
844 4851 1018 4912 Getlrosredua
1033 4867 1061 4915 p.
1081 4852 1123 4900 91.

105 4943 193 4990 dean.
204 4959 257 4990 ur·
270 4949 354 4992 Surae.
1139 4938 1169 4985 19
