3378 5550
287 385 418 432 CXXXVI
739 367 930 420 AVCTORES
948 367 1114 421 Antoniam
1238 357 1249 376 ⁸

372 559 502 631 Quorum
524 562 605 634 quod
623 558 651 632 f.
676 555 730 618 57ι
756 561 812 620 cot.
837 565 853 616 t
874 561 1002 634 tepitur:
1045 555 1163 617 ‘Birtus
1194 554 1331 617 bolantas
1364 555 1424 618 bita
1452 556 1501 618 uel
1531 557 1581 618 his

285 661 405 730 similia,
439 679 515 740 quae
543 661 605 722 Airi
633 658 792 722 scribendo
820 660 925 720 uitiant
956 658 1123 720 omnimodo
1151 658 1301 720 reicienda
1328 667 1397 719 sunt
1424 667 1454 720 et
1480 676 1535 738 per
1557 678 1580 720 u

286 762 454 824 scribenda’
478 781 537 840 quo
558 765 625 824 iure
645 765 767 824 Isidoro
788 762 949 838 tribuatur,
973 763 1089 822 nescim
1110 767 1218 821 extare
1240 761 1273 821 id
1294 763 1380 838 ‘app
1394 761 1451 821 ΙΙΙ
1470 779 1486 820 e
1506 763 1579 824 cod.

286 867 412 927 Albanio
435 865 594 926 3:111
610 880 643 941 p.
667 873 727 924 594
748 865 853 926 Areu?
875 880 916 924 eu
937 862 1137 924 Brambucitii
1157 862 1290 936 ortitopr.
1308 879 1343 938 p.
1363 870 1421 922 tto
1440 866 1578 940 cooperi.

287 967 400 1039 onear
418 983 529 1029 reuera
551 969 581 1028 a
604 967 719 1028 aaron·
738 983 861 1043 apansa
883 967 986 1028 cottae
1007 967 1109 1042 aequo
1130 951 1228 1040 oaesi,
1252 965 1356 1026 earm
1370 967 1456 1027 mooe
1477 967 1579 1028 resae

270 1071 381 1154 ,rionis
402 1070 532 1130 eiusdem
552 1071 673 1144 petieris
691 1079 858 1146 praecepto
880 1071 1003 1130 aliunde
1023 1070 1151 1130 cottecto
1172 1069 1286 1129 inserta
1300 1083 1363 1128 csse
1383 1069 1493 1138 dicum,
1517 1085 1579 1144 quo

285 1173 317 1231 ia
337 1172 425 1234 codd.
446 1172 560 1232 Berua.
578 1179 633 1230 179
654 1182 684 1232 et
707 1179 765 1254 522
779 1171 892 1232 Isidori
911 1170 962 1232 tto.
980 1173 999 1232 Ι
1018 1172 1115 1247 capiti
1134 1171 1274 1230 uicesimo
1295 1179 1380 1231 serta
1402 1173 1466 1230 atta
1485 1187 1579 1248 prae·

285 1279 374 1350 cepta
396 1274 635 1350 odauprapitico
657 1275 848 1348 adolatiaota
868 1282 947 1336 suat.
1254 1325 1261 1342 .

369 1376 437 1435 Iam
456 1385 556 1451 potet,
576 1378 723 1452 ptossorii
735 1379 841 1451 raopni
852 1379 993 1437 lemmata
1009 1376 1263 1451 orthoproptrioa,
1288 1376 1394 1451 aarum
1411 1375 1461 1434 ‘de
1475 1376 1577 1436 artito-

282 1478 429 1554 propitia’
448 1481 673 1556 praeemptom
695 1485 750 1552 est,
775 1495 835 1539 aon
857 1495 897 1540 ex
918 1479 1024 1540 cadem
1046 1481 1118 1553 itta,
1142 1493 1221 1554 quae
1234 1479 1265 1538 ia
1280 1477 1346 1539 cod.
1360 1475 1454 1537 Bera.
1468 1483 1527 1535 522
1548 1485 1579 1538 et

285 1580 545 1656 Saupermaueosi
566 1587 646 1640 tttt
675 1575 732 1661 (cs.
758 1580 970 1642 increuit.
988 1597 1023 1656 p.
1047 1575 1213 1662 599522)
1238 1585 1373 1655 prostat,
1401 1580 1579 1641 collectione

284 1684 464 1760 depromptu
490 1701 567 1752 esse,
596 1683 650 1742 sed
674 1700 714 1742 ea
741 1685 804 1743 atio
832 1699 898 1744 cum
927 1684 998 1743 ituic
1023 1683 1176 1742 siraittirua
1202 1689 1263 1742 tum
1285 1679 1386 1742 mattis
1407 1679 1579 1743 nominetur

284 1787 408 1862 insuper
436 1786 587 1858 adaucta,
616 1785 671 1846 sed
695 1791 819 1846 carente
845 1785 920 1859 iilis,
951 1800 1030 1860 quac
1056 1784 1093 1844 ub
1124 1783 1246 1845 Isidoro
1267 1784 1288 1843 Ι
1308 1800 1379 1859 cap.
1401 1783 1518 1844 XXVI
1537 1785 1577 1844 de

285 1887 506 1964 ortdoprapitia
532 1889 671 1963 exposita
697 1895 774 1948 srutt.
823 1886 924 1963 Neque
951 1889 1029 1946 enirn
1056 1903 1130 1948 casu
1158 1886 1365 1959 factumest,
1398 1893 1432 1946 at
1457 1903 1495 1948 ue
1521 1890 1581 1948 aui

284 1991 402 2066 quidem
423 1990 555 2050 lemmata·
575 2006 615 2048 ex
636 1990 702 2064 ipso
723 1990 844 2050 Isidoro
861 1991 957 2068 petito
979 1991 1034 2050 iste
1055 1991 1160 2050 titulus
1177 1989 1448 2066 praescriberetur.

369 2091 534 2151 Praeterea
555 2092 750 2168 conpluribus
769 2089 916 2166 plossorit'
937 2090 1042 2166 maort
1063 2089 1178 2167 reputes
1198 2091 1441 2168 orttoprupieicis
1462 2092 1577 2154 Ponti

283 2196 383 2254 nescio
404 2195 489 2254 cotos
510 2209 617 2254 nomeu
639 2195 825 2270 adscriptum
846 2199 899 2254 ast.
943 2194 988 2255 Ac
1007 2196 1137 2270 primurn
1160 2194 1277 2269 quaero
1299 2197 1380 2255 iocos
1400 2194 1520 2256 uMaio
1535 2212 1578 2256 ea

281 2297 430 2370 ptossario
458 2297 607 2357 Vaticano
633 2298 776 2357 coitcctos
803 2303 883 2356 auct.
913 2297 978 2356 Vat.
1007 2296 1053 2357 VI
1070 2313 1101 2371 p.
1126 2301 1191 2354 598.
1216 2301 1285 2366 599,
1320 2307 1352 2358 ot
1384 2299 1483 2358 urania
1514 2313 1577 2358 uno

284 2405 446 2475 conspecto
467 2401 580 2460 intueri
597 2401 710 2475 possis,
732 2399 943 2459 transcribam.

328 2569 358 2632 p.
380 2546 453 2634 598.
486 2543 605 2612 'ravel
628 2549 795 2614 neentis.

374 2652 389 2713 l
413 2651 540 2716 semitas
563 2672 629 2716 cunr
653 2655 853 2735 adspiratione
876 2653 1025 2715 scribitur.

371 2751 392 2817 2
415 2755 555 2818 Flaneius
576 2774 630 2836 per
653 2775 671 2817 u
695 2764 724 2816 et
747 2775 762 2816 e
786 2763 814 2817 et
837 2758 847 2817 i
870 2756 1070 2818 scribendum.

298 2877 300 2880 ·
370 2864 387 2925 3
412 2859 541 2920 Forflees
563 2858 725 2920 secundum
755 2856 963 2938 etymologiam
994 2861 1019 2920 si
1043 2877 1058 2919 a
1082 2857 1130 2921 irio
1158 2859 1313 2930 dicuntur,
1346 2861 1512 2941 iponitur.
1543 2870 1575 2924 ut

285 2961 404 3022 iorfioes
426 2979 501 3040 quae
524 2967 592 3023 sunt
613 2968 771 3022 sartorum.
817 2960 848 3020 Si
871 2979 887 3021 a
907 2959 982 3040 pilo,
1005 2979 1039 3040 p,
1062 2969 1095 3021 ut
1116 2960 1262 3041 forpices.
1285 2981 1361 3041 quae
1384 2971 1454 3025 sunt
1475 2971 1574 3024 tonso·

284 3081 360 3124 rom.
406 3063 438 3124 Si
461 3062 498 3123 ab
520 3063 710 3141 accipiendo,
736 3069 767 3124 ut
788 3063 933 3144 ioroipes,
958 3063 1085 3142 eoquod
1102 3063 1229 3124 iornrum
1252 3066 1384 3143 capiant,
1408 3084 1483 3146 quae
1506 3075 1575 3126 sunt

284 3165 453 3235 iabrornm;
482 3166 610 3226 iormunr
639 3166 716 3226 enim
746 3165 887 3227 dixerunt
908 3165 1022 3244 antiqui
1045 3165 1186 3238 calidum,
1215 3165 1292 3227 unde
1316 3174 1346 3227 et
1368 3167 1516 3229 formosus
1538 3187 1574 3228 eo

285 3266 364 3348 quod
387 3269 508 3328 innouet
529 3267 645 3328 faciem.

367 3381 480 3466 poue.
504 3383 647 3448 4Hamus
669 3388 719 3466 qui
735 3405 750 3447 a
768 3385 891 3448 Graecis
914 3387 1061 3448 ancistrus
1083 3386 1257 3468 appellatur,
1281 3407 1348 3451 oum
1371 3389 1574 3470 adspiratione

283 3487 374 3550 debet
396 3487 500 3550 scribi.

367 3587 388 3653 5
409 3588 556 3653 Hannibal
580 3609 648 3652 oum
670 3591 688 3651 h
713 3590 914 3653 scribendum.

368 3690 388 3754 6
410 3693 526 3754 Harena
549 3711 604 3774 per
626 3691 646 3752 h
668 3701 698 3754 et
719 3712 734 3754 a
759 3691 958 3755 scribendum.

369 3791 387 3854 7
410 3795 545 3856 Harenae
567 3795 674 3857 litoris.

367 3893 387 3957 8
410 3895 595 3959 Harenosum
618 3897 695 3958 idest
717 3898 837 3960 harenis
857 3899 989 3978 pieuuur.

366 3995 386 4060 9
409 3997 478 4059 Hiat
500 3998 633 4081 hispidos
655 4000 749 4062 honor
772 4019 826 4081 por
848 4001 867 4061 h
890 4000 1055 4063 scribenda.

348 4099 387 4161 10
409 4100 591 4163 Hortandum
614 4103 782 4164 ortandunr.

353 4203 387 4265 il
411 4202 496 4265 Malle
520 4222 574 4284 per
596 4203 654 4266 duo
677 4205 697 4266 ΙΙ
719 4203 922 4266 scribendum.

347 4301 386 4366 12
408 4305 485 4366 Maio
507 4325 561 4387 per
584 4325 675 4368 unum
698 4307 706 4367 Ι
729 4305 936 4374 scribendum.
960 4307 1028 4387 quia
1052 4315 1097 4368 est
1119 4309 1212 4386 magis
1234 4308 1310 4373 unio.

347 4405 386 4468 13
408 4407 490 4469 Meae
513 4411 609 4476 uires.
633 4412 663 4471 in
687 4428 745 4490 quo
768 4418 813 4468 est
835 4410 931 4470 uirtus
954 4427 1029 4470 mea.

347 4505 387 4569 14
408 4509 505 4580 Meua,
529 4510 750 4572 subaudiendus
772 4511 857 4572 titius.

348 4607 387 4672 15
408 4612 505 4672 ileum
529 4615 595 4682 iter.
620 4633 713 4675 meam
736 4616 1019 4694 peregrinationem.

367 4733 525 4793 dabatis
546 4747 706 4808 coouomeu
730 4735 827 4796 Paulo
849 4737 878 4796 ia
901 4737 1038 4796 lemmate
1055 4737 1166 4798 rasolo
1188 4736 1374 4814 odscrrptura
1396 4753 1458 4798 esse
1479 4743 1570 4798 testa-

281 4837 333 4894 tur
356 4832 458 4895 Maius
473 4851 508 4914 p.
526 4841 581 4894 599
603 4843 663 4896 aot.
