3378 5550
280 407 362 457 cxv]
498 395 547 446 DE
567 393 783 447 COMMENTIS
801 395 893 446 utus.
913 392 951 446 IN
970 393 1057 446 DON.
1077 392 1158 448 ΛΒΤ.
1177 392 1225 444 ΕΤ
1244 392 1349 445 BARB.

364 587 384 646 i.
409 582 470 646 19t
494 585 586 658 (Bon.
606 603 641 664 p.
665 591 730 660 399,
756 591 808 661 91)
836 584 949 644 Collum
971 585 1070 646 neutri
1092 583 1212 661 generis
1234 589 1292 651 est,
1317 581 1470 644 coiiarium
1493 582 1574 642 sinri-
1598 660 1601 671 1

280 686 355 748 liter.
400 688 451 748 Fst
480 689 559 748 enirn
589 687 742 749 collarium
771 689 1001 749 instrumentum
1032 685 1111 746 colii.
1157 685 1236 762 Ergo
1263 685 1286 742 si
1315 683 1440 744 dicimus
1468 682 1600 746 ‘coitus'

278 787 398 849 collaria
422 791 525 858 caret',
550 798 582 850 ut
603 788 698 850 coiius
720 789 857 851 uideatur
880 787 1034 850 masculini
1057 789 1184 866 genueris,
1208 785 1327 847 collaria
1351 787 1485 846 feminini
1509 805 1575 846 esse

279 889 397 952 abiatiui
419 911 443 951 s·
467 910 561 963 casua,
586 911 653 954 cum
677 892 834 953 dicendum
857 893 895 952 sit
923 889 1043 952 ‘coiium
1067 889 1189 950 coiiario
1212 892 1306 950 caret'
1337 889 1358 949 i·
1381 885 1488 949 coitum
1514 907 1574 949 non

279 993 369 1054 trahet
391 1013 477 1056 suum
500 996 746 1064 instrumentum,
776 994 844 1074 quia
867 1010 956 1055 careo
980 991 1106 1053 uerbum
1135 1009 1254 1070 semper
1282 989 1410 1066 abiatiuo
1433 992 1574 1068 iungitur,

278 1095 471 1157 soloecismus
493 1096 524 1156 itt
545 1115 600 1177 per
622 1115 741 1175 genera.

362 1199 381 1258 i.
401 1195 461 1258 19¹·
485 1199 576 1272 (Bou.
589 1218 623 1275 p.
641 1205 708 1274 399,
728 1204 761 1276 i)
787 1198 842 1259 Per
858 1196 962 1260 modos
978 1197 1138 1259 uerborum
1162 1197 1235 1258 dum
1251 1193 1428 1264 soloecismi,
1453 1195 1574 1272 quando

279 1335 354 1378 nnus
383 1317 489 1379 modus
519 1337 572 1397 pro
602 1317 658 1378 aiio
686 1320 820 1397 ponitur,
848 1320 924 1378 sicut
953 1318 1013 1378 ‘itis
1041 1287 1173 1398 perieritis
1195 1317 1287 1378 arma’
1317 1333 1373 1395 pro
1396 1317 1448 1376 ‘ite
1470 1321 1575 1394 parate

277 1422 382 1489 arrna’,
406 1419 585 1480 indicatiuus
607 1438 662 1500 pro
684 1420 860 1499 inperatiuo.
904 1417 998 1480 Verba
1022 1429 1091 1479 surrt
1113 1420 1294 1480 Graecorum
1317 1434 1349 1477 se
1373 1417 1501 1477 inuicem
1523 1435 1575 1476 or·

278 1523 402 1582 tantiam
426 1522 461 1583 ad
486 1519 578 1582 belia:
601 1540 619 1582 o
643 1522 700 1582 uiri
722 1523 772 1582 itis
796 1523 905 1601 paratis
927 1539 1008 1582 arma
1031 1538 1119 1600 qoam
1144 1521 1272 1598 primum
1295 1521 1316 1580 i·
1340 1517 1492 1589 uelociter,
1515 1537 1575 1598 pro

277 1626 330 1684 ‘ite
353 1626 477 1704 parate&

362 1727 382 1787 i.
406 1721 466 1787 20·
492 1727 585 1798 (non.
604 1743 639 1802 p.
662 1731 779 1802 995,1)
802 1725 856 1786 Hic
880 1725 935 1808 init
957 1723 1159 1805 cacenphaton
1183 1723 1211 1785 in
1236 1740 1293 1784 una
1315 1731 1416 1802 parte:
1438 1724 1575 1802 arrigere

277 1829 355 1888 enim
378 1829 498 1907 proprie
523 1826 618 1889 uirilis
641 1825 767 1888 membri
791 1837 850 1896 est;
873 1829 981 1888 namsi
1004 1826 1124 1888 dixisset
1147 1828 1262 1903 ‘erige’.
1286 1824 1419 1906 pulcrius
1440 1825 1573 1894 dixisset,

278 1929 330 1989 sed
355 1948 422 1991 cum
447 1931 580 2008 ‘arrige’‚
604 1928 788 2010 kacephaton
813 1931 891 1994 iacit.

360 2032 379 2092 i.
404 2028 465 2092 21⁰
494 2034 585 2105 (Bon.
609 2051 645 2109 p.
670 2039 741 2104 396,
769 2037 818 2107 11)
848 2031 972 2104 Quidem
1003 2029 1382 2092 codices‘commemorat
1408 2047 1463 2110 pro
1490 2047 1573 2091 com·

277 2136 524 2204 nientorauerat’,
556 2134 675 2214 qnidam
704 2136 913 2202 ‘commorat',
947 2133 998 2193 sed
1030 2135 1059 2194 in
1090 2141 1215 2210 utroque
1247 2132 1334 2194 huius
1362 2130 1489 2211 exempli
1523 2141 1572 2192 est

275 2239 418 2297 ostensio.

283 2327 286 2332 Δ
361 2339 381 2400 i.
405 2335 466 2398 22α
495 2340 587 2412 (uon.
613 2357 648 2415 p.
673 2344 742 2413 399,
770 2343 800 2415 1)
830 2336 884 2398 iiic
912 2336 996 2398 locus
1030 2336 1224 2415 quadraginta
1256 2354 1396 2398 uersuum
1426 2345 1485 2404 est,
1520 2334 1571 2396 uiti

277 2450 459 2501 monstratur
480 2459 585 2502 serrsus
608 2458 702 2518 usque
725 2439 760 2499 ad
785 2439 1040 2517 rpradragesimum
1059 2457 1189 2504 uersum.
1219 2437 1398 2517 Virgilius
1420 2437 1477 2499 iroc
1499 2438 1573 2499 dicit

276 2542 313 2601 de
336 2542 477 2613 Attritise,
507 2543 558 2620 qui
586 2546 722 2623 apparuit
751 2561 805 2622 per
826 2545 974 2602 somnium
1004 2541 1064 2602 irtio
1092 2560 1145 2602 suo
1171 2541 1248 2602 Enee
1276 2549 1306 2602 et
1333 2539 1388 2600 hec
1417 2540 1508 2601 uerita
1533 2539 1571 2600 de

275 2643 490 2722 gubernatione
513 2643 692 2705 conditionis
715 2643 789 2704 dixit
812 2647 849 2704 ei.

360 2748 378 2806 i.
403 2743 465 2806 22¹1
494 2748 586 2819 (Dan.
612 2765 646 2823 p.
676 2753 744 2820 999,
771 2753 823 2822 30)
852 2745 1033 2826 Reciproeas
1062 2747 1139 2807 scire
1167 2743 1311 2806 debemus
1337 2744 1507 2816 metaioras,
1536 2755 1572 2806 nt

274 2848 332 2911 ‘aie
354 2849 499 2920 deornm’,
524 2848 601 2911 ‘uela
625 2849 759 2910 nauium'
784 2857 814 2908 et
836 2849 960 2909 ‘alarum
985 2848 1129 2925 remigia’.
1174 2846 1253 2908 Alias
1276 2847 1362 2907 unius
1384 2848 1485 2928 partis,
1510 2865 1570 2924 que

274 2970 333 3012 non
361 2953 602 3031 reciprocantur,
632 2957 664 3011 ut
692 2959 737 3012 est
765 2949 926 3012 ‘fluctuare
949 2953 1081 3030 segetes'
1112 2958 1142 3009 ct
1164 2948 1328 3027 ‘gemmare
1350 2951 1448 3010 uites'.
1493 2949 1568 3011 Nam

274 3073 332 3114 nou
349 3071 505 3133 possumus
520 3072 570 3113 eas
586 3055 626 3113 ita
643 3061 829 3122 conuertere,
855 3062 887 3113 ut
903 3051 1035 3112 dicamus
1051 3055 1198 3130 ‘segetare
1213 3050 1331 3113 ductus’
1355 3062 1385 3112 et
1406 3053 1569 3112 ‘nitescere

273 3159 428 3234 gemmas’.

359 3257 376 3319 i.
399 3253 462 3317 23¹>
486 3257 578 3330 (Dan.
590 3274 625 3333 p.
644 3265 712 3332 400,
730 3262 783 3332 30)
807 3256 904 3318 Sonus
926 3257 985 3317 eris
1009 3265 1132 3317 uocatur
1155 3257 1288 3325 tinnitus,
1312 3273 1404 3317 sonus
1426 3253 1566 3318 tubarum

274 3367 397 3419 uocatur
419 3358 555 3436 ciangor,
583 3376 674 3418 sonus
702 3357 879 3437 stipularum
907 3357 1075 3420 ardentium
1104 3366 1154 3419 aut
1182 3360 1334 3438 spinarum
1357 3367 1407 3418 aut
1428 3360 1566 3438 ueprium

273 3468 397 3522 uocatur
425 3461 571 3540 crepitus,
601 3476 692 3520 sonus
720 3458 878 3521 fractarum
909 3461 1048 3537 (tractura
1071 3462 1152 3535 cod.)
1181 3459 1321 3522 arborum
1350 3461 1450 3540 fragor
1478 3479 1568 3538 noca-,-

272 3573 334 3630 tur;
359 3563 473 3624 namsi
497 3580 528 3622 es
550 3568 660 3621 tactum
684 3561 789 3630 inerit,
819 3560 905 3622 talem
930 3580 1035 3624 sonum
1059 3561 1179 3623 uidetur
1200 3580 1303 3642 agere,
1333 3563 1416 3643 qnasi
1439 3563 1567 3625 tinnitus

272 3673 300 3725 et
324 3683 359 3724 ex
384 3666 449 3743 ipso
472 3681 545 3724 sono
569 3663 656 3724 datur
678 3665 707 3723 ei
730 3681 849 3725 nomen.
1070 3735 1074 3744 ¹
1362 3665 1365 3672 ’

355 3767 441 3827 Haec
463 3763 603 3842 quamuis
623 3773 652 3826 et
673 3765 744 3843 ipsa
766 3765 843 3828 ratis
863 3764 963 3828 exitia
983 3785 1080 3844 neque
1102 3766 1188 3830 multi
1206 3766 1305 3844 pretii
1324 3769 1459 3829 rudioris
1480 3775 1565 3828 aetu-

271 3867 310 3929 tis
332 3867 588 3942 excapitamenta,
613 3870 719 3945 quibus
740 3869 832 3929 medii
852 3867 923 3930 aeui
944 3868 1077 3930 domines
1098 3871 1141 3928 od
1152 3873 1272 3944 piparas
1286 3867 1438 3931 orationis
1458 3867 1568 3930 matus

173 4025 178 4038 ,
270 3971 496 4046 capnoscendas
512 3987 626 4047 parum
649 3970 826 4046 diliqentiae
840 3968 1013 4031 adhibuisse
1024 3972 1183 4046 modetia,
1207 3987 1275 4031 cum
1293 3970 1470 4032 eosdemne
1491 3969 1566 4031 otiis

270 4073 350 4134 artis
370 4063 593 4150 praecinctione
611 4071 754 4149 partibus·
775 4080 898 4148 rpentes
920 4075 1123 4148 antiquiorum
1145 4081 1312 4150 temporam
1330 4079 1499 4150 praecepto
1520 4091 1565 4134 se·

270 4177 389 4252 quenda
410 4194 472 4236 rem
495 4179 569 4236 satis
590 4173 790 4236 laudabiliter
810 4177 906 4249 epissc
926 4176 1151 4236 concedendum
1171 4173 1226 4252 eit,
1254 4177 1320 4236 sata
1348 4183 1437 4235 erant
1467 4175 1565 4250 diana

269 4297 348 4354 quare
369 4287 625 4354 aucuparentur:
647 4283 748 4336 cetera
770 4274 986 4349 inuidiosam
1006 4285 1036 4336 et
1057 4280 1088 4337 in
1110 4276 1198 4337 redas
1214 4277 1358 4350 sutilibus
1379 4278 1565 4338 enarrandis

269 4380 427 4442 amsaratia
448 4384 516 4442 iure
537 4383 706 4456 aerternae
727 4379 863 4441 uidebor.
