3308 5542
292 345 431 394 xxxvnl
692 329 742 380 Du
761 329 883 382 Ltssuts
901 329 1163 384 BERNENSIBVS.

372 519 447 580 Fuit
467 519 518 580 liic
544 520 622 579 liber
644 519 714 581 olim
736 518 846 581 Sancti
866 517 1011 598 moniali,
1039 522 1074 581 id
1100 521 1184 597 quod
1208 521 1390 598 subscriptio
1417 524 1594 598 saepissime

288 623 419 698 repetito
440 627 584 681 testetur:
621 618 711 682 Liber
732 619 781 682 soi
804 623 921 700 remigii
944 619 1041 682 studio
1064 622 1165 683 iratris
1193 620 1335 692 adalaldi;
1363 625 1450 684 cuius
1473 622 1595 695 fratris

289 723 451 791 Adotoldi,
476 724 529 798 qai
548 723 682 783 codicem
703 725 841 800 scripsit,
862 723 891 796 s.
918 731 973 784 13⁶
994 741 1111 800 qnoque
1132 727 1163 785 in
1186 727 1244 785 imo
1265 727 1405 800 morpine
1425 728 1535 786 mentio
1553 728 1593 798 fit

288 828 346 884 ito:
376 825 507 904 optineat
529 829 649 884 sanctus
671 821 719 884 dei
741 825 885 902 remigius
909 833 940 886 ut
963 823 999 886 ad
1023 825 1114 886 uitam
1137 831 1289 888 aeternam
1312 825 1457 906 perducat
1478 826 1593 888 adelol-

289 926 360 988 dum
382 928 451 1006 pius
473 924 621 986 dominus.

375 1029 565 1104 Bouporsios
586 1043 660 1088 nero
681 1029 845 1090 selibram
867 1047 888 1089 o
909 1030 937 1092 Ι.
953 1030 1094 1092 Russotio
1114 1033 1266 1106 occepisse
1287 1031 1417 1092 ostendit
1429 1031 1517 1106 diss.
1538 1039 1596 1091 4⁰:

292 1129 474 1210 Bongarsius
503 1130 615 1209 accepit
637 1127 696 1190 al.
719 1128 857 1192 llussatio
885 1131 1023 1212 praeside
1051 1131 1274 1194 Caluimontano
1303 1133 1511 1214 propraefecto
1534 1131 1596 1194 lin·

289 1233 422 1311 gonensi.

369 1335 630 1410 s.1⁶scripturo
653 1340 765 1404 uocot;
783 1335 814 1408 s.
834 1332 965 1397 thot*
986 1338 1099 1411 lepitur
1120 1352 1186 1396 ors
1207 1335 1317 1396 Petri
1334 1340 1595 1412 prommotici,

292 1439 379 1498 cotos
400 1445 548 1514 excerpto
570 1441 659 1500 liuius
679 1441 755 1502 libri
771 1455 804 1514 p.
829 1443 885 1497 159
905 1455 968 1514 seq.
997 1439 1142 1498 dedimus.
1188 1437 1329 1499 Auctoris
1357 1454 1464 1500 nomen
1489 1437 1518 1511 s.
1539 1439 1598 1498 tw

292 1541 447 1616 reperitur
475 1542 506 1601 in
534 1543 670 1604 carmine
697 1541 828 1618 quodam
859 1541 904 1600 od
930 1542 1014 1601 ittam
1036 1547 1133 1600 ortem
1148 1542 1338 1616 pertinente,
1360 1541 1446 1602 corios
1472 1543 1598 1602 initium

291 1649 350 1702 est:
387 1641 473 1702 ‘Hoc
496 1661 573 1720 opus
600 1645 713 1719 exipuo
741 1643 824 1720 quod
849 1643 950 1704 cernis
976 1644 1097 1703 tromite
1123 1643 1242 1718 lector’‚
1266 1641 1311 1714 es.
1329 1660 1365 1720 p.
1390 1648 1454 1702 159.
1499 1643 1599 1703 Cuius

291 1744 439 1804 carminis
460 1747 515 1820 pai
530 1747 632 1820 primo
660 1749 727 1806 toco
742 1747 841 1822 positi
860 1751 929 1806 sunt
950 1761 1057 1806 mersus
1077 1752 1159 1820 octo,
1184 1745 1228 1804 od
1248 1747 1363 1806 coteem
1385 1747 1487 1821 operis
1507 1751 1599 1805 recte

289 1847 419 1934 reiciam
448 1848 502 1920 qui
521 1863 596 1908 uero
617 1857 760 1910 secuntur
780 1848 851 1908 inde
872 1863 892 1906 o
914 1862 1005 1908 uersn
1031 1862 1128 1907 nono:
1155 1845 1233 1907 ‘Hic
1253 1849 1339 1906 sont'
1363 1854 1431 1922 etc„
1461 1849 1491 1906 in
1517 1848 1601 1906 libra·

289 1948 375 2006 initio
404 1949 473 2008 otim
502 1949 646 2010 collocati
667 1949 766 2021 fuisse
792 1950 946 2023 uidentur,
977 1950 1059 2024 qood
1083 1965 1124 2010 ex
1150 1951 1324 2024 ornamenti
1348 1951 1469 2010 ratione
1492 1949 1599 2021 focile

289 2049 453 2124 cottipitor.
498 2048 607 2126 ltoqoe
633 2068 739 2113 nereus
765 2053 833 2112 illos
854 2052 958 2127 primo
984 2056 1198 2127 excerptorum
1224 2053 1291 2112 loco
1318 2051 1444 2112 credibat
1466 2068 1498 2126 p.
1523 2058 1596 2111 159.

290 2149 350 2209 Ars
377 2152 460 2226 ipso,
491 2167 571 2226 quoe
598 2152 629 2210 in
658 2155 725 2214 cod.
756 2151 851 2212 Bern.
883 2169 1001 2228 quoquc
1030 2160 1086 2212 207
1104 2151 1134 2227 s.
1162 2159 1234 2212 165⁶
1254 2169 1317 2228 seq.
1340 2159 1440 2222 extat,
1471 2150 1504 2213 in
1533 2154 1599 2214 leoc

289 2250 369 2311 libro
395 2253 553 2326 aliquanto
580 2259 673 2314 oucto
699 2262 744 2315 ert
766 2253 926 2328 odditisf
954 2261 1040 2313 1-3
1067 2255 1183 2329 aliquot
1205 2256 1242 2316 de
1263 2257 1367 2315 littero
1394 2255 1597 2316 tractoribus:

287 2357 327 2478 ζ·
344 2359 374 2418 1⁶
398 2356 439 2428 δε
458 2358 704 2430 ειωιΙιιιιὸιΝε
730 2377 877 2452 parmae
905 2362 1025 2431 imeae
1052 2379 1165 2430 neuun
1196 2359 1365 2430 hammus
1395 2358 1504 2430 boe
1485 2379 1505 2430 e
1526 2381 1595 2428 rra·

291 2438 385 2538 itm
405 2464 434 2537 s
460 2471 495 2523 2
518 2459 699 2532 hereseos
721 2481 892 2532 marcens
912 2481 1047 2554 qureus
1076 2481 1234 2532 comeant
1255 2463 1294 2533 tu
1312 2481 1409 2532 sicut
1427 2481 1463 2532 ει
1481 2460 1597 2532 bomo

290 2582 415 2640 taraus
444 2581 680 2634 suestmmns
710 2584 906 2639 comessum
935 2568 965 2643 s.
991 2565 1024 2628 2⁵
1052 2564 1095 2634 oe
1122 2583 1303 2656 quuuuon
1336 2583 1465 2634 caesis
1494 2583 1597 2654 quse

292 2685 473 2763 efficimur
492 2684 619 2736 uocem
638 2669 899 2741 sustentatum
922 2669 1008 2744 tosro
1024 2669 1107 2730 iord:
1132 2686 1220 2760 rmcp
1239 2685 1430 2736 immarus
1450 2667 1599 2738 multon

294 2777 591 2855 crimonosorum
612 2768 654 2840 δε
673 2771 805 2840 iuuenis
826 2788 924 2862 quon
941 2771 1102 2840 auctoris
1124 2773 1207 2840 ΝοᾸ
1235 2770 1364 2861 exepto
1385 2787 1597 2862 operumve.

295 2871 352 2946 Qui
374 2873 527 2930 troctotus
547 2865 593 2927 ito
614 2885 646 2928 se
667 2869 772 2930 lambet:

376 2975 495 3032 Primum
524 2971 603 3030 nobis
632 2973 858 3048 interrogandum
880 2981 923 3030 est
947 2972 1054 3048 quando
1078 2972 1121 3030 uel
1145 2991 1200 3048 quo
1224 2981 1347 3049 tempore
1369 2971 1459 3030 littere
1482 2975 1600 3032 iouente

294 3065 422 3134 luerunt,
451 3067 541 3115 utrum
566 3057 673 3116 inerant
696 3068 757 3116 ante
781 3057 914 3115 diluuium
937 3075 970 3115 au
994 3075 1057 3116 aon.
1102 3057 1166 3116 Sine
1189 3057 1271 3115 (lubio
1301 3059 1414 3115 iuerunt
1435 3066 1498 3116 ante
1521 3058 1598 3116 dilu-

293 3151 378 3205 uium.
423 3144 488 3201 Nam
519 3141 622 3215 legitur
649 3145 680 3200 lu
710 3143 888 3219 aepistola
917 3143 1051 3202 iacobi:
1089 3143 1181 3200 Enoch
1209 3152 1273 3200 aute
1299 3143 1432 3200 diluuium
1461 3145 1599 3202 nonnulla

295 3232 439 3290 scribsisse
462 3229 560 3286 fertur.
604 3225 672 3295 Quid
697 3229 798 3302 igitur?
836 3229 989 3286 Custodiuit
1016 3227 1061 3286 illa
1090 3227 1190 3304 scripta
1212 3237 1240 3286 et
1262 3227 1322 3285 illas
1345 3228 1452 3286 litteras
1474 3229 1501 3285 iu
1523 3228 1600 3286 dilu-

295 3317 360 3374 uio?
396 3315 435 3372 Ne
456 3313 579 3388 perirent
601 3313 628 3370 in
650 3313 755 3370 duabus
778 3315 913 3372 columnis
935 3313 1037 3389 scrlbte
1060 3313 1177 3372 iuerant
1220 3313 1284 3370 lude
1307 3313 1477 3388 losepbus
1499 3325 1600 3372 narrat

294 3403 400 3459 diceus:
438 3397 512 3456 lubal
541 3395 614 3455 filius
642 3397 753 3454 Lamech
777 3415 811 3455 ne
833 3399 1018 3457 dilaberentur
1040 3399 1073 3454 ab
1095 3397 1251 3456 hominibus
1278 3415 1347 3474 quae
1371 3399 1403 3454 ab
1426 3417 1459 3456 eo
1481 3401 1601 3457 inuento

295 3486 457 3546 uidebantur
479 3490 526 3540 aut
548 3479 586 3555 (i)
613 3491 759 3558 autequam
787 3482 818 3540 ad
846 3485 971 3540 notitiam
998 3485 1140 3556 uenirent,
1168 3479 1252 3562 depeli
1270 3483 1369 3542 lol.¹3
1386 3477 1504 3562 ibimet,
1532 3503 1600 3542 curn

295 3571 475 3648 praedixisset
497 3568 520 3642 (-
523 3561 580 3647 ent)
603 3567 685 3624 Adam
716 3570 967 3626 exterminationem
996 3586 1087 3626 rerum
1116 3571 1252 3640 omnium,
1281 3586 1361 3625 unam
1384 3569 1456 3642 ignis
1479 3571 1600 3644 uirtute,

294 3657 406 3715 alteram
434 3671 502 3712 uero
531 3671 680 3730 aquarum,
713 3671 842 3728 aquarum
872 3654 981 3712 nimiam
1009 3654 1068 3727 (da)
1101 3654 1302 3710 multitudinem
1332 3652 1408 3730 (ine)
1437 3671 1498 3712 esse
1526 3655 1601 3715 dixit

296 3751 448 3800 uenturam.
486 3740 546 3814 lpse
570 3748 597 3795 et
619 3741 710 3796 socius
734 3757 800 3796 suus
823 3739 890 3797 eluas
905 3739 1045 3797 columnas
1060 3740 1185 3796 lecerunt
1200 3747 1227 3796 et
1242 3738 1332 3796 ambas
1355 3742 1600 3814 conscripserunt:

295 3827 342 3884 sed
366 3835 455 3882 tamen
483 3825 528 3880 illo
551 3823 642 3881 littere
670 3841 725 3899 quo
748 3841 861 3882 numero
885 3824 929 3882 uel
952 3827 1061 3881 nomine
1083 3825 1128 3880 uel
1152 3843 1204 3899 qua
1227 3823 1313 3898 figura
1337 3819 1399 3881 inei
1424 3827 1543 3900 scripta,
1568 3829 1599 3883 in

298 3911 434 3986 scriptura
464 3911 575 3967 minime
602 3918 776 3967 memoratur.
822 3911 887 3967 item
911 3911 981 3966 scira
1004 3928 1054 3967 nos
1077 3909 1220 3980 conuenit,
1249 3911 1275 3966 in
1305 3927 1358 3984 qua
1386 3911 1478 3984 lingua
1502 3910 1601 3968 littere

295 3998 424 4074 primitus
448 3995 551 4051 luerint
574 3995 693 4052 inuento.
725 3996 789 4052 ltem
806 3997 833 4052 iu
850 3993 978 4052 llebraica
1001 3994 1095 4069 lingua
1118 3993 1239 4068 scilicet,
1262 3997 1325 4069 quia
1347 3993 1476 4052 Hebraico
1500 3995 1599 4070 lingua

298 4091 385 4140 mater
407 4090 450 4137 cat
472 4081 593 4136 omnium
616 4079 769 4154 linguarum
787 4088 814 4136 et
829 4081 991 4138 litterarum.
1030 4079 1093 4136 lude
1115 4079 1275 4136 isidorus
1298 4080 1364 4137 dicit
1380 4076 1458 4154 (erip.
1476 4079 1533 4144 1³,
1550 4077 1599 4154 l):

297 4169 400 4225 Littera
430 4166 524 4222 Latine
551 4175 579 4222 et
606 4165 691 4224 Grece
714 4163 746 4221 ab
770 4165 882 4222 llebreis
910 4165 1040 4222 uidentur
1068 4173 1169 4222 exorte.
1214 4164 1293 4239 Apud
1320 4165 1366 4237 (m.
1390 4165 1409 4222 1
1429 4165 1504 4239 aput)
1531 4167 1601 4224 illos

298 4257 369 4309 enim
393 4253 510 4326 primurn
533 4251 635 4308 dictum
659 4259 701 4308 est
724 4249 819 4325 aleph,
843 4251 941 4308 deinde
964 4268 995 4307 er
1018 4249 1099 4308 simili
1121 4251 1308 4307 eniiutiatiuue
1330 4250 1400 4324 apud
1424 4251 1469 4322 (m.
1485 4251 1503 4306 Ι
1516 4255 1600 4325 aput)

298 4339 398 4394 Grecos
422 4335 508 4412 alplia.
553 4336 615 4392 lude
643 4345 708 4411 aptat
738 4335 847 4392 Latinos
870 4355 894 4392 a.
919 4335 1077 4393 Translator
1100 4334 1179 4408 (tur)
1202 4336 1273 4392 enim
1297 4334 1409 4391 alterius
1433 4335 1540 4410 linguae
1564 4355 1600 4394 ex

298 4421 379 4478 simili
403 4439 470 4478 sono
493 4421 612 4478 litteram
634 4421 770 4493 condidit,
794 4429 824 4477 ut
846 4438 928 4478 nosse
951 4423 1087 4496 possimus
1104 4417 1272 4494 (possumus)
1293 4419 1413 4494 linguam
1436 4419 1599 4478 Hebraicmn

298 4508 418 4564 omnium
441 4506 593 4580 linguarum
616 4515 644 4564 ot
666 4507 818 4564 litterarum
841 4523 900 4564 esse
923 4516 1044 4564 irratrem.

387 4605 460 4665 aum
475 4604 627 4705 septam:
652 4605 701 4668 nu
725 4586 999 4704 miscuerimus
1024 4604 1044 4672 ιι
1065 4611 1084 4676 a
1107 4601 1309 4676 omumou
1332 4603 1601 4666 uuummurs

299 4705 406 4769 vocis
430 4705 598 4768 sumunt
621 4707 817 4771 Pulsusuv
833 4705 844 4790 ΙΙ
861 4709 880 4768 l.
896 4705 938 4769 3b
957 4705 980 4790 ΙΙ.
1019 4709 1092 4770 Sunt
1115 4714 1214 4768 autem
1236 4704 1289 4768 llll
1312 4705 1496 4796 differentiae
1519 4706 1603 4768 idest

300 4807 351 4870 llll
374 4809 490 4889 species
513 4811 596 4868 uocis
619 4807 655 4869 de
678 4809 787 4890 quibus
811 4810 975 4889 priscianus
998 4808 1069 4870 dicit
1090 4817 1147 4870 ete.
1169 4835 1211 4860 =
1226 4806 1326 4869 Prisc.
1349 4808 1370 4870 Ι
1383 4827 1419 4885 p.
1437 4815 1465 4883 5,
1484 4816 1599 4870 5-15.
