3354 5580
472 343 518 415 ‘m
537 359 621 415 non.
639 361 766 414 aaran
784 360 963 416 urnoaau.
1306 357 1370 426 209

73 555 206 631 agentis,
230 560 263 613 ut
285 550 403 614 osculor
424 559 467 621 te,
491 559 521 612 et
541 553 572 613 in
594 553 720 613 tonnam
743 551 854 630 passini
875 553 938 631 ipsa
961 558 1006 612 est
1027 551 1175 630 patientis,
1197 558 1230 611 ut
1251 549 1370 612 osculor

72 673 87 714 a
111 665 151 715 te.
195 653 335 716 Osculum
359 663 404 715 est
426 655 543 733 siguum
566 655 661 734 panis,
685 653 800 714 basium
822 653 947 723 amoris,
969 653 1084 716 sanium
1107 653 1224 731 signum
1246 653 1370 714 Veneris

74 760 104 816 ·i·
129 757 274 817 luxuriae.
320 755 393 818 lude
415 765 444 818 et
466 754 586 836 quidam
610 762 731 834 poeta:

226 858 334 920 Basia
357 856 581 936 coniugibus
604 857 667 918 sed
692 865 728 918 et
749 856 874 918 oscula
897 856 1036 920 dentur
1058 859 1197 920 amieis.

47 980 60 1017 s
227 961 336 1021 Sauia
360 959 518 1022 lasciuis
541 961 750 1022 miscentur
772 965 876 1036 grata
900 956 1065 1021 labellis.

73 1060 107 1120 n.
123 1060 306 1140 Tempora
331 1059 530 1122 uerborum
552 1068 642 1140 quot
663 1061 768 1122 sonti
804 1058 951 1139 Tempora
974 1061 1111 1122 dicuntur
1133 1060 1369 1141 atemperando.
1384 1075 1460 1124 soom

73 1162 149 1222 Sunt
160 1170 260 1224 autem
276 1170 417 1240 quattuor
428 1171 562 1243 tempora
572 1165 651 1233 anni,
667 1181 744 1243 quae
758 1179 812 1224 sua
823 1161 1029 1224 uicissitudine
1041 1169 1260 1242 temperantur:
1276 1171 1372 1226 aestas

73 1261 183 1333 calida,
215 1261 311 1324 hiems
333 1263 455 1342 frigida,
480 1271 510 1326 et
530 1265 609 1326 inter
633 1263 705 1325 liaeo
727 1262 786 1326 duo
809 1273 879 1327 sunt
901 1263 971 1332 alia,
995 1283 1071 1344 quae
1095 1266 1216 1346 proprie
1238 1272 1371 1345 tempora

73 1364 222 1436 dicuntur,
248 1367 277 1425 ·i·
301 1365 462 1428 moderata.
501 1365 534 1427 ln
558 1366 603 1427 nis
625 1369 704 1427 euim
726 1367 864 1428 nimietas
880 1364 987 1427 caloris
1002 1372 1089 1446 atque
1105 1365 1227 1444 frigoris
1243 1367 1370 1446 reperiri

41 1485 61 1520 n
75 1469 186 1545 nequit.
224 1466 256 1527 ln
280 1465 375 1528 uerbo
397 1477 495 1528 autem
520 1476 653 1547 tempora
676 1466 815 1529 dicuntur
831 1467 1036 1530 distinctiones
1058 1469 1152 1530 nostri
1173 1476 1270 1537 aetus,
1293 1469 1371 1549 quia,

73 1567 213 1648 quiequid
243 1568 379 1637 iacimus,
409 1577 459 1631 aot
479 1571 509 1630 in
532 1571 683 1649 praesenti
705 1569 793 1630 modo
822 1569 959 1638 iacimus,
990 1572 1092 1630 autin
1115 1572 1277 1648 praeterito
1301 1571 1372 1631 leui-

18 1719 23 1732 .
74 1687 152 1740 mus,
187 1668 235 1730 uel
265 1673 296 1731 in
327 1670 607 1732 tuturo-iaoiemns.
658 1671 710 1732 Est
738 1689 810 1749 ergo
838 1677 956 1750 tempus
983 1670 1102 1750 quidam
1131 1689 1233 1734 rerum
1261 1680 1369 1734 motus.

72 1770 218 1834 Praesens
239 1770 446 1852 imperfectum
470 1791 535 1834 esse
558 1771 694 1841 dicimus.
717 1775 795 1833 siout
818 1780 847 1834 et
869 1772 1009 1848 iuturum,
1034 1773 1162 1852 eoquod
1179 1791 1237 1834 non
1261 1783 1369 1844 manet,

73 1872 122 1934 sed
146 1871 365 1953 quodammodo
389 1875 504 1935 transit.
543 1872 626 1934 Vnde
649 1881 680 1934 et
701 1893 716 1935 a
739 1874 925 1954 philosophis
946 1877 1060 1936 instans
1077 1875 1195 1949 dieitur,
1218 1869 1371 1937 aGraecis

41 1993 61 2030 n
74 1969 241 2053 ἀόριστον,
266 1975 402 2054 eoquod
427 1993 487 2036 non
509 1982 575 2037 stat.
615 1975 708 2054 igitur
729 1994 872 2056 praeseus
895 1985 1013 2055 tempus
1035 1975 1108 2037 nihil
1137 1976 1216 2038 aliud
1246 1986 1291 2039 est
1313 1979 1369 2039 nisi

73 2076 225 2146 distantia,
259 2079 288 2137 ·i·
318 2079 415 2154 ipsum
449 2075 621 2157 spatiolum,
656 2075 733 2157 quod
767 2078 846 2138 inter
877 2078 1067 2155 praeteritum
1098 2087 1143 2138 est
1170 2087 1200 2139 et
1226 2078 1369 2140 iuturum.

75 2178 162 2238 Verbi
176 2181 273 2258 gratia
288 2178 404 2240 ‘deus’z
429 2197 496 2240 cum
519 2179 585 2240 dico
609 2177 655 2250 de,
678 2197 713 2241 us
736 2178 832 2241 adhue
854 2188 997 2248 remanet,
1020 2186 1138 2239 etcum
1162 2179 1229 2241 dieo
1245 2200 1288 2252 ns,
1312 2183 1369 2242 iam

75 2280 110 2348 de
137 2282 334 2360 praeteritum
363 2290 418 2344 est.
462 2283 607 2344 Futurum
636 2281 771 2344 similiter
793 2281 1000 2360 imperieotam
1024 2288 1079 2340 est.
1122 2280 1266 2360 Quicquid
1291 2283 1368 2344 enim

74 2383 101 2441 in
124 2390 228 2442 nostro
251 2390 317 2444 actu
341 2390 395 2454 est,
418 2384 566 2444 insertum
590 2391 636 2444 est
658 2391 688 2444 et
709 2383 927 2462 imperfectum.
966 2381 1039 2444 Nam
1063 2389 1159 2462 potest
1182 2402 1247 2444 esso
1264 2393 1294 2445 et
1309 2402 1369 2445 non

42 2502 148 2547 sassa.
192 2484 270 2546 Sunt
299 2491 397 2546 antem
421 2484 566 2562 quaedam
588 2486 687 2547 lutura
710 2479 797 2566 natujl¹
815 2503 843 2564 p.
863 2479 922 2546 123
940 2480 1044 2563 {ralia
1069 2501 1144 2563 quae
1168 2485 1276 2546 cotidie
1300 2504 1368 2546 eue-

74 2587 170 2662 niunt,
201 2595 234 2646 ut
261 2585 354 2648 solem
378 2585 450 2648 oriri
472 2595 502 2648 et
525 2586 675 2648 hominem
698 2589 773 2648 mori
796 2594 826 2648 et
847 2586 937 2648 alium
960 2587 1049 2648 nasei.
1095 2586 1154 2649 ista
1177 2586 1393 2648 immutabilia.

74 2697 153 2758 suut,
182 2690 251 2768 quia
281 2687 328 2748 dei
356 2687 500 2768 dispositu
528 2690 681 2751 eueniunt.
726 2689 873 2750 Praesens
900 2688 998 2768 itaque
1021 2695 1051 2747 et
1072 2687 1204 2750 iuturum
1226 2689 1369 2768 simplicia

73 2797 152 2860 sunt,
182 2789 235 2850 sed
263 2791 456 2869 praeteritum
487 2793 517 2850 iu
547 2797 609 2852 tres
637 2790 781 2854 diuiditur
804 2790 934 2870 species,
965 2789 1100 2869 eoquod
1125 2790 1289 2871 perlectum
1313 2802 1367 2852 est.

75 2890 143 2952 Nam
159 2909 224 2952 rem
240 2899 391 2971 peractam
413 2891 606 2954 demonstrat.
650 2892 803 2971 Siquidem
826 2890 968 2953 diuiditur
989 2890 1020 2951 iu
1042 2893 1235 2970 praeteritum
1258 2893 1368 2971 imper-

43 2993 178 3054 sieotum
203 3001 234 3054 et
255 2994 287 3054 in
309 2994 501 3074 praeteritum
523 2994 688 3074 perieotum
712 3003 743 3056 et
764 2997 795 3054 iu
818 2994 1011 3075 praeteritum
1034 2991 1367 3073 plusquamperfectum.

77 3093 184 3156 [licitur
206 3112 279 3174 ergo
303 3098 496 3175 praeteritum
515 3097 738 3175 imperfectum,
763 3095 891 3176 eoquod
912 3093 1118 3174 imperieotam
1141 3113 1206 3156 rem
1227 3095 1366 3157 ostendit.

76 3195 159 3256 Verbi
173 3197 285 3275 gratia:
310 3195 392 3275 ‘quid
415 3196 544 3260 faciebas
566 3196 663 3259 herit'
702 3197 862 3277 ‘Legebam
880 3214 1011 3266 uersum,
1035 3196 1153 3278 quando
1169 3215 1217 3258 me
1233 3199 1367 3258 uoeasti.’

75 3297 140 3360 Cum
164 3299 233 3360 dieo
254 3297 424 3378 ‘legebant
451 3299 601 3378 intelligis,
625 3317 673 3360 me
695 3301 794 3378 legere
818 3317 947 3368 uersum,
971 3297 1022 3360 sed
1046 3297 1081 3358 ad
1105 3299 1194 3360 tinem
1218 3316 1277 3359 non
1300 3318 1367 3378 per·

75 3399 174 3460 iecisse
201 3406 234 3460 et
263 3399 332 3461 ideo
358 3401 565 3480 imperfectum
589 3419 654 3462 esse
676 3401 792 3462 dieitur.
838 3401 1036 3462 Praeteritum
1060 3400 1224 3480 perlectum
1248 3401 1367 3473 dieitur,

45 3517 107 3560 meo
128 3502 206 3581 quod
229 3503 391 3580 perlectam
415 3511 445 3564 et
466 3497 658 3584 praeteritam
682 3521 745 3566 rem
770 3501 963 3572 demonstrat,
986 3510 1033 3563 ut:
1057 3502 1140 3581 ‘quid
1156 3503 1253 3564 iecisti
1268 3503 1366 3564 herii'

76 3601 151 3681 ‘legi
181 3606 327 3672 uersum,
363 3612 392 3664 et
423 3622 515 3685 usque
544 3604 580 3666 ad
609 3605 700 3666 tinem
728 3604 863 3684 perduxi.
914 3605 1111 3666 Praeteritum
1139 3603 1367 3684 plusquamper-

75 3704 176 3766 fectum
205 3705 332 3775 dicitur,
361 3705 480 3786 quando
510 3708 586 3768 aetio
608 3715 710 3769 nostra
733 3708 791 3769 iam
813 3706 1019 3775 inueterascit,
1050 3713 1095 3768 ut:
1140 3705 1224 3784 ‘quid
1253 3708 1367 3770 ieceras

75 3804 101 3864 in
116 3815 162 3868 tua
184 3807 339 3869 iniautiai’
379 3806 557 3886 ‘legeram'
594 3810 739 3870 Futurum
763 3811 838 3870 siout
860 3816 890 3869 et
911 3826 1053 3888 praesens
1075 3808 1199 3886 simplex
1222 3818 1365 3870 remanet.

77 3906 158 3969 uua
174 3909 480 3972 declinationem.
510 3911 549 3972 iia
564 3911 593 3970 ·i·
606 3910 663 3981 dic,
677 3909 891 3989 sieut‘aooipe'
904 3928 958 3990 pro
972 3910 1051 3971 audi.
1082 3910 1241 3981 Dictum,
1257 3912 1366 3990 ·i·pro·
1379 3929 1429 3978 aso.
1444 3931 1476 3970 15.
1495 3931 1520 3970 aa

48 4023 66 4060 s
78 4013 247 4072 nuntiatum.
271 4007 350 4082 Sic,
364 4013 394 4072 ·i·
406 4011 458 4073 tali
470 4013 566 4084 modo,
581 4012 631 4073 tali
643 4015 767 4076 ratione.
792 4011 967 4093 Optatiuo
983 4011 1103 4082 modo,
1116 4012 1365 4092 utinamiegerem
1380 4033 1429 4080 sao,
1445 4034 1475 4072 n.
1494 4033 1519 4072 aa

79 4112 156 4172 modo
172 4122 201 4175 et
218 4115 330 4174 utinam
352 4113 481 4192 legerem
504 4113 585 4184 heri,
606 4115 717 4176 utinam
734 4115 872 4194 legissem
889 4112 954 4176 heri
970 4121 1000 4174 et
1015 4115 1128 4175 utinam
1144 4114 1282 4192 legissem
1298 4124 1365 4176 ante

80 4214 239 4290 quindecim
252 4233 356 4278 annos.
380 4215 462 4277 Cum
479 4215 761 4295 legamintelligo:
779 4235 856 4278 oum
871 4214 1041 4295 legerem,
1054 4213 1270 4295 intelligebam
1287 4235 1328 4279 eu
1338 4237 1366 4278 nr
1379 4235 1425 4283 aaa,
1439 4235 1471 4276 ss.
1486 4235 1518 4274 ss.

78 4312 233 4392 legerim,
245 4317 394 4386 intellexi;
411 4336 490 4379 cum
505 4316 692 4396 legissem,
706 4317 925 4386 intellexeram
942 4336 1020 4379 oum
1038 4317 1177 4395 legero,
1191 4317 1363 4397 intelligam.
1379 4320 1429 4367 ³⁶⁰»
1442 4321 1468 4358 ³⁶

79 4413 278 4481 lniinitiuo
300 4419 405 4480 modo
428 4425 592 4499 tempore
621 4423 817 4500 praesenti
845 4429 881 4480 et
905 4421 1114 4498 praeterito
1136 4372 1489 4500 imperieotodd2d.a

80 4617 294 4632 Ἢ

138 4777 271 4840 tequidem
290 4773 375 4842 poeta]
394 4776 514 4841 efi1aid.
533 4779 591 4844 diff.
610 4780 661 4829 398
678 4785 737 4829 tom.
759 4775 786 4827 V
799 4793 825 4842 p.
845 4781 878 4826 5²
898 4779 1004 4828 Areanl.
1080 4779 1113 4827 14
1130 4779 1213 4844 greeis
1233 4781 1363 4832 noriamou

81 4839 109 4890 20
123 4857 184 4904 qnae
200 4847 241 4895 die
263 4845 356 4896 cotidie
440 4848 474 4897 st
496 4848 564 4896 siout
581 4843 680 4912 aooipe]
704 4847 740 4908 of.
757 4846 837 4899 aedat.
856 4845 937 4896 Bora.
957 4848 992 4898 od
1009 4848 1059 4911 pel.
1077 4846 1093 4897 1
1112 4850 1144 4896 19
1161 4866 1188 4914 ρ.
1209 4851 1258 4898 751

102 4922 189 4969 tim
199 4937 252 4972 aar.
266 4931 350 4972 surra.
1131 4934 1161 4982 14
