3316 5566
625 251 835 304 bennonem.
1320 243 1396 314 109*

96 441 288 502 schematis
309 439 542 502 toreumatis
565 436 802 500 emblematis.
836 438 1008 500 lnuenimus
1031 441 1120 511 enim,
1144 441 1282 518 antiquos
1305 439 1379 500 dati-

95 561 155 603 uum
178 551 207 604 et
229 541 393 603 ablatiuum
416 539 562 619 pluralem
585 542 614 600 in
638 541 664 601 is
685 540 860 619 productam
883 539 1022 620 prolerre
1044 543 1075 601 in
1098 539 1144 601 bis
1159 542 1272 602 neutris
1287 541 1379 602 Grae·

94 647 131 704 cis
150 664 164 705 a
185 645 288 715 linitis,
313 649 346 704 ut
367 661 473 724 poema
496 644 641 723 poematis
664 650 694 702 et
716 648 824 704 cetera.
868 639 1049 702 Laberius
1077 660 1151 703 uero
1179 642 1267 703 dixit:
1295 642 1380 723 ‘Py-

94 744 296 823 tbagoream
313 742 326 827 d
342 743 392 806 iol.
411 740 493 807 102²
509 741 520 826 d
537 743 701 823 dogmam
724 741 857 804 doctus
879 745 963 812 est’,
987 742 1065 824 quod
1090 743 1256 830 exemplum
1279 753 1379 806 osten-

69 846 142 917 adit,
164 847 236 908 haec
259 849 379 908 nomina
403 847 492 907 etiarn
516 849 631 926 primae
654 845 860 906 declinationis
883 846 989 918 luisse,
1018 844 1071 906 sed
1094 852 1191 906 tamen
1216 845 1378 906 secundum

93 967 167 1010 usum
196 956 226 1009 et
256 951 404 1010 rationem
435 948 541 1009 tertiae
575 947 782 1009 declinationis
814 953 892 1008 sunt.
934 945 1006 1007 lnde
1040 947 1260 1009 Priscianus
1290 945 1379 1007 dicit:

93 1051 217 1112 Neutra
241 1069 331 1112 uero
352 1052 390 1111 in
413 1067 428 1108 a
452 1047 592 1112 Graeca
622 1057 706 1110 sunt
728 1056 764 1111 ct
785 1049 923 1110 tertiae
951 1047 1237 1116 declinationis;
1266 1065 1378 1126 genc-

93 1153 150 1212 tiui
171 1153 265 1214 enim
289 1153 422 1214 Graeci
444 1169 512 1224 τος
533 1153 563 1212 in
589 1154 638 1212 tis
660 1155 891 1212 conuertunt
912 1150 1007 1229 apud
1031 1167 1112 1222 nos,
1137 1158 1177 1211 ut
1198 1150 1268 1212 hoc
1290 1169 1380 1230 poe·

94 1273 136 1314 na
157 1254 266 1316 leuius
289 1255 481 1335 poematis.
527 1253 611 1326 Quod
636 1271 689 1313 nos
712 1252 839 1315 dicimus
861 1251 948 1312 liuius
973 1253 1118 1331 poematis
1141 1298 1250 1313 .....
1274 1250 1380 1313 Gracci

62 1355 183 1416 rodicunt
202 1353 271 1418 τῶν
294 1349 498 1437 ποιημάτων,
523 1373 578 1416 nos
600 1363 699 1416 autem
722 1354 850 1416 dicimus
873 1352 979 1414 borum
1002 1362 1174 1433 poematum
1188 1354 1258 1414 rain
1273 1355 1302 1414 in
1319 1365 1380 1414 turn

93 1467 298 1519 connectentes,

165 1559 241 1630 Orrot
255 1577 366 1638 genera
383 1561 412 1619 in
430 1578 446 1618 e
461 1560 660 1620 terminantur
674 1559 705 1620 in
722 1561 809 1620 tertia
825 1557 1043 1620 declinatione?
1072 1557 1146 1629 lino,
1162 1557 1220 1620 hoc
1236 1565 1280 1619 est
1295 1558 1380 1619 iorni·

93 1663 183 1722 ninrrm
197 1671 227 1722 et
238 1669 394 1730 nentrum;
413 1661 555 1722 feminina
567 1662 687 1741 propria
703 1659 787 1731 liaeo,
800 1669 833 1722 ut
845 1659 974 1741 Euterpe
982 1652 1121 1740 Calliope.
1145 1661 1219 1722 ltem
1234 1661 1264 1720 in
1281 1678 1296 1721 e
1313 1645 1380 1722 cor·

93 1771 192 1843 raptam
208 1765 305 1824 omnia
322 1763 441 1822 nomina
459 1761 560 1824 Latina
575 1763 739 1824 desinentia
756 1771 859 1824 neutra
871 1769 950 1832 sunt,
962 1771 994 1823 ut
1005 1761 1097 1823 sedile
1110 1761 1219 1824 monile
1234 1761 1380 1823 luminare

63 1879 82 1918 u
93 1883 223 1945 praesepe
239 1882 320 1926 marc
337 1873 400 1925 rete
416 1863 510 1925 altare
524 1865 632 1944 reptile
647 1883 736 1926 omne
751 1864 888 1944 sculptile
899 1863 1044 1942 argentilc
1056 1863 1193 1926 mirabile
1205 1863 1379 1926 rationabile

94 1966 235 2028 cochleare
250 1967 330 2028 ouile
346 1975 376 2028 et
391 1985 483 2028 unum
499 1984 608 2027 nomen
624 1974 761 2045 aptoton,
781 1966 837 2027 hoc
852 1974 898 2027 est
912 1965 1063 2028 incasuale
1079 1974 1109 2027 ct
1123 1964 1333 2028 indeclinabile
1348 1967 1378 2027 io

93 2069 222 2146 singulari
243 2087 378 2140 numero,
401 2067 458 2129 lroc
474 2075 519 2129 est
533 2067 629 2139 mille,
650 2067 728 2148 quod
751 2087 859 2129 nomen
882 2085 1039 2129 commune
1055 2077 1101 2129 est
1117 2071 1205 2130 trium
1221 2086 1378 2147 generum.

93 2169 210 2232 Dicimus
230 2173 310 2232 enirn
327 2169 407 2231 mille
423 2171 482 2232 uiri
499 2177 528 2229 ct
543 2167 623 2230 mille
639 2169 765 2230 laminae
782 2177 811 2230 et
825 2168 907 2230 mille
923 2170 1069 2256 animalia.
1105 2171 1186 2232 llaec
1205 2180 1303 2232 autern
1326 2190 1379 2233 no·

93 2273 162 2332 mina
174 2283 277 2334 neutra
291 2274 319 2333 in
333 2291 349 2333 e
361 2271 525 2333 desinentia
537 2273 577 2331 ita
589 2270 790 2334 declinantur:
807 2272 871 2333 lloc
882 2271 1036 2348 luminare,
1046 2272 1134 2334 lmius
1145 2271 1298 2334 luminaris
1310 2273 1380 2333 lmic

63 2371 215 2435 aluminari
232 2374 288 2434 boc
303 2373 449 2436 luminare
464 2393 482 2434 o
498 2373 644 2436 luminare
661 2374 699 2436 ab
719 2374 776 2435 boc
797 2373 937 2437 luminari
953 2385 982 2435 et
996 2374 1106 2454 plurali
1129 2375 1203 2436 baec
1222 2373 1379 2436 luminaria

94 2475 187 2536 borum
208 2475 400 2538 luminarium
423 2476 469 2537 bis
491 2475 689 2538 luminaribus
710 2477 784 2539 haec
802 2475 958 2536 luminaria
975 2495 992 2535 o
1008 2475 1164 2538 luminaria
1180 2475 1217 2537 ab
1233 2477 1279 2537 lrls
1292 2477 1379 2538 lurni·

93 2577 210 2647 naribus,
224 2587 253 2639 et
264 2577 339 2638 baec
352 2581 472 2638 nomina
489 2579 611 2658 triptota
628 2586 698 2639 sunt
712 2581 775 2638 siue
791 2581 821 2638 in
838 2576 983 2658 singulari
998 2595 1124 2639 numero
1139 2579 1202 2640 siue
1217 2580 1247 2639 in
1264 2577 1379 2659 plurali,

93 2677 141 2738 lroc
162 2688 203 2742 cst
224 2683 255 2741 in
280 2699 295 2740 e
319 2683 348 2740 in
371 2682 397 2740 is
418 2681 448 2739 in
473 2683 498 2740 i:
523 2683 552 2741 in
575 2679 718 2758 singulari
741 2698 877 2750 nurnero,
902 2689 936 2741 ut
958 2678 1105 2742 luminare
1126 2678 1273 2742 luminare
1294 2679 1379 2741 lumi·

94 2797 154 2839 nare
175 2783 356 2842 nominatino
372 2789 402 2840 et
424 2782 595 2842 accusation
619 2789 648 2842 et
670 2784 817 2854 uocatiuo,
842 2793 871 2844 ct
892 2779 1048 2843 luminaris
1069 2785 1218 2860 genetiuo,
1243 2790 1273 2844 et
1294 2783 1380 2844 lumi·

66 2882 273 2945 scandalion
302 2891 333 2943 et
361 2881 499 2944 ablatiuo.
544 2883 617 2945 ltem
645 2883 753 2964 plurali
782 2903 906 2945 numero
934 2886 964 2945 in
994 2901 1009 2942 a
1038 2885 1068 2943 in
1097 2885 1158 2944 ium
1185 2886 1216 2944 in
1246 2881 1315 2958 bus,
1346 2889 1381 2944 ut

94 2981 236 3046 luminaria
258 2983 416 3046 luminaria
441 2985 599 3046 luminaria
622 2985 813 3047 luminarium
836 2984 1041 3047 luminaribus.

165 3085 195 3147 lo
218 3087 227 3147 i
251 3087 309 3147 dua
339 3087 458 3148 nomina
489 3095 594 3148 neutra
618 3086 729 3149 Graeca
758 3089 969 3178 inueniuntur,
999 3097 1030 3147 ut
1058 3089 1114 3149 lroc
1136 3089 1248 3165 gummi
1272 3094 1301 3148 et
1323 3087 1379 3148 boc

95 3188 184 3267 sinapi,
208 3197 238 3249 et
259 3191 350 3249 trium
374 3206 518 3266 generum
542 3191 721 3261 communia,
745 3198 779 3250 ut
800 3189 848 3251 nte
872 3189 998 3252 ethaeo
1021 3195 1050 3249 et
1072 3189 1128 3250 lroc
1142 3189 1237 3268 trogi,
1262 3197 1291 3250 et
1306 3189 1379 3251 hacc

94 3289 150 3348 inu
169 3289 214 3352 uel
237 3291 340 3370 fruges
363 3289 450 3350 huius
473 3291 568 3369 frugis
591 3291 660 3354 lacit
683 3336 819 3352 .....
844 3292 935 3370 ‘frugi
957 3291 1058 3352 homo’
1081 3294 1188 3372 posuit.
1235 3291 1307 3352 ltem
1330 3291 1380 3352 hic

67 3398 120 3449 oet
138 3391 205 3452 baec
229 3400 257 3453 et
279 3391 336 3452 boc
360 3392 453 3460 nihili.
478 3392 526 3453 iric
548 3401 578 3454 et
600 3392 673 3454 baec
697 3401 727 3454 et
749 3393 805 3455 boc
828 3395 966 3473 mancipi.
1005 3393 1077 3454 ltem
1100 3395 1179 3471 frugi
1201 3392 1317 3456 datiuus
1334 3401 1380 3456 est

96 3497 301 3556 acominatiuo
324 3495 391 3555 inm
414 3493 461 3555 uel
484 3496 600 3574 fruges,
631 3503 659 3556 et
681 3496 823 3575 manicipi
846 3514 861 3555 a
886 3513 1040 3574 manceps,
1065 3503 1095 3555 et
1116 3494 1199 3556 nihili
1221 3499 1379 3573 genetiuus

96 3597 300 3656 onominatiuo
326 3595 464 3656 nibilum.

165 3697 205 3758 lle
227 3699 440 3759 terminatione
461 3717 489 3758 o.
528 3697 559 3758 ln
583 3715 600 3756 o
624 3708 696 3778 quot
718 3715 826 3776 genera
846 3700 1057 3760 inueniuntur?
1094 3700 1247 3771 Quattuor.
1286 3700 1318 3762 ld
1335 3709 1379 3763 est

96 3799 238 3860 masculina
260 3799 404 3861 feminina
428 3806 533 3860 necrtra
557 3802 736 3862 communia.
776 3799 936 3862 llasculina
955 3803 1087 3881 propria,
1112 3810 1145 3861 ut
1159 3803 1259 3884 Scipio
1274 3803 1379 3884 Apollo

69 3895 155 3958 atsto
175 3901 290 3962 Cicero.
328 3900 401 3962 ltenr
424 3899 601 3980 appellatlua
624 3900 797 3971 masculina,
821 3910 854 3962 ut
875 3903 924 3962 laic
947 3903 994 3964 leo
1009 3903 1099 3964 draco
1122 3904 1212 3974 ordo;
1237 3905 1377 3967 lemialna

97 4003 211 4080 propria,
233 4011 267 4062 nt
288 4003 363 4062 hacc
385 4002 458 4063 luno
475 4001 549 4064 llido
565 3999 678 4064 Allecto
693 4003 802 4076 llanto,
827 4012 856 4066 et
878 4003 952 4066 baec
967 4007 1085 4067 nomina
1102 4009 1222 4086 propria
1237 4007 1377 4069 feminina

118 4119 163 4126 -η-

154 4190 321 4240 ltoriomatls
375 4189 527 4239 emblimatis
597 4191 656 4240 tin
675 4189 715 4238 bis
771 4189 897 4240 oannis
950 4191 1059 4258 pobema
1111 4189 1227 4259 llberius]
1247 4195 1280 4258 rs.
1295 4192 1377 4247 Pn'ar.

100 4248 240 4321 intona
292 4257 469 4323 plaitagoream
538 4257 693 4324 dexemplo
745 4257 938 4324 dPriscianus]
959 4262 1107 4312 licaoniae
1120 4270 1167 4312 etc.
1180 4279 1206 4327 p.
1220 4265 1282 4324 443,
1295 4263 1377 4317 tall.

99 4319 110 4364 l
125 4327 232 4385 genetiuo
251 4339 344 4391 graeco
361 4341 409 4384 τος
427 4327 452 4374 in
473 4327 504 4374 tis
523 4327 590 4442 appo
606 4340 651 4376 nos
664 4328 857 4377 conuertiteod.
872 4327 954 4380 Bora.
968 4332 1021 4379 432
1090 4331 1106 4380 9
1125 4331 1200 4380 itarius
1219 4326 1377 4397 polrenrntis]

100 4386 182 4441 Graeco
196 4393 281 4456 formo
297 4395 436 4444 intercidit.
492 4396 523 4444 10
565 4392 618 4448 tull
637 4395 800 4459 pollemntam
852 4391 928 4448 ΤωΝ
948 4399 973 4444 ἱιι
993 4407 1038 4448 tun
1093 4401 1124 4448 tt
1142 4399 1212 4461 quod
1258 4397 1379 4450 iemldet

100 4454 139 4504 ned
182 4459 400 4527 salsedinem
452 4461 691 4528 euterplrecallope
742 4464 866 4512 iterine
919 4464 1137 4532 illsainallntet
1189 4465 1283 4517 masnile
1347 4469 1377 4519 to

99 4525 180 4576 uultile
227 4529 335 4578 cocliare
389 4531 419 4579 to
438 4535 544 4595 aptoton
595 4529 716 4580 incasaile
769 4531 941 4582 liboomille
994 4535 1025 4586 18
1044 4535 1165 4584 leminine
1218 4536 1250 4586 19
1267 4534 1378 4585 lumina-

27 4647 28 4652 ,
99 4599 259 4652 res,corr.ris
311 4600 345 4648 20
362 4597 608 4660 luminnr·e,eorr.ri
643 4599 788 4665 22tripto²¹
840 4602 874 4650 tt
886 4611 910 4650 et
922 4601 1047 4652 luminare
1058 4603 1146 4652 datiuo
1180 4605 1214 4654 25
1226 4604 1277 4653 lter
1286 4602 1379 4668 plurali

27 4717 28 4728 γ
99 4657 177 4711 tutae
209 4675 323 4716 neutrum
334 4681 410 4732 meon
443 4667 613 4717 lsscemrnnni
647 4667 680 4717 29
690 4665 772 4732 fragm
782 4665 855 4735 facit]
866 4669 974 4720 Excidit
984 4687 1071 4722 nomen
1081 4673 1143 4735 eirca,
1153 4673 1197 4737 qui
1205 4671 1288 4736 ‘srupt'
1296 4670 1376 4724 dorno'

27 4733 28 4800 ί
98 4732 307 4788 pertrectetur.
342 4734 442 4785 boethi
453 4734 525 4784 nihili
558 4735 667 4800 mantipi
703 4733 992 4805 datiarusestJdatiuem
1027 4741 1057 4790 et
1069 4740 1221 4808 mancipiae
1266 4741 1299 4794 36
1312 4741 1378 4794 alato
