3560 5574
512 378 551 432 m
570 379 655 431 nou.
674 377 943 432 nsnnsnrsuvu.
1311 374 1372 441 271

81 571 124 630 vt
147 576 184 630 et
211 577 362 631 torrere
386 569 404 628 i·
428 584 573 645 coquere;
603 574 739 647 parant
761 568 780 627 i·
803 565 923 629 student
944 574 973 628 et
995 574 1187 646 praeparant;
1211 565 1496 636 flammicremae

81 672 100 728 i·
131 669 267 746 ignibus;
299 679 335 731 et
363 670 543 748 lrangere
571 671 591 730 i·
621 669 732 730 molere
760 687 783 730 s.
807 678 928 748 parant;
956 686 1044 729 saxo
1072 667 1092 728 i·
1121 667 1209 729 mola.
1253 667 1315 732 lloc
1343 671 1374 730 in

80 771 245 850 Virgilio
267 771 304 832 de
320 771 457 832 Troianis
471 773 631 850 reperitur.
671 771 819 832 Debuerat
842 772 920 832 enim
944 772 1027 850 prius
1049 768 1150 832 dicere
1172 769 1214 830 ‘et
1236 769 1374 850 frangere

80 889 154 934 saxo
176 875 295 954 paraut'
319 883 349 934 et
371 881 431 934 tum
454 877 588 934 ‘torrere
611 874 764 934 dammis'.
811 873 897 933 Prius
920 875 1000 934 enim
1028 872 1131 950 iruges
1159 890 1231 933 saxo
1252 872 1272 932 i·
1297 873 1374 933 mola

55 978 324 1036 seomminuuntur
346 976 366 1036 i·
389 974 550 1043 moluntur.
573 974 679 1036 deinde
702 983 854 1034 torrentur
877 975 894 1034 i·
910 976 980 1052 igne
1002 982 1180 1054 coquuntur.
1217 973 1375 1035 Seruius

79 1086 180 1138 autem
209 1076 282 1138 dicit
308 1078 344 1138 in
373 1085 580 1138 commento
605 1075 777 1154 Virgilii,
807 1075 855 1136 hic
884 1094 943 1137 non
971 1095 1035 1136 esse
1058 1074 1194 1136 ordinem
1216 1084 1372 1137 mutatum.

80 1179 203 1240 Troiani
226 1180 305 1240 enirn
328 1179 431 1256 fruges
453 1180 473 1238 i·
496 1178 697 1257 trumentum,
725 1195 801 1258 quae
828 1185 894 1257 post
917 1185 1121 1258 tempestatem
1144 1175 1202 1238 illis
1223 1195 1374 1240 remanse-

80 1289 149 1342 rant
171 1290 201 1342 et
222 1282 378 1359 aspergine
395 1276 512 1361 1121011
528 1281 618 1340 maris
634 1280 818 1342 humefactac
839 1279 971 1350 luerent,
994 1278 1148 1340 torrebant
1169 1281 1188 1340 i·
1212 1279 1373 1351 siccabant,

80 1382 188 1444 deinde
210 1400 283 1444 saxo
305 1381 492 1460 frangebant.
540 1381 614 1442 Nam
645 1371 674 1442 'et
702 1381 790 1442 hodie
818 1382 923 1443 siccari
946 1389 1014 1442 aute
1036 1382 1138 1460 iruges
1161 1389 1191 1442 et
1211 1382 1255 1442 sic
1277 1380 1374 1460 frangi

48 1509 69 1545 ro
82 1484 219 1546 uidemus
242 1493 272 1546 et
294 1487 363 1562 quia
386 1483 464 1562 apud
487 1484 615 1545 maiores
638 1491 757 1546 nostros
779 1483 924 1546 molarum
947 1500 1017 1544 usus
1040 1501 1099 1543 non
1122 1490 1201 1554 erat,
1225 1484 1374 1545 humente

81 1587 239 1648 torrehant
261 1597 291 1647 et
313 1605 347 1647 ea
369 1588 399 1646 in
422 1584 497 1666 pilas
519 1583 608 1648 musa
630 1584 801 1664 pinsebant,
826 1593 855 1646 et
871 1585 928 1646 hoc
943 1595 1007 1646 erat
1022 1602 1116 1662 genus
1131 1584 1270 1654 molendi,
1294 1583 1374 1646 uude

82 1697 111 1750 et
133 1691 307 1770 ‘pinsores’
331 1686 401 1748 dicti
424 1697 507 1757 sunt,
530 1688 582 1768 qtd
603 1705 685 1749 nunc
707 1688 871 1767 ‘pistores'
896 1694 1052 1748 uocantur.
1093 1685 1251 1750 ‘Pinsere'
1274 1695 1374 1750 autem

82 1791 140 1852 dici
159 1790 315 1853 Persius
337 1788 460 1870 probat,
484 1797 532 1852 ut:

285 1891 438 1964 Olane,
460 1910 477 1953 a
499 1898 612 1986 tepgo
636 1907 740 1970 quem
764 1891 865 1953 nulla
888 1893 1034 1954 ciconia
1059 1892 1185 1972 pinsit.

49 1993 106 2056 nil
129 1994 217 2056 lane
239 1996 260 2055 i·
284 2013 302 2056 o
324 1994 472 2076 prudens:
495 2012 512 2055 a
535 1997 641 2072 t‘ergo
662 1995 683 2053 i·
700 2001 797 2062 retro:
820 2013 925 2074 quem
948 1991 1050 2056 nulla
1078 1994 1224 2056 ciconia
1251 1994 1373 2074 pinsit

83 2098 106 2156 i·
128 2115 218 2178 quem
246 2094 346 2159 nuilus
372 2095 468 2158 iaculo
501 2095 685 2158 incidentiae
715 2103 744 2157 et
771 2093 941 2158 calliditatis
970 2103 1051 2158 retro
1079 2097 1236 2176 percussit
1285 2095 1373 2158 lenus

84 2201 160 2260 enim
182 2198 300 2260 hiirons
321 2206 367 2260 est
389 2206 418 2259 et
440 2197 572 2278 prudens
593 2197 682 2258 homo
702 2197 833 2279 undique
855 2198 1090 2279 circumspectus
1112 2206 1142 2260 et
1162 2196 1296 2260 oculatus
1318 2207 1374 2268 est,

83 2301 212 2362 undeet
234 2299 344 2362 nullius
365 2300 480 2362 inimici
502 2298 631 2360 hominis
653 2298 711 2362 tela
733 2301 824 2361 timet

164 2401 401 2482 hunstrophe
425 2410 481 2462 est
503 2401 707 2463 uerborum
731 2408 888 2473 tantum,
918 2421 948 2464 s·
972 2419 1032 2464 non
1054 2403 1230 2466 sententiae.
1275 2402 1499 2478 ortonnes

52 2511 373 2584 apraeposteros,
396 2513 435 2566 ut
458 2502 625 2565 ‘ltaliam
648 2505 806 2566 contra'.
844 2505 979 2567 ‘Contra'
1002 2505 1182 2586 praepositio
1205 2512 1264 2574 est,
1287 2524 1373 2585 prac-

86 2609 189 2686 positio
219 2615 318 2669 autem
341 2623 357 2665 a
380 2605 590 2686 praeponendo
621 2605 738 2668 dicitur.
783 2606 856 2668 Cum
879 2625 950 2686 ergo
972 2609 1151 2688 supponitur
1171 2607 1203 2668 in
1225 2607 1373 2678 hocloco,

85 2709 155 2770 ordo
176 2715 388 2789 praeposterus
410 2714 456 2770 est
477 2708 497 2767 i·
521 2715 716 2788 permutatus.
761 2707 989 2788 Virgilius
1018 2709 1076 2770 hoc
1097 2709 1169 2770 dicit
1191 2709 1229 2770 de
1251 2710 1373 2772 Cartha·

85 2811 164 2888 gine,
194 2827 272 2888 quae
300 2816 403 2870 contra
425 2807 538 2872 ltaliam
561 2829 596 2870 ex
618 2812 639 2870 i·
662 2817 767 2872 contra
789 2809 914 2872 Romam
935 2812 990 2872 sita
1013 2819 1066 2872 est.
1113 2811 1204 2872 Roma
1227 2812 1306 2872 enim
1329 2818 1375 2874 est

86 2911 137 2972 hac
158 2920 243 2993 parte
267 2913 373 2982 maris,
397 2911 543 2991 Carthago
566 2931 639 2974 uero
661 2931 697 2974 ex
724 2911 791 2974 alia.
835 2911 917 2975 ltalia
946 2911 1022 2974 dicta
1052 2921 1097 2972 est
1122 2911 1160 2973 ab
1187 2909 1260 2974 italo
1286 2931 1369 2992 rege.

54 3016 223 3076 eheneas
251 3014 356 3085 mittit;
384 3013 552 3094 rapidum
580 3016 604 3074 i·
633 3002 766 3075 uelocem
793 3014 925 3076 Achaten
953 3014 990 3076 ad
1019 3031 1120 3076 naues.
1165 3014 1269 3076 Cetera
1299 3032 1525 3091 nemausense

87 3134 156 3194 quae
177 3125 354 3194 sequuntur,
370 3135 424 3196 per
438 3116 630 3196 parenthesin
651 3118 827 3198 interposita
849 3125 919 3178 suut
941 3117 1075 3195 ‘neque
1098 3117 1191 3178 enim
1214 3117 1371 3196 patrius’

87 3225 113 3277 et
133 3227 240 3280 cetera.
279 3217 343 3280 Hoc
364 3226 463 3280 autem
487 3216 524 3280 de
546 3221 645 3281 Aenea
667 3220 778 3282 dictum
802 3226 860 3294 est,
890 3219 941 3299 qui
969 3237 1036 3282 cum
1059 3227 1137 3282 esset
1158 3237 1226 3281 cum
1248 3218 1371 3292 Didone,

87 3322 162 3380 misit
182 3319 316 3382 Achaten
338 3321 520 3400 armigerum
541 3339 627 3383 suum
649 3321 686 3382 ad
709 3339 802 3382 naues
823 3330 948 3401 propter
968 3323 1135 3384 Ascanium.

167 3422 241 3486 Una
264 3421 432 3484 dictione
455 3421 514 3484 uel
541 3423 715 3503 pluribus
743 3424 961 3486 interiectis
984 3425 1003 3484 i·
1025 3424 1223 3504 interpositis,
1253 3422 1372 3504 quando
1386 3461 1408 3503 p,
1421 3451 1471 3498 401,
1486 3453 1511 3492 14

56 3522 219 3586 sutuettcet
247 3526 278 3584 in
307 3523 406 3585 medio
433 3524 519 3586 uerhi
546 3543 604 3588 una
626 3525 674 3586 uel
695 3526 797 3606 plures
826 3525 971 3588 dictiones
996 3526 1237 3606 interponuntur.
1281 3525 1524 3606 Sep-erpone

89 3627 225 3687 teutrio
253 3642 361 3688 nomen
389 3629 583 3707 compositum
613 3635 671 3690 est:
701 3627 757 3690 hoc
789 3646 847 3690 uno
876 3629 996 3689 nomine
1018 3626 1115 3690 diuiso
1138 3627 1245 3688 multae
1267 3627 1371 3690 dictio·

89 3744 137 3788 nes
157 3729 396 3806 interponuntur.
441 3728 571 3791 Plurima
600 3731 688 3791 etiam
717 3729 784 3790 talia
813 3730 945 3791 inueniri
966 3737 1101 3809 possunt.
1147 3727 1324 3792 Subiecta
1346 3749 1370 3791 s·

91 3827 155 3890 haec
177 3847 246 3910 pars
261 3829 372 3891 mundi
409 3829 678 3910 Septentrioni.
716 3831 887 3911 Septentrio
910 3841 1008 3893 autem
1024 3849 1039 3892 a
1055 3839 1170 3911 septem
1193 3831 1286 3894 stellis
1308 3833 1371 3894 axis

90 3938 218 3998 uocatos.
242 3948 318 4010 quae
332 3933 364 3992 iu
379 3950 412 3993 se
426 3932 580 3994 reuolutae
596 3941 732 3995 rotantur
747 3932 759 4016 ll
774 3930 835 3995 211
854 3932 878 4018 ll.
914 3934 976 3996 Hoc
991 3941 1089 3995 autern
1105 3936 1226 4014 proprie
1243 3936 1370 3997 ‘uuus’

61 4030 201 4104 adicitur,
223 4051 259 4096 eo
281 4031 361 4113 quod
384 4036 521 4106 uertitur,
544 4036 622 4097 sicut
643 4045 753 4115 poeta
776 4037 829 4097 ait:

436 4137 604 4198 Vertitur
625 4138 773 4200 interea
797 4139 950 4201 caelum.

166 4237 407 4319 synchysis
435 4247 500 4301 est
527 4239 808 4320 hyperbaton
837 4259 884 4302 ex
911 4241 1023 4302 omui
1050 4243 1510 4323 parteconlusump,401‚1a

92 4339 109 4396 i·
130 4343 317 4402 commixtum
340 4342 360 4402 i·
384 4341 502 4422 quando
525 4341 617 4404 uerba
641 4350 671 4404 et
692 4360 795 4405 sensus
817 4343 1050 4405 contunduntur.
1095 4344 1136 4406 Vt
1162 4347 1234 4406 tris
1262 4347 1286 4407 i·
1310 4353 1372 4406 tres
1385 4383 1406 4424 p,
1420 4372 1470 4423 401,
1484 4373 1510 4417 20

92 4455 307 4469 *ΗΕ-ὰ.-

150 4529 319 4578 descernere
388 4525 539 4594 bsernius]
565 4529 899 4594 adVerp.Aen.1179:
927 4531 1001 4581 hiulti
1019 4531 1250 4598 Hysteroproteron
1270 4539 1369 4598 putant,

1 4595 2 4664 ᾗ
93 4605 137 4644 uon
153 4597 314 4663 respicientes
338 4597 487 4663 superiora:
511 4597 572 4660 quia
594 4598 661 4647 dixit
683 4598 759 4648 undis
778 4597 894 4649 Cererem
913 4615 970 4649 esse
987 4611 1147 4666 corruptam,
1170 4615 1246 4663 qnam
1261 4613 1371 4651 necesse

1 4699 2 4702 ,
93 4659 165 4713 iuerat
183 4676 241 4716 aute
263 4667 362 4717 siccari.
380 4691 413 4700 -
431 4664 463 4715 Et
481 4666 570 4715 uolunt
587 4667 663 4715 etiam
683 4665 723 4715 hic
741 4667 868 4731 Hysteron
886 4679 1008 4733 proteron
1027 4685 1097 4718 esse:
1120 4669 1190 4732 quod
1211 4667 1305 4718 salsum
1323 4681 1369 4724 est,

1 4765 2 4768 κ
94 4726 148 4779 Nem
165 4745 188 4783 et
204 4733 330 4796 hodieque
347 4740 396 4784 etc.
465 4731 572 4798 9Nnm]
591 4733 656 4784 Sunt
673 4734 759 4786 Seruii
775 4736 854 4786 uerita
871 4739 919 4786 tt.
976 4747 1002 4786 et
1018 4736 1145 4798 hodieque
1163 4735 1269 4790 Seruios
1339 4739 1370 4789 tt

93 4793 193 4866 Persius]
212 4801 297 4854 Sat!
313 4802 435 4852 sarahe.
503 4804 536 4852 22
554 4803 705 4868 clrertagine
773 4806 806 4856 35
823 4800 911 4871 poete]
928 4804 1198 4871 Verp.Aen.11250
1266 4808 1298 4858 37
1317 4806 1372 4856 siu·

1 4915 2 4930 y
94 4863 173 4920 chrisis
189 4880 228 4920 est
243 4871 384 4938 yperbatou
