3378 5550
463 371 514 422 Du
531 369 777 426 musonuhrln
795 371 987 426 sunnonis.
1236 389 1374 439 CXXXIII

205 560 411 623 Terentius
433 561 476 622 do
498 560 614 622 uerbo
637 568 805 624 tractans
827 561 919 623 hanc
942 562 1207 626 differentiam
1228 563 1329 627 dicit.

162 663 300 725 ‘Inuoco’
323 665 354 726 in
377 665 566 738 adiutorium,
589 666 745 745 ‘prouoco’
761 662 797 725 ad
812 663 1019 736 iracundiam’,
1043 668 1142 728 ‘uoco’
1158 665 1194 727 ad
1219 663 1372 738 honorem,

1 841 2 854 χ
78 766 198 827 ‘rucco'
222 767 258 826 ad
282 767 420 836 cilicium,
444 767 578 829 ‘reuoco’
603 776 764 842 errantem,
789 769 945 828 ‘conuoco’
970 766 1068 828 simul.

163 869 287 949 ‘Surge’
311 889 327 930 e
349 868 431 940 sede,
454 871 591 948 ‘exurge’
616 888 632 929 o
655 867 742 939 lecto,
765 872 913 948 ‘resurgo’
936 888 950 929 a
975 878 1084 940 morte,
1109 871 1281 950 ‘consurgo'
1305 889 1371 932 cum

55 971 158 1044 hahis,
184 972 334 1051 ‘insurgo'
356 973 387 1033 in
410 969 495 1036 alios.

162 1075 342 1154 ‘Cognosco'
364 1076 497 1152 ignorata
520 1083 550 1136 et
570 1075 681 1142 inuisa,
705 1076 871 1151 ‘agnosco'‚
896 1090 972 1150 quae
994 1093 1010 1134 a
1033 1091 1080 1134 me
1103 1075 1287 1140 exciderunt.

161 1177 294 1240 ‘hloueo’
317 1178 498 1257 praeseutia,
523 1176 693 1237 ‘admoneo'
716 1176 825 1246 lutura,
850 1177 1048 1237 ‘commoneo’
1071 1179 1249 1257 praeterita,
1273 1178 1370 1258 ‘prae-

77 1283 199 1340 moneo'
222 1278 335 1359 aliquid
358 1278 608 1358 praecauendum.

161 1380 297 1442 ‘Precor’
321 1398 474 1462 prospera,
498 1382 672 1461 ‘tmprecor’
695 1380 828 1449 aduersa,
852 1379 1021 1460 ‘deprecor’
1045 1398 1101 1459 pro
1124 1379 1251 1441 delictis

46 1495 65 1533 u
161 1483 368 1562 ‘Contingunt'
393 1482 479 1554 bono,
503 1482 666 1544 ‘accidunt’
689 1481 780 1552 mala,
803 1484 968 1544 ‘eueniunt’
991 1491 1127 1564 utraque.

160 1585 292 1646 ‘Testor’
307 1584 431 1666 aliquid,
447 1586 626 1647 confirmans
640 1587 833 1651 sententiam,
857 1585 1030 1646 ‘contestor
1046 1603 1112 1646 cum
1133 1585 1258 1665 quodam
1274 1594 1372 1648 aucto

77 1691 166 1749 ritate
188 1687 353 1758 affirmans,
378 1688 563 1768 ‘protestor’
587 1687 741 1749 manifeste
764 1681 895 1747 cauenda
919 1686 1109 1756 denuntians,
1139 1685 1295 1749 ‘obtestor’
1313 1691 1372 1768 ,ali-

77 1777 166 1870 quem
196 1793 297 1850 iurare
326 1788 521 1870 compellens,
552 1790 711 1851 ‘attestor'
735 1788 862 1868 aliquem
886 1787 922 1849 acl
945 1791 1147 1850 testimonium
1171 1807 1295 1860 uocans,
1321 1794 1372 1868 qui

77 1895 114 1953 sit
128 1892 278 1970 dignitate
292 1891 339 1953 uel
355 1895 531 1955 auctoritate
547 1894 692 1960 eminens,
705 1891 861 1953 ‘detestor’
875 1889 984 1970 aliquid
1001 1889 1199 1952 execrandum
1215 1909 1370 1972 respuens.

45 2001 66 2039 1⁵
161 1993 218 2054 ‘llo
241 1993 305 2054 das’
328 1993 440 2072 aliquid
463 1995 586 2074 largiter
607 1993 722 2059 clatum.
745 1995 788 2054 sio
810 1992 902 2054 ‘decli'
925 1991 1116 2054 scribendum
1140 2000 1201 2064 est;
1229 2001 1260 2054 at
1281 1993 1372 2056 ‘dedo

77 2095 173 2157 dedis’
197 2095 309 2176 aliquid
333 2106 487 2166 uexatum,
512 2099 556 2158 sic
579 2095 716 2159 ‘dedidit

161 2199 309 2278 ‘Accipio'
332 2197 369 2260 ab
391 2198 463 2269 alio,
488 2199 642 2278 ‘suscipio'
665 2205 786 2278 sponte,
810 2199 958 2279 ‘recipio’
982 2197 1111 2275 aliquam
1133 2215 1197 2259 rem
1221 2199 1370 2264 amissam.

160 2301 306 2378 ‘Accipio’
330 2318 384 2380 per
399 2300 490 2362 alium
505 2303 741 2370 ministrantem,
765 2301 920 2381 ‘suscipio’
936 2299 1046 2378 aliquid
1069 2299 1175 2361 durum
1198 2299 1371 2362 aduersum·

78 2420 149 2480 que,
173 2403 309 2483 ‘incipio'
332 2421 392 2464 non
415 2411 473 2464 tam
497 2405 757 2484 compositionem,
780 2421 867 2482 quam
890 2402 1033 2464 initialem
1056 2410 1171 2483 partem
1193 2403 1348 2479 significat.

43 2513 67 2552 ³³
162 2503 308 2584 ‘Incipit'z
330 2505 400 2585 quid
423 2503 606 2576 subauditur,
623 2507 681 2566 nisi
695 2505 766 2566 hoc:
790 2505 908 2585 ‘incipit
922 2503 998 2564 liber
1012 2502 1080 2582 legi,
1103 2503 1204 2572 scribi,
1221 2507 1371 2566 narrari’l

161 2605 272 2668 ‘Ilico'
293 2605 476 2686 simpliciter,
500 2607 651 2687 ‘praedico
674 2613 735 2669 cas’
759 2605 795 2667 ad
819 2605 952 2684 plebem,
976 2605 1108 2666 ‘indico'
1131 2603 1219 2668 alicui
1241 2608 1370 2669 iuterro-

78 2709 175 2786 ganti,
198 2708 308 2770 ‘edico’
330 2711 432 2788 regiae
455 2708 580 2770 dicionis
603 2717 656 2770 est.

162 2810 265 2872 ‘Duco’
290 2809 325 2871 ad
349 2811 508 2879 honorem,
532 2811 669 2874 ‘deduco’
693 2831 709 2872 a
729 2811 890 2882 clancula,
914 2811 1033 2872 ‘educo'
1050 2828 1213 2881 coarcere,
1237 2809 1369 2872 ‘induco’
1409 2849 1412 2860 ι

79 2913 106 2972 iu
129 2913 347 2992 captiuitatem,
378 2913 528 2975 ‘adduco'
557 2913 680 2974 adrem
709 2911 908 2981 inhonestam,
939 2912 1095 2974 ‘traduco’
1125 2919 1206 2973 trans
1233 2911 1367 2984 lluuium,

46 3013 211 3074 5'seduco'
230 3016 262 3074 in
285 3033 436 3085 errorem,
459 3032 592 3076 seorsum
616 3015 706 3085 duco,
731 3014 874 3076 ‘diduco'
898 3015 1030 3076 distraho
1054 3013 1091 3076 de
1112 3031 1165 3074 suo
1188 3021 1281 3083 statu,
1305 3015 1368 3076 ‘eh-

78 3115 162 3177 duoo’
186 3135 240 3196 per
262 3119 323 3178 uim
345 3131 485 3196 precum,
509 3117 644 3179 ‘reduco'
666 3123 772 3178 rursus
793 3119 823 3177 in
846 3134 933 3177 suum
956 3125 1075 3180 statum.

144 3371 345 3422 tdilierenciam
430 3373 557 3422 Ietnoco
642 3376 789 3439 hognosco
808 3375 923 3438 ignoratn
942 3381 966 3421 et
983 3373 1067 3422 innisa
1086 3385 1215 3437 cognosco
1235 3381 1282 3425 etc.
1352 3376 1367 3424 7

77 3455 223 3491 commoneo
241 3453 356 3506 pretereo
374 3453 511 3506 premoneo
580 3442 612 3492 10
630 3443 761 3491 etueuiunt
830 3445 861 3492 1³
879 3455 968 3490 curare
985 3440 1141 3505 compellens
1188 3439 1298 3502 aliquem
1317 3457 1365 3492 om.

76 3511 136 3559 odd.
155 3509 232 3560 Beda
300 3510 332 3560 14
349 3507 459 3571 aliquem
476 3507 552 3560 Beda
602 3511 756 3559 execrodum
825 3511 857 3560 19
875 3508 1092 3575 composicionem
1138 3507 1264 3558 iuicialem
1333 3511 1367 3561 20

76 3579 165 3642 scripsi
250 3578 282 3627 21
301 3577 386 3628 iudico
405 3575 478 3626 aluus
562 3579 596 3628 23
613 3578 645 3626 ud
665 3592 769 3628 onorem
822 3578 847 3626 iu
866 3577 909 3626 uia
959 3587 984 3626 et
1000 3591 1086 3626 arcere
1153 3577 1186 3626 24
1204 3575 1238 3625 ad
1256 3591 1283 3625 re
1334 3578 1367 3626 de

76 3660 122 3694 suo
140 3657 179 3696 sta
196 3661 243 3711 per
261 3645 312 3694 uim
363 3643 475 3710 obduco]
493 3647 621 3711 supplesti,
640 3645 674 3709 cs.
697 3646 775 3711 Vero.
796 3644 852 3696 Ecl.
872 3645 906 3695 11
924 3647 973 3698 43:
998 3644 1135 3694 ‘abducere
1152 3643 1280 3708 Thestylis
1300 3649 1364 3694 orat'

76 3711 227 3778 hepterem
279 3711 380 3762 rursum
401 3723 512 3762 statuum

139 3999 321 4038 resurremus.
390 3988 405 4035 2
424 3985 499 4036 Beato
515 4003 541 4051 p.
560 3989 631 4038 2328
650 3987 687 4036 P:
712 3986 883 4036 ‘hdoocstur’
902 3987 1007 4036 daturus
1026 3987 1205 4051 patrocinium,
1224 3990 1366 4038 ‘euoenon'

74 4056 233 4120 praebiturus
252 4055 414 4116 obsequium,
428 4056 583 4105 ‘inuocetnr’
602 4065 776 4120 praestaturus
795 4055 919 4104 auxilium
937 4075 972 4096 =
989 4053 1130 4120 Aqroetios
1145 4073 1173 4120 p.
1186 4057 1254 4104 2271
1267 4057 1298 4105 Ρ.
1350 4058 1366 4106 6

74 4123 157 4189 Caper
171 4140 202 4190 p.
221 4125 292 4174 2242
310 4123 348 4173 Ρ.·
378 4121 597 4188 ‘Cognoscimue’
615 4123 733 4189 ignorata
751 4134 775 4173 et
792 4123 890 4186 inuisa,
914 4123 1101 4189 ‘agrioscimns'
1120 4140 1186 4187 qnae
1203 4123 1278 4172 nobis
1298 4125 1367 4173 exci-

74 4191 168 4242 nenne
251 4193 266 4242 'l
286 4192 424 4254 Aqroett'ur
441 4207 467 4256 p.
487 4193 568 4240 2271:
599 4189 819 4242 ‘commonemus'
838 4193 983 4258 praeterita,
1003 4191 1193 4242 ‘admonemus’
1213 4193 1365 4257 praesentio,

74 4263 292 4324 ‘praemonemus’
311 4257 405 4312 lutura.
476 4259 590 4323 thaper
605 4276 633 4325 p.
648 4263 734 4311 2243:
753 4260 866 4309 ‘Precor’
886 4273 1020 4326 prospera,
1034 4259 1182 4326 ‘imprecor’
1201 4269 1272 4314 tetro.
1290 4260 1366 4311 Beato

74 4344 98 4390 ρ.
118 4331 188 4380 2341
205 4324 252 4392 (=-
268 4329 361 4378 ineert.
380 4329 412 4378 de
430 4329 542 4393 orthoqr.
559 4344 587 4392 p,
601 4330 669 4380 2795
681 4330 730 4392 Pl:
754 4327 875 4378 ‘Precari’
894 4339 933 4378 est
951 4343 1050 4394 rogere,
1069 4327 1223 4395 ‘deprecari’
1242 4343 1366 4377 excursare
1447 4390 1448 4394 Ἰ

75 4396 112 4444 nel
130 4413 249 4463 purgare.
319 4395 458 4462 Aqroetiur
473 4412 500 4459 p.
520 4397 603 4445 22⁶6:
621 4397 733 4448 ‘Proceri
751 4407 834 4447 eutem
853 4409 892 4447 est
910 4411 1011 4462 rogare,
1031 4399 1187 4463 ‘imprecari’
1207 4395 1365 4456 maledicere,

75 4466 225 4530 ‘deprecari’
244 4477 369 4514 excusare
387 4473 412 4513 et
428 4479 539 4529 purgare
557 4479 594 4516 se.
665 4468 696 4516 10
708 4461 877 4530 Contingunt]
898 4465 996 4515 Eadem
1007 4467 1078 4530 apud
1088 4467 1237 4530 Aaroetiom
1246 4481 1274 4528 p.
1288 4468 1365 4518 2269.

75 4531 156 4597 Caper
173 4549 198 4598 p.
218 4535 304 4583 2242·
323 4531 470 4582 ‘Accidere'
489 4533 591 4582 aduersi
608 4534 704 4598 aliquid
722 4534 813 4592 dicito,
841 4535 1018 4598 ‘contingere’
1041 4533 1138 4595 aliquid
1160 4531 1294 4598 pulchrum
1317 4543 1363 4586 est.

78 4601 104 4648 tl
122 4599 223 4666 Testor]
242 4601 343 4651 Eodem
360 4601 431 4665 apud
447 4599 546 4649 Bellum
561 4617 589 4665 p.
607 4603 679 4654 2347
697 4599 742 4666 (=
759 4604 849 4652 insert.
868 4603 899 4651 de
917 4602 982 4651 orth.
999 4617 1028 4666 p.
1046 4599 1136 4668 2802).
1214 4601 1244 4651 17
1264 4601 1365 4666 Aqroe·

76 4671 121 4718 rius
132 4686 158 4733 ρ.
167 4673 237 4719 2272
245 4685 255 4719 .·
274 4673 284 4699 e
288 4669 445 4733 Recipimus’
456 4667 553 4730 aliquid
571 4669 737 4720 deferendum
755 4669 848 4736 rogati,
868 4671 1046 4736 ‘susprimus’
1066 4681 1155 4720 noenu
1172 4679 1273 4734 sponte.
1331 4671 1364 4720 23

76 4739 210 4799 Aqroetius
225 4753 253 4803 p.
272 4739 357 4787 2207:
380 4735 506 4786 ‘nequeo’
525 4736 557 4786 de
574 4740 656 4788 emico
675 4739 853 4804 prcdnccudo‚
876 4737 992 4788 ‘diduco’
1011 4747 1096 4788 eutem
1114 4739 1162 4788 hoo
1180 4747 1220 4787 est
1236 4735 1364 4796 distrel103

76 4805 136 4854 idem
151 4821 179 4871 ρ.
197 4807 281 4856 mr:
300 4804 473 4855 ‘Abducitur’
493 4805 550 4867 quis
569 4807 671 4857 adrem
691 4807 865 4867 inhonestam,
885 4806 1064 4873 ‘perducitur'
1082 4807 1114 4858 nd
1133 4806 1229 4870 studia,
1249 4805 1365 4858 ‘deduci-

78 4877 123 4920 mr’
141 4874 173 4924 sd
190 4873 327 4936 honorem,
346 4873 380 4938 rs.
400 4871 485 4939 Caper
500 4889 528 4938 p.
549 4875 627 4926 2245.
