3378 5550
504 271 553 322 DE
572 271 710 324 DONATI
730 270 932 324 PRIORIBVS.

630 472 714 538 One.
738 473 802 539 111.

373 593 433 656 Dll
455 591 575 657 LIBRI
598 591 782 657 ORIGINE
805 589 1072 656 PEREGRINA.

154 751 222 811 Iam
251 753 289 811 de
318 753 438 812 Graeca
465 769 517 812 seu
541 753 616 812 liltri
640 767 692 812 seu
718 752 876 825 scriptoris
904 751 1022 824 aripine
1050 751 1214 810 uideamus.
1260 749 1367 823 ltaque

80 870 136 912 cum
156 855 279 914 omnino
300 861 379 914 tatus
398 854 494 914 libelli
512 854 632 914 liabitas
654 855 846 928 asperitatem
869 853 1024 927 quandam
1048 852 1173 911 dicendi
1193 857 1284 926 atquc
1305 867 1365 910 ser·

80 959 163 1015 1111111
189 955 300 1016 Latini
326 972 409 1016 ianm
437 957 728 1031 neplepentissimum
752 971 832 1030 prae
858 972 891 1014 se
913 953 1017 1027 serat,
1047 961 1107 1014 tum
1137 953 1283 1014 nonnulla
1306 968 1366 1011 non

81 1059 175 1118 Latine
202 1059 288 1118 dieta
317 1060 361 1117 ita
382 1059 564 1118 solummodo
591 1064 674 1118 recte
699 1059 853 1132 adplicari
875 1063 1015 1133 possunt,
1046 1063 1079 1115 nt
1108 1064 1161 1115 ant
1189 1056 1365 1130 scriptorem

81 1164 189 1220 natione
219 1163 368 1221 Graecum
394 1157 492 1231 fuisse
518 1167 570 1221 nat
596 1167 678 1220 certe
705 1177 745 1219 ex
769 1161 887 1220 Graeco
914 1174 1049 1218 sermone
1076 1159 1107 1216 in
1129 1157 1268 1216 Latinum
1292 1157 1367 1216 naec

80 1265 218 1322 translata
241 1278 306 1322 esse
326 1263 469 1322 conicias.
514 1264 582 1321 lam
600 1279 635 1337 p.
661 1268 727 1336 155,
756 1260 922 1322 tudertin:
955 1259 1168 1334 ‘Participinm
1191 1259 1302 1318 dictum
1325 1264 1368 1316 εει

80 1368 157 1439 puni
174 1366 401 1441 particapium,
424 1365 507 1440 quod
524 1372 631 1438 partes
652 1367 754 1439 capit;
782 1363 849 1423 ltac
871 1364 947 1422 enini
966 1369 1072 1438 partes
1094 1377 1113 1420 a
1135 1363 1268 1434 nomine,
1298 1360 1368 1418 leoe

81 1468 157 1526 tntu
177 1485 198 1526 a
222 1469 339 1544 uerbo,
364 1468 424 1527 nisi
439 1483 500 1542 pro
522 1468 575 1527 illo
597 1465 678 1527 ‘noc’
702 1448 829 1539 utroque
849 1467 916 1526 loeo
938 1465 1016 1523 ‘ltus’
1031 1463 1126 1524 sarili
1145 1463 1262 1535 iubeas,
1287 1461 1368 1536 quod

2 1583 7 1624 ¹.
81 1572 165 1630 ninus
189 1570 385 1645 probmdnm
412 1577 469 1642 εει,
501 1571 703 1630 Graecismum
731 1569 926 1628 certissimum
953 1566 1096 1626 exhibent
1117 1562 1216 1624 τοῦτο
1238 1557 1300 1640 μέν
1328 1595 1361 1606 -

82 1667 231 1732 τοῦτοδὲ
252 1674 380 1748 inperite
400 1689 437 1732 aa
459 1671 578 1730 nuditer
601 1673 631 1731 in
653 1670 795 1730 Latinam
818 1671 952 1743 linpnum
975 1671 1134 1728 inuectum.
1180 1666 1213 1726 Ρ.
1241 1671 1308 1738 111,
1329 1671 1367 1722 21

82 1774 174 1834 itales:
198 1775 298 1848 ‘Erpa
320 1775 484 1834 uidenda
505 1780 588 1846 sunt,
613 1789 693 1848 quac
714 1773 869 1846 recipiunt
889 1770 1229 1845 conparationem’pro
1252 1767 1366 1826 ‘niden-

82 1877 140 1934 tum
161 1878 218 1936 est'
244 1878 321 1938 idest
343 1871 509 1955 σκοπητέα
533 1870 637 1936 ἐστίν.
683 1875 717 1933 P.
743 1880 808 1947 157,
834 1877 948 1932 11-21
974 1875 1006 1932 si
1027 1872 1090 1931 ulti
1110 1877 1156 1929 ter
1173 1870 1303 1945 positum
1325 1875 1369 1927 εει

80 1997 128 2051 pro
153 1979 241 2040 ‘tulii'
272 1982 320 2040 uel
346 1979 485 2051 ‘siculi',
510 1979 568 2038 liae
589 1986 633 2037 est
656 1975 689 2035 el
704 1993 771 2036 που
795 1977 920 2036 Graece.
966 1974 1079 2033 Eadem
1098 1971 1233 2044 sortasse
1253 1977 1369 2046 spectat

82 2083 127 2138 nti
156 2082 284 2142 uerbum
314 2098 380 2142 cum
413 2081 589 2140 acmisatiuo
622 2095 697 2139 casu
730 2081 918 2138 coniunctum
944 2093 976 2152 p.
1004 2082 1068 2149 157,
1096 2080 1148 2144 18,·
1174 2093 1207 2151 p.
1235 2080 1305 2146 tao,
1332 2081 1368 2130 to

3 2217 4 2238 .
81 2192 235 2244 ceterum
269 2184 372 2242 eadem
406 2185 525 2243 notione
554 2184 684 2257 positum
720 2188 763 2241 est
795 2197 855 2258 qua
882 2181 987 2240 Latini
1018 2180 1134 2237 aliter
1167 2179 1217 2236 uel
1248 2177 1365 2248 alias,

3 2337 4 2358 ,
82 2285 182 2346 Graeci
202 2278 316 2356 ἄλλως
338 2287 387 2344 uel
407 2279 447 2344 τά
469 2302 505 2344 τε
527 2276 614 2358 ἄλλα
636 2289 871 2358 usurpauerunt.
917 2282 1044 2358 Aperte,
1070 2281 1187 2355 opinor,
1220 2277 1368 2337 Graecam

81 2387 143 2446 ttlri
162 2389 313 2462 oripinem
328 2389 469 2460 caurpuit
489 2405 521 2462 p.
539 2391 597 2445 118
618 2393 742 2447 sectos
763 2386 962 2458 Verrinas,
986 2389 1111 2443 sectas
1126 2381 1370 2456 Philippicas

3 2545 4 2552 ,
81 2487 197 2550 dictam:
220 2505 318 2564 neque
339 2491 417 2550 enim
440 2491 601 2550 uerisimile
622 2495 681 2562 est,
707 2489 828 2548 ‘sectas’
851 2502 891 2545 ex
906 2484 1081 2546 ‘orationes’
1098 2490 1273 2559 corruptum
1288 2499 1368 2550 esse:

80 2593 129 2648 erit
153 2593 254 2666 ipitur
275 2592 390 2651 ‘secta’
415 2592 625 2666 interpretatio
651 2589 765 2650 Latina
792 2591 856 2648 eius
883 2588 965 2662 quod
987 2588 1101 2648 Graece
1123 2586 1235 2645 dicitur
1256 2581 1366 2664 τόμος.

82 2693 122 2752 Aa
140 2694 270 2754 eundern
295 2693 431 2766 sortasse
456 2709 580 2754 causum
610 2693 816 2754 reuocandum
837 2699 897 2764 est,
930 2689 1013 2764 quod
1029 2707 1063 2766 p.
1089 2695 1160 2766 119,
1187 2689 1298 2748 isatis
1320 2687 1369 2746 oo-

79 2811 157 2855 scnre
183 2797 314 2870 lepitur:
345 2795 437 2857 Sunt
465 2811 669 2873 personae,
704 2810 798 2870 quae
828 2794 951 2865 sinitu
977 2793 1207 2867 pronomina
1234 2815 1275 2838 =
1299 2783 1370 2849 ἐστὶ

3 2947 7 2970 ,
80 2895 234 2975 nordgoau
257 2889 343 2974 ἅπερ
366 2899 433 2957 καί.
470 2900 607 2974 lienique
622 2900 771 2958 Graecam
789 2896 918 2972 phrasin
937 2896 1053 2955 redolet
1074 2893 1150 2952 illud
1170 2893 1223 2950 ‘in
1246 2907 1369 2950 rernm

80 3003 230 3060 natura’
254 3000 300 3060 bis
315 3003 446 3076 positum
462 3017 495 3076 p.
523 3007 588 3074 117,
607 3009 636 3060 5.
660 3005 695 3058 13
716 3007 745 3058 et
766 2997 832 3058 ‘si’
854 3021 898 3050 =
920 2993 952 3057 εἰ
968 3013 1029 3073 pra
1051 2996 1144 3055 ‘num’
1168 2996 1199 3054 in
1222 2994 1370 3052 sententia

80 3103 294 3178 inter-ropatiua
316 3101 481 3162 adhibitum
501 3118 532 3177 p.
558 3110 632 3176 115,
660 3108 703 3160 12.
748 3101 833 3160 Haec
861 3101 904 3160 ad
929 3097 1156 3172 defendendum
1183 3111 1278 3156 meam
1307 3097 1369 3170 opi·

80 3207 189 3265 nionem
226 3205 302 3266 satis
329 3212 429 3265 erunt.
482 3203 585 3280 Neque
617 3204 651 3263 id
676 3203 774 3263 obesse
802 3202 954 3274 arbitror,
985 3202 1068 3276 quod
1090 3217 1125 3277 p.
1151 3205 1216 3267 111,
1242 3203 1370 3256 eti-31

81 3315 178 3368 auctor
216 3308 306 3383 qnasi
339 3324 438 3368 merus
465 3307 591 3366 Latinus
627 3307 804 3380 discipulum
837 3321 857 3363 a
891 3305 1078 3365 Graecorum
1107 3300 1281 3375 formarum
1315 3317 1370 3360 usu

3 3391 4 3396 ἵ
80 3417 161 3485 atque
182 3411 399 3472 consuetudine
415 3409 579 3485 pronibere
601 3410 735 3469 uidetur:
763 3408 821 3468 lioc
841 3408 920 3467 enine
941 3407 1061 3466 mininie
1082 3404 1265 3476 dubitamus,
1296 3403 1369 3478 quin

81 3511 147 3572 iaec
169 3514 275 3574 omnia
296 3519 324 3573 et
344 3512 454 3572 Latine
474 3517 504 3571 ει
525 3527 546 3570 u
567 3511 684 3570 Latinis
703 3512 856 3585 principio
877 3511 994 3584 scripta
1012 3507 1140 3580 suerint,
1162 3507 1216 3566 sed
1237 3521 1297 3564 nan
1320 3501 1367 3563 in·

82 3621 160 3688 lepra
181 3631 221 3674 ea
244 3615 288 3674 ad
308 3631 377 3690 aas,
405 3616 483 3675 sient
511 3615 580 3674 olim
607 3613 724 3688 scriptu
749 3612 894 3683 suerunt,
926 3611 969 3670 ad
994 3626 1049 3670 aas
1077 3609 1232 3669 deuenisse
1259 3607 1295 3667 ab
1324 3607 1370 3666 di·

80 3717 162 3777 tendi
186 3717 412 3776 mendositatem
434 3725 462 3776 ει
482 3716 642 3790 copitandi
669 3714 809 3791 ambopes
835 3715 986 3774 interdum
1015 3714 1068 3772 uice
1096 3711 1279 3783 tolerabiles,
1310 3725 1369 3768 nan

80 3818 135 3876 sine
163 3821 247 3879 iusta
275 3834 370 3878 cansa
399 3819 552 3894 suspicari
572 3817 656 3878 nobis
678 3817 826 3878 uidemur.
871 3815 955 3876 llaec
976 3817 1070 3888 ipitnr
1092 3812 1189 3888 uafro
1211 3813 1370 3872 uariarum

81 3923 350 3996 sententiarumque
383 3907 547 3995 prolixitas
582 3921 754 3995 saepissime
782 3921 931 3990 cernitur,
963 3915 1006 3989 cs.
1029 3934 1065 3993 p.
1091 3922 1157 3989 111,
1183 3923 1222 3974 31
1243 3931 1305 3989 seq.
1328 3941 1370 3962 =

78 4039 106 4097 p.
127 4030 195 4101 111,
221 4029 356 4091 11-1.1;
373 4039 409 4100 p.
434 4029 500 4099 151,
525 4027 637 4090 1-11,·
656 4039 690 4098 p.
718 4028 780 4095 151,
807 4028 889 4079 1=
909 4038 939 4096 p.
965 4026 1028 4088 151,
1055 4025 1092 4076 11
1114 4044 1156 4067 =
1173 4033 1208 4092 p.
1232 4021 1368 4090 151,11,·

2 4144 6 4167 .
81 4124 1370 4204 11151,11-11κρ.151,11.11.-.ρ,151,1-1;ρ.155,11.11π.

81 4243 106 4300 p.
129 4237 194 4304 155,
222 4236 269 4288 23.
295 4235 351 4298 21;
368 4245 403 4304 p.
429 4234 496 4301 155,
515 4233 553 4286 ao
574 4251 616 4276 =
636 4243 666 4301 p.
687 4231 753 4295 155,
776 4229 829 4294 11;
849 4228 1104 4300 ρ.151,15-11
1126 4247 1167 4270 --
1185 4238 1218 4298 p.
1238 4227 1303 4292 151,
1325 4227 1369 4279 11.

86 4335 600 4408 11,·ρ.151,11ι-ρ.151,1,·
629 4345 659 4404 p.
685 4334 755 4402 151,
782 4334 827 4386 21.
853 4333 890 4384 22
911 4353 953 4376 =
972 4343 1004 4402 p.
1030 4330 1101 4399 151,
1128 4329 1162 4384 11
1183 4347 1226 4375 =
1242 4341 1276 4399 p.
1301 4329 1367 4397 151,

3 4421 5 4432 ’
89 4439 124 4490 11.
146 4441 199 4504 11,·
218 4452 252 4510 p.
279 4440 346 4508 151,
372 4437 407 4490 11
427 4459 470 4483 =
489 4449 521 4507 p.
547 4438 614 4505 151,
641 4437 694 4499 11,·
721 4447 751 4506 p.
778 4435 843 4497 151,
869 4435 905 4487 11
925 4453 968 4481 =
990 4428 1028 4488 11.
1055 4434 1099 4486 11.
1144 4428 1275 4488 Graecos
1297 4441 1370 4486 uero

85 4533 208 4596 tornines
222 4539 349 4611 linpuuc
363 4535 493 4594 latinae
508 4534 616 4594 studiis
635 4532 845 4607 prammnticis
860 4545 984 4606 operam
999 4529 1117 4589 dedisse
1138 4529 1305 4590 testimonio
1326 4535 1370 4588 εει

87 4635 233 4700 diedonius
255 4639 371 4700 Bonati
390 4642 606 4698 commentator
625 4635 844 4708 pneumaticus
867 4633 1233 4708 constantinopolitanus,
1262 4632 1371 4692 deinde

3 4745 4 4756 ¹
88 4737 262 4818 Plilacalns,
283 4743 370 4804 cuins
390 4740 491 4800 studia
511 4738 714 4816 prummaticn
735 4736 931 4797 laudabiliter
952 4743 1224 4798 commemorantur
1245 4736 1275 4795 in
1298 4734 1371 4810 ipsis
