3354 5580
292 341 356 406 224
674 340 907 394 couunnrvu
925 341 1170 394 ernsrncnusn

196 547 240 597 eea,
254 547 381 612 esposse
401 533 546 609 geminari
569 534 600 592 in
624 549 682 592 nna
704 529 829 610 syllaba,
853 531 904 592 sed
928 547 984 610 ego
1007 549 1066 592 non
1090 547 1180 609 nego,
1204 531 1272 609 quia
1294 537 1402 610 potest.
1433 530 1590 592 Latinae

292 631 442 694 uocales
465 633 604 712 corripi
628 641 663 692 et
685 630 843 711 produci
866 639 1034 711 possunt.
1072 632 1109 694 Et
1123 633 1190 693 ideo
1206 631 1367 694 dichronae
1391 639 1469 702 sunt,
1493 651 1590 692 unum

294 732 431 796 uidelicet
453 733 499 793 uel
529 733 587 794 duo
617 741 750 812 tempora
779 732 935 804 babentes,
966 736 1042 796 sicut
1069 752 1134 802 ara,
1163 732 1282 814 quando
1310 733 1403 795 altare
1430 735 1589 812 significat

293 835 410 914 longam
440 834 528 896 lubet
550 854 582 902 a,
617 834 735 915 quando
762 853 835 896 uero
864 833 1012 899 stabulum
1040 853 1214 916 porcorum,
1249 835 1386 904 breuem,
1418 837 1462 896 sic
1491 843 1524 897 et
1554 835 1590 896 de

293 939 412 999 ceteris.
458 937 563 998 Graeci
586 953 658 997 uero
681 939 823 1014 quasdam
847 937 958 999 babent
980 937 1111 1005 uocales,
1135 955 1212 1016 quae
1234 955 1353 1017 semper
1367 936 1614 1017 producuntur,s

293 1050 326 1100 ut
340 1059 360 1118 η
376 1046 406 1098 et
421 1057 461 1106 ω,
486 1047 515 1099 et
536 1037 608 1098 elias
629 1036 755 1108 habent,
779 1056 854 1118 quae
878 1047 1022 1118 perpetue
1045 1037 1227 1109 breuiantur,
1245 1041 1321 1101 sicut
1336 1057 1351 1100 ε
1367 1046 1397 1099 et
1411 1058 1440 1098 o.
1469 1038 1593 1099 Habent

198 1143 582 1208 aaa,21etiamcommunes,
606 1155 682 1216 quae
704 1139 865 1201 dichronae
888 1151 1041 1210 uocantur,
1065 1148 1098 1200 ut
1120 1160 1169 1201 αι
1192 1151 1222 1201 et
1243 1159 1274 1200 o.
1320 1141 1459 1220 Existil
1480 1138 1592 1220 1471-

296 1250 406 1310 nient,
431 1241 482 1302 sed
507 1259 561 1319 ego
585 1258 643 1301 non
668 1242 819 1312 existimo,
842 1243 910 1322 quia
933 1244 1102 1322 aspirantur
1125 1251 1155 1302 et
1178 1249 1240 1304 tres
1262 1251 1473 1313 consonantes,
1499 1250 1591 1322 etp,

294 1352 324 1404 ut
352 1342 475 1423 pulcher
504 1341 587 1403 tbcos
615 1343 774 1422 propbeta,
811 1344 862 1405 sed
892 1342 1045 1405 uocalibus
1073 1344 1212 1421 aspiratio
1241 1345 1449 1425 anteponitur,
1478 1362 1592 1404 conso·

294 1444 433 1506 natatibus
455 1461 527 1504 uero
550 1447 747 1525 postponitur.
772 1479 809 1488 -
834 1444 1033 1507 Semiuocales
1055 1443 1239 1506 auocalibus
1262 1445 1406 1524 tricipiuot
1429 1447 1512 1506 etin
1538 1465 1592 1506 sno
1606 1462 1626 1500 u

293 1565 366 1607 sono
394 1548 599 1608 terminantur.
643 1545 753 1607 Omnes
781 1546 898 1624 quidem
923 1546 960 1608 ab
989 1565 1006 1607 e
1034 1547 1180 1626 incipiunt
1207 1548 1263 1608 nisi
1291 1548 1353 1608 sola
1375 1566 1393 1607 ι
1417 1565 1493 1626 quae
1519 1547 1560 1608 ab
1582 1549 1592 1605 i

292 1650 395 1728 incipit
418 1657 447 1708 et
469 1646 525 1708 laoc
546 1627 699 1720 ideoffi,
723 1647 801 1726 quod
825 1646 914 1708 babet
935 1649 965 1708 in
990 1649 1046 1708 line
1069 1647 1146 1727 apud
1170 1649 1314 1719 Graecos,
1339 1647 1463 1710 baberet
1483 1650 1518 1710 in
1543 1667 1593 1709 ca·

292 1751 353 1828 pite
376 1747 453 1828 apud
476 1748 611 1819 Latinos,
636 1757 665 1809 ot
687 1757 731 1810 est
752 1748 848 1810 littera
872 1749 990 1830 duplex,
1015 1751 1083 1826 quia
1106 1768 1161 1830 pro
1183 1767 1200 1808 c
1223 1759 1251 1811 et
1274 1767 1288 1809 s
1311 1749 1357 1810 uel
1379 1767 1399 1829 g
1421 1759 1486 1812 ets
1511 1753 1591 1812 acri-

292 1853 379 1930 pitur,
410 1859 443 1911 ut
470 1849 519 1911 Ιιιιι
546 1850 622 1912 lucis
651 1849 696 1911 lex
724 1848 810 1929 legis:
848 1859 918 1911 sunt
946 1860 1044 1912 tamen
1073 1850 1219 1930 quaedam
1249 1855 1367 1912 nomina
1398 1861 1480 1913 extra
1511 1853 1592 1912 banc

207 2009 211 2018 ,
294 1951 442 2030 regulam,
480 1961 511 2012 ut
538 1951 588 2013 nix
624 1953 716 2022 niuis,
752 1969 809 2012 ιιοιι
839 1955 949 2022 noctis,
984 1951 1116 2032 supellex
1149 1952 1356 2033 supellectilis,
1391 1953 1445 2033 pro
1477 1953 1629 2033 quibusn

292 2053 423 2114 creditur
447 2073 464 2114 ιι
486 2063 633 2133 assumpte
663 2071 729 2114 esse
751 2071 767 2114 e
790 2055 927 2123 Graccis,
956 2057 1025 2134 quia
1055 2073 1114 2115 non
1142 2063 1208 2115 erat
1234 2053 1395 2125 certitudo,
1426 2063 1529 2116 utrum
1560 2074 1594 2115 cs

293 2155 339 2216 uel
362 2173 395 2234 gs
418 2163 601 2234 ponerentur
624 2157 655 2216 in
678 2172 781 2216 eorum
806 2157 1005 2217 nominatiuis.
1051 2156 1193 2234 Liquidee
1216 2155 1357 2218 dicuntur
1379 2155 1493 2225 labiles,
1520 2161 1592 2238 quia

291 2257 383 2318 ueluti
411 2274 486 2336 aqua
515 2255 654 2318 labuntur
683 2266 712 2317 et
740 2255 874 2317 dellunnt
901 2258 932 2318 in
962 2266 1065 2319 metro.
1119 2256 1177 2318 Sed
1207 2256 1216 2316 l
1248 2265 1277 2320 et
1304 2277 1320 2319 r
1348 2257 1425 2338 apud
1455 2257 1590 2324 meinos
1674 2293 1675 2340 ;

202 2385 251 2432 aa,
266 2385 278 2423 2
291 2358 369 2439 apud
385 2359 515 2420 Graecos
531 2377 602 2420 uero
625 2377 653 2418 m
670 2365 699 2420 et
714 2376 732 2418 ιι
749 2358 925 2439 liquescunt.
971 2359 991 2420 S
1013 2359 1158 2429 littera,
1182 2358 1297 2420 scilicet
1318 2367 1438 2438 praeter
1460 2359 1489 2420 id
1506 2361 1592 2441 quod
1674 2399 1675 2412 ι

293 2459 479 2522 semiuocalis
494 2467 538 2522 est
552 2458 699 2541 quandam
722 2458 812 2522 babet
834 2468 1019 2539 potestatem,
1045 2461 1121 2523 idest
1142 2463 1172 2522 io
1197 2469 1291 2522 metro
1314 2463 1376 2522 uim
1392 2465 1592 2524 consonantis
1605 2479 1628 2518 eo

292 2563 407 2622 amittit.
453 2561 535 2622 Vnde
558 2570 587 2623 et
610 2568 732 2642 poeta:

646 2664 827 2724 Hortatur
849 2662 1066 2726 Mnestheus
1088 2681 1199 2734 nunc,

291 2766 465 2846 plerumque
489 2765 576 2826 etiam
600 2767 717 2846 penitus
740 2765 939 2837 subtrabitur;
962 2773 1009 2828 ut:

645 2867 861 2930 lustantibn
883 2869 1019 2948 paruis.

201 2969 337 3032 ³⁶⁸‚4Ex
361 2970 452 3040 illis,
476 2970 592 3032 scilicet
607 2968 655 3030 Vll
670 2969 908 3032 aemiuocalibus.
939 2971 962 3032 F
977 2970 1107 3032 littera
1129 2971 1403 3050 superponitur
1425 2968 1628 3050 liquidisas

290 3071 299 3131 l
323 3073 381 3134 uel
403 3092 429 3134 r.
474 3073 633 3152 Exprimit,
658 3071 767 3150 quibus
782 3071 901 3150 liquidis
916 3074 1119 3153 praeponitur,
1141 3091 1178 3133 ne
1195 3071 1339 3133 dubitatio
1354 3071 1448 3132 lieret.
1480 3071 1611 3134 Pris-⁴

290 3176 420 3235 cianus
441 3191 561 3254 quoque
583 3173 722 3242 allirmat,
752 3173 830 3254 quod
854 3175 868 3234 l'
887 3174 986 3236 littera
1010 3172 1082 3235 nibil
1106 3173 1183 3234 aliud
1207 3173 1312 3243 babet,
1340 3182 1372 3233 ut
1395 3175 1434 3234 sit
1455 3176 1592 3234 semiue·

291 3276 375 3346 calis,
399 3278 455 3336 nisi
478 3275 556 3353 quod
580 3294 596 3336 a
620 3275 714 3336 uocali
736 3277 842 3356 incipit
857 3283 886 3336 et
901 3279 932 3337 in
955 3295 987 3336 se
1009 3277 1072 3355 ipsa
1094 3277 1280 3337 terminatur.
1319 3273 1402 3335 Vnde
1424 3283 1454 3336 et
1476 3275 1592 3338 nullius

291 3378 427 3439 dictionis
450 3375 614 3440 terminalis
628 3377 779 3439 inuenitur
803 3377 814 3456 p
835 3374 895 3440 148
912 3422 922 3456 „
949 3385 977 3438 et
998 3376 1064 3438 loeo
1087 3377 1165 3438 illius
1187 3385 1265 3440 muta
1288 3377 1432 3438 scribitur
1453 3375 1532 3438 idest
1559 3398 1590 3458 p.

290 3479 362 3541 Nam
392 3479 442 3541 ubi
471 3497 525 3540 nos
553 3477 713 3540 scribimus
733 3479 753 3546 i,
778 3499 793 3540 a
816 3480 918 3542 multis
941 3478 980 3560 pb
1003 3478 1156 3540 scribitur.
1184 3514 1226 3524 -
1255 3479 1353 3540 biotae
1382 3497 1397 3539 a
1427 3496 1481 3538 suo
1508 3497 1627 3540 sonos

200 3595 250 3641 ³68,
265 3595 276 3634 t
291 3583 436 3662 incipiunt
451 3589 480 3642 et
495 3584 525 3642 in
542 3579 693 3642 noualibus
716 3581 868 3642 liniuntur.
915 3581 1194 3662 Superuacnae,
1218 3581 1294 3641 idest
1315 3583 1417 3642 inanes
1433 3587 1463 3640 et
1476 3597 1593 3659 snper-

203 3685 377 3746 menuae.
423 3684 628 3764 imperitis,
660 3683 736 3743 idest
767 3683 805 3744 ab
835 3683 973 3745 indoctis.
1023 3683 1046 3744 ll
1080 3683 1248 3745 litteram
1280 3680 1592 3762 praeponendam

290 3805 371 3847 esse
394 3804 465 3847 non
488 3805 513 3846 c.
558 3784 777 3846 Priscianus
800 3792 897 3846 tamen
921 3785 977 3846 boc
992 3785 1118 3848 destruit
1137 3785 1255 3854 dicens,
1280 3784 1389 3846 nullam
1413 3801 1476 3844 esse
1499 3781 1593 3844 dilie-

289 3888 430 3957 rentiam,
460 3895 558 3948 uuum
588 3885 737 3966 llertbago
760 3896 791 3947 et
812 3885 961 3948 Kalendae
984 3907 1038 3968 per
1060 3887 1101 3958 ll,
1125 3905 1161 3948 an
1185 3903 1239 3966 per
1262 3886 1284 3947 C
1306 3886 1490 3954 scribantur,
1513 3883 1593 3948 licet
1673 3921 1674 3938 ι

289 3989 424 4051 moderni
448 3989 472 4050 ll
495 3990 525 4049 in
548 3987 594 4050 bie
616 3988 729 4050 duobus
751 3989 932 4060 nominibus,
956 3992 1023 4070 qnia
1046 3990 1159 4050 Graeca
1188 3995 1271 4058 sunt,
1300 3987 1489 4049 scribendum
1516 4005 1592 4050 esse
1605 4001 1629 4040 ³⁵

289 4099 433 4154 asserant.
465 4090 549 4152 ‘Cur’
567 4098 596 4150 et
610 4089 702 4152 ‘com'
718 4090 790 4152 ideo'
801 4109 855 4170 per
870 4109 887 4152 c
902 4091 1060 4154 scribenda
1075 4100 1154 4161 sunt,
1177 4091 1244 4171 quia
1261 4107 1428 4152 consonans
1449 4089 1593 4168 sequitur

193 4207 243 4256 ³68,
257 4209 312 4256 10u
335 4196 399 4255 sine
423 4193 515 4254 altera
539 4191 646 4254 uocali.
683 4192 861 4254 Crleditur
882 4201 983 4264 nota,
1007 4194 1083 4256 idest
1104 4181 1400 4292 teneturlcbaracter
1417 4190 1464 4252 uel
1480 4192 1590 4269 ligure,

289 4296 407 4377 quando
429 4297 491 4358 uim
506 4297 696 4356 consonantis
711 4295 826 4356 amittit.
872 4293 924 4358 Est
939 4301 1037 4357 autem
1059 4297 1200 4376 aspiratio
1223 4313 1314 4356 sonus
1336 4292 1457 4355 uberius
1480 4291 1589 4356 elatus.

356 4619 519 4686 idpcronae
604 4619 708 4685 bgrecl
791 4621 998 4672 tisicuteeto
1086 4620 1247 4684 'idyoronae
1316 4615 1392 4666 ntai
1411 4626 1468 4680 etp
1553 4619 1590 4670 12

288 4704 378 4756 grecos
449 4689 537 4741 13uel
555 4703 603 4754 gs
674 4691 705 4738 16
723 4691 805 4756 grecis
876 4686 1074 4753 lssdellulillont
1145 4683 1468 4752 ttpoeu1Verp.Aen.
1492 4684 1590 4736 V189

288 4761 321 4807 Ψ.)
339 4767 469 4808 mnesteus
537 4759 570 4808 2⁶
588 4771 609 4806 s.
628 4773 670 4806 ιιιι
688 4757 884 4808 semiuocalibns
936 4758 1090 4822 supponitur
1174 4758 1207 4805 26
1225 4749 1384 4818 Priscianus]
1403 4753 1420 4802 1
1434 4769 1462 4817 p.
1483 4755 1528 4816 11,
1549 4757 1589 4806 13

288 4826 321 4878 il
340 4825 417 4876 nichil
484 4827 517 4877 83
535 4839 594 4874 esee
610 4841 658 4877 om.
726 4823 883 4892 Priscianus]
903 4825 922 4874 I
936 4843 964 4892 p.
984 4827 1061 4886 ¹²2⁷
1129 4825 1163 4876 ot
1180 4823 1292 4890 hringo
1360 4823 1392 4872 et
1412 4831 1527 4872 cometen
