3412 5564
286 341 401 389 CCXXX
577 323 626 374 nn
645 319 797 374 IVLIANO
817 317 1012 371 TOLE'I'ANO
1030 315 1272 369 GRAMMATICO

282 515 323 577 Ila
347 533 363 576 a
387 512 504 574 bouem.
693 589 696 595 Ι

457 598 494 659 Si
517 597 607 658 deus
630 603 686 657 est
707 596 850 656 animus
872 592 999 663 nobis,
1023 599 1062 653 ut
1084 593 1247 653 carmina
1270 591 1411 653 dicunt.

281 685 324 747 Da
348 703 364 746 e
385 683 519 762 longum.
840 716 847 730 -

411 769 484 829 Eua
508 764 678 829 columba
701 764 772 826 luit
795 772 882 825 tuuc
904 762 1077 833 candida,
1102 763 1207 841 nigra
1229 761 1375 824 deinde.

282 855 323 916 na
347 871 363 914 e
387 853 519 915 breuem.

291 973 297 986 ·
408 938 492 1018 lpse
514 935 576 997 nbi
597 944 743 1013 tempus
766 935 854 1003 erit.
878 951 1003 995 omues
1025 934 1061 994 in
1085 933 1189 994 ionte
1212 931 1352 993 lauabo.

282 1026 322 1087 lla
345 1026 356 1084 i
379 1022 510 1102 longum.
786 1017 789 1023 ’
1153 1027 1156 1032 ’

410 1108 472 1168 Ibo
495 1115 530 1168 et
552 1103 787 1174 Chalcidico,
811 1121 903 1183 quae
926 1110 1011 1165 sunt
1033 1103 1122 1163 mihi
1144 1102 1297 1164 condita
1318 1118 1440 1163 uersu.

284 1195 324 1256 Da
347 1195 357 1254 i
380 1193 513 1254 breuem.

409 1278 527 1339 Tutus
548 1277 626 1354 agit
647 1276 706 1336 uir
728 1275 851 1336 Iustus
872 1274 947 1335 iter
969 1271 1027 1334 uel
1049 1291 1115 1351 per
1137 1291 1235 1334 mare
1257 1287 1436 1350 maguum.
1600 1297 1622 1334 ro

284 1365 324 1426 [la
347 1383 365 1424 o
387 1361 519 1440 longum.

411 1447 482 1509 Ore
505 1445 673 1508 columba
697 1444 816 1506 refert
838 1461 977 1505 ramum
1000 1440 1207 1506 uiridautis
1230 1442 1361 1504 oliuae.

286 1533 328 1594 Ila
349 1552 368 1593 o
389 1531 524 1594 breuem.

412 1615 436 1678 Ο
460 1614 631 1677 mortalis
654 1615 774 1685 homo,
799 1615 930 1676 mertis
953 1614 1201 1674 reminiscere
1223 1631 1340 1674 cesus.

284 1702 325 1764 Da
351 1721 369 1764 u
392 1702 524 1780 longum.

412 1787 485 1846 Vna
508 1805 550 1847 ex
572 1784 679 1846 Adam
704 1793 760 1845 est
782 1802 893 1853 mors,
917 1783 1055 1846 Christi
1079 1791 1113 1843 et
1136 1801 1206 1842 uua
1229 1781 1339 1844 salus.
1364 1815 1405 1826 —

412 1874 486 1932 Vna
508 1873 633 1933 uirtus
655 1869 792 1930 iormat
812 1870 910 1948 ipsa,
934 1885 1123 1948 quaequae
1145 1877 1233 1929 sunl
1254 1866 1400 1928 uitalia.

285 1958 327 2020 Da
350 1978 370 2019 u
392 1957 526 2018 breuem.

411 2041 620 2121 Hospitium
644 2040 711 2099 hoc
734 2037 873 2100 domini
896 2047 965 2110 ost,
988 2036 1063 2099 Iler
1079 2035 1312 2099 ubiirondea
1328 2035 1522 2100 Mambrae.
1542 2071 1588 2082 —

413 2126 546 2190 Clarus
570 2123 706 2204 ubique
729 2123 821 2188 dens
843 2140 1038 2204 numquam
1061 2120 1256 2184 mutaIIIIs
1279 2129 1421 2183 auctor.
1601 2145 1626 2184 ao

351 2331 411 2406 (ne
424 2349 448 2392 x
462 2332 597 2405 littero).-
621 2327 656 2388 da
672 2325 723 2389 ubi
746 2329 784 2388 sit
805 2347 859 2408 pro
881 2326 1024 2408 simplice.

415 2415 457 2476 Et
479 2413 693 2494 prostrauit
715 2412 829 2475 litora
852 2413 1032 2476 Xanthus.

287 2499 326 2560 Ila
350 2499 400 2560 ubi
422 2518 477 2580 pro
500 2497 627 2577 duplice.
1021 2571 1024 2580 ,

409 2583 622 2664 Adniaique
644 2581 795 2662 globum
817 2587 839 2659 †
861 2585 1008 2665 nipperi
1030 2582 1128 2643 ireta
1152 2599 1240 2642 cana
1263 2578 1452 2644 secabant

290 2789 331 2850 Da
353 2788 404 2849 ubi
426 2788 436 2849 Ι
458 2787 613 2868 quuescat.

412 2873 449 2934 ln
473 2875 611 2934 iontem
633 2872 758 2934 relluo
781 2871 955 2933 Iordanis
978 2873 1128 2950 gurgite
1150 2871 1284 2933 fertur.
1348 2909 1352 2918 ι

288 2959 328 3020 lla
351 2958 402 3020 ubi
425 2978 480 3038 pro
502 2966 684 3019 consonante
707 2959 860 3037 accipitur.

412 3043 556 3104 Coruus
579 3044 672 3103 enim
695 3041 869 3121 ingluuie
891 3059 958 3121 per
980 3040 1088 3102 foeda
1110 3041 1295 3103 cadauera
1319 3051 1458 3123 captus.

288 3129 330 3190 Ila
352 3128 403 3190 ubi
426 3147 454 3188 m
477 3127 630 3208 liquescat.
678 3126 683 3136 '

411 3213 534 3274 Litora
558 3211 710 3273 multum
733 3209 799 3272 ille
821 3220 857 3271 et
878 3213 993 3273 terris
1014 3213 1180 3274 iactatus
1203 3219 1239 3272 et
1259 3211 1345 3274 alto.
1402 3241 1405 3248 a

289 3350 517 3360 *uu-—

321 3447 547 3483 srmnrrvnrnns.

286 3507 320 3561 lla
342 3505 436 3561 breue.
480 3505 567 3560 I'utns
589 3506 645 3578 agit
667 3535 708 3545 —
730 3505 763 3561 lla
788 3523 805 3561 u
828 3505 947 3580 longum.
991 3501 1059 3561 ‘Vna
1086 3521 1118 3562 ex
1140 3505 1224 3561 Adam
1246 3515 1289 3562 est
1311 3522 1399 3573 mors,
1428 3505 1531 3564 Christi
1557 3521 1588 3567 et

286 3607 340 3646 una
363 3589 459 3646 sulus'
505 3589 539 3644 lla
563 3589 654 3646 breue.
694 3591 861 3664 ‘llospitinm
884 3590 936 3648 hoc
957 3588 1059 3647 domiui
1081 3599 1133 3663 est,
1158 3589 1210 3646 ilex
1233 3591 1278 3648 ulei
1301 3590 1415 3648 frondea
1437 3591 1587 3654 Mambre?

371 3673 408 3730 21
433 3673 566 3730 Iulianus
585 3692 614 3746 ρ.
639 3679 672 3731 S:
700 3675 735 3730 lla
764 3675 808 3731 ubi
839 3677 874 3731 sit
904 3693 953 3750 pro
983 3675 1113 3749 simplice.
1157 3674 1201 3730 ‘Et
1229 3677 1381 3750 prostrauit
1407 3677 1486 3734 litora
1510 3679 1587 3736 Xan·

287 3759 374 3831 lhus'‚
403 3759 449 3815 sed
478 3759 547 3832 apud
576 3759 708 3830 Graecos,
737 3776 791 3816 uon
821 3761 893 3834 apuu
920 3778 979 3816 nos.
1030 3761 1063 3815 lla
1092 3759 1138 3817 ubl
1166 3777 1217 3836 pro
1246 3761 1362 3836 tlupIIce.
1414 3762 1585 3840 ‘Adnixique

287 3843 398 3918 globum
422 3841 541 3918 Ziplreri’
567 3854 593 3900 el
616 3853 705 3902 cetera
729 3843 799 3916 (ric).

321 3985 324 3990 ,
372 3927 411 3986 25
434 3929 568 3986 Iulianus
586 3947 618 4001 p.
636 3933 662 3986 8.
680 3933 711 3986 9.·
748 3929 782 3985 lla
806 3929 852 3986 ulti
874 3929 1032 4004 quuescant.
1078 3931 1106 3986 lu
1130 3931 1233 3986 iontem
1259 3961 1293 3970 -
1320 3932 1451 3990 cadauera
1474 3942 1589 4008 captus.

285 4015 331 4086 lia,
354 4014 398 4070 ubi
424 4031 449 4070 m
472 4010 613 4088 qunescat.
653 4013 730 4071 ‘Cum
753 4015 868 4070 suadens
891 4013 1002 4071 coluber
1027 4016 1142 4089 prolecit
1164 4015 1261 4072 arbore
1283 4017 1432 4073 uenenum'
1449 4048 1488 4059 ·-
1504 4020 1589 4076 Ama-

288 4101 385 4156 thunta
415 4099 533 4155 metallo.
579 4097 612 4155 Et
634 4099 704 4174 apud
727 4117 796 4175 quos
819 4099 963 4174 liquescit?
1008 4101 1084 4174 Apud
1107 4101 1239 4170 Graecos,
1272 4118 1326 4158 uon
1349 4104 1418 4176 apud
1442 4119 1502 4160 nos.
1548 4105 1588 4162 ila

290 4185 336 4240 ubi
359 4200 413 4240 non
436 4181 570 4258 liquescat
594 4215 631 4226 -
656 4185 707 4242 sibi
731 4191 837 4242 mutent
860 4193 980 4259 tempora
1005 4184 1067 4240 tatis
1094 4216 1129 4227 -
1155 4185 1311 4244 ostenderat
1333 4195 1421 4244 ortus.

289 4415 404 4450 conrcrs
423 4414 580 4451 nnnunnsrs
599 4402 648 4452 20⁵1
666 4415 813 4453 austeros.

350 4470 366 4519 2
385 4467 412 4517 Si
431 4467 506 4534 derra]
525 4469 630 4520 Gotout's
648 4471 706 4520 diat.
725 4470 740 4521 1
761 4473 774 4519 i
859 4472 875 4520 4
895 4465 960 4536 Erro]
983 4471 1116 4521 Prudentia·
1132 4472 1305 4523 encheiridiou
1324 4490 1348 4525 u.
1367 4477 1382 4522 1
1467 4475 1483 4522 s
1504 4474 1582 4542 lpse]

288 4535 425 4602 Ver-geel.
445 4535 547 4587 11197
614 4537 704 4606 Sibe]
729 4537 867 4604 νημαι.
885 4537 910 4588 Χ
927 4541 960 4588 50
1011 4539 1131 4590 culeidmo
1185 4555 1276 4590 uersus
1330 4543 1362 4592 10
1379 4539 1473 4609 Tutus]
1494 4543 1582 4596 Paua,

283 4606 420 4656 encleirlli
439 4621 462 4654 u.
483 4608 520 4656 33
607 4603 1068 4674 120re11’rud.encoetrtd.u.ro
1138 4609 1169 4658 14
1188 4605 1207 4658 0
1227 4605 1353 4675 mensalis]
1377 4609 1485 4675 Eugenia'
1501 4626 1586 4663 caan.

285 4671 320 4722 ΙῙ
337 4676 351 4722 1
369 4677 425 4724 coll.
445 4673 549 4724 Petrum
568 4675 651 4738 bugd.
670 4681 726 4726 tom.
747 4675 808 4726 XII
824 4691 849 4740 p.
864 4676 917 4726 345
936 4675 967 4728 θ.
1037 4676 1070 4726 19
1089 4673 1218 4741 Optimum
1238 4674 1295 4742 hoc}
1314 4677 1394 4728 Pauci.
1415 4678 1486 4728 enen
1504 4696 1530 4730 u.
1546 4683 1588 4732 13

318 4751 357 4790 est
374 4741 414 4791 lex
482 4743 515 4791 23
533 4743 617 4792 nantis
686 4741 1147 4808 uuintonu1Pr-nn.euct.u.5⁷
1219 4741 1586 4810 2800mus1Pmd.encA.

199 4847 203 4856 .
288 4825 311 4856 u.
335 4812 365 4858 11
418 4808 549 4874 ingluulae
567 4825 613 4875 per
631 4809 688 4860 leda
757 4813 791 4864 30
808 4809 906 4876 Litora]
928 4811 1006 4876 Verg.
1026 4813 1091 4865 Aen.
1112 4811 1162 4862 13
