3316 5566
302 353 343 418 34
391 365 394 372 ·
807 351 877 405 aas
896 351 1081 406 auonrua.

301 565 374 607 uero
402 563 498 623 genus
526 544 664 606 distantia
693 539 809 621 linguae
839 543 1116 606 consuetudinariae
1139 545 1282 614 efficitur:
1312 544 1361 607 alii
1390 546 1463 606 enim
1494 543 1593 604 diermt
1636 501 1637 587 l

300 648 348 710 lric
370 647 460 718 silex,
484 647 534 708 alii
550 664 622 708 uero
639 645 712 708 haec
728 642 801 706 silex
824 645 969 706 suauitate
993 647 1108 708 aurium
1131 665 1253 709 suarum
1276 646 1412 726 elegente
1434 646 1590 708 secundum

299 769 384 814 usum
407 751 559 812 diuersum
581 749 813 829 prouinciarum.

385 853 532 915 Numerus
555 851 625 931 quid
650 851 711 913 esti
742 849 883 912 indicatio
906 850 1091 914 collectionis
1114 860 1158 912 est
1179 851 1366 930 singulorum
1391 871 1545 933 corporum
1566 859 1591 910 et

301 974 401 1017 rerum
424 974 479 1036 per
502 973 611 1016 nomen
635 955 810 1032 agnitarum.
853 953 915 1014 atta
939 951 1072 1015 delinitio
1095 961 1153 1014 est:
1199 953 1347 1016 Numerus
1374 963 1419 1016 est
1440 971 1591 1034 corporum
1603 967 1612 1001 c.
1637 961 1638 1015 t

301 1056 432 1118 unalium
454 1054 653 1137 pluraliumue
676 1065 705 1116 et
727 1073 827 1116 rerum
850 1073 904 1134 per
927 1073 1031 1116 uocem
1060 1055 1214 1136 aequalem
1242 1055 1466 1135 inaequalemue
1494 1053 1591 1134 explo·
1637 1035 1638 1046 ἵ

300 1162 393 1229 ratio,
428 1167 461 1220 ut
490 1161 536 1219 uir
565 1159 637 1228 uiri,
671 1156 777 1220 mulier
808 1156 962 1226 mulieres,
997 1157 1127 1236 dignitas
1154 1159 1322 1238 dignitates.
1368 1159 1446 1232 Quid
1472 1160 1593 1219 interest

299 1263 377 1322 inter
404 1279 561 1322 numerum
591 1261 720 1321 nominis
743 1269 772 1321 et
800 1260 984 1340 pronominis
1007 1269 1036 1320 et
1058 1261 1145 1322 uerbi
1167 1271 1197 1324 et
1219 1263 1387 1341 participii?
1432 1261 1485 1321 lsta
1514 1259 1592 1319 dide·

300 1365 395 1424 centia
419 1371 479 1423 est:
518 1363 665 1423 Numerus
688 1361 773 1423 uerbi
796 1381 940 1442 personas
962 1361 1102 1426 obseruat
1130 1363 1310 1433 indiscrete;
1340 1381 1483 1424 numerus
1505 1362 1592 1441 parti·

299 1461 397 1549 eipiill
412 1465 432 1524 1.
449 1461 506 1526 90·
523 1461 536 1548 ΙΙ
551 1465 782 1541 significationes
804 1464 989 1544 temporibus
1011 1467 1129 1527 iunctas
1150 1465 1295 1534 ostendit;
1324 1483 1468 1527 numerus
1488 1441 1639 1544 prono-1⁰¹

300 1569 388 1627 minis
411 1585 554 1647 personas
576 1567 733 1628 coniuncte
757 1564 899 1635 custodit;
923 1584 1065 1628 numerus
1088 1585 1161 1628 uero
1184 1568 1315 1628 nominis
1331 1585 1419 1630 casus
1442 1567 1593 1629 comitator

300 1687 408 1748 corpus
437 1678 488 1730 aut
516 1687 641 1748 corpora
665 1677 694 1730 et
716 1686 780 1730 reru
804 1675 854 1729 aut
876 1687 924 1728 res
946 1663 1155 1748 significantes.
1201 1669 1323 1731 Numeri
1352 1673 1505 1740 nominum
1527 1675 1594 1747 quot

299 1773 385 1832 sunt?
429 1771 509 1842 Duo,
539 1769 695 1850 singularis
717 1778 748 1832 et
769 1769 906 1850 pluralis;
940 1770 1113 1850 singularis,
1143 1780 1176 1833 ut
1198 1771 1246 1832 laic
1268 1774 1317 1833 uir
1339 1779 1369 1832 et
1391 1769 1440 1833 laic
1467 1771 1593 1850 sapiens:

301 1873 425 1955 pluralis
440 1892 590 1943 numerus,
602 1881 635 1933 ut
647 1873 678 1933 lri
692 1875 751 1935 uiri
769 1881 797 1934 et
812 1874 844 1934 hi
860 1875 1023 1955 sapientes:
1040 1873 1111 1934 licet
1126 1880 1197 1953 aput
1212 1871 1308 1934 alios
1322 1875 1433 1935 tertius
1447 1872 1593 1934 inducitur

301 1995 452 2048 numerus,
477 1993 564 2054 quem
587 1973 704 2036 dualem
728 1975 844 2046 dieunt,
870 1982 968 2036 otest
991 1985 1116 2055 uterque
1138 1974 1227 2037 ambo
1250 1975 1325 2045 duo,
1355 1975 1519 2036 etidcirco
1541 1974 1622 2031 ister

301 2097 444 2140 numerus
467 2077 561 2139 dualis
584 2077 702 2148 dieitur,
727 2079 794 2156 quia
818 2078 855 2139 de
878 2075 993 2138 (luobus
1015 2085 1129 2138 tantum
1152 2077 1292 2139 dicuntur
1315 2075 1389 2139 haec
1412 2078 1545 2142 nomina,
1568 2081 1593 2130 et

301 2183 482 2243 transierunt
509 2199 525 2240 a
553 2177 755 2256 singularitate
785 2186 815 2238 et
842 2196 902 2239 nou
930 2187 1134 2259 peruenerunt
1161 2179 1197 2240 ad
1226 2177 1441 2260 pluralitatem,
1471 2177 1521 2238 sed
1550 2173 1592 2234 iric

302 2301 442 2344 numerus
472 2300 487 2341 a
519 2279 667 2360 plerisque
694 2298 753 2341 non
781 2283 936 2360 recipitur,
966 2283 1035 2359 quia
1065 2299 1124 2341 non
1153 2289 1198 2342 est
1226 2283 1256 2342 in
1285 2287 1392 2342 natura
1420 2296 1521 2340 rerum
1550 2275 1593 2333 lric
1640 2347 1641 2364 χ

303 2385 408 2445 tertius
430 2399 582 2446 numerus.
627 2382 700 2443 Nam
724 2399 798 2453 uox,
828 2399 905 2459 quae
933 2382 1149 2459 signilieauerit
1171 2401 1262 2444 unum
1292 2401 1402 2462 corpus
1423 2384 1488 2442 aue
1509 2395 1592 2439 unam

301 2503 380 2554 renr,
410 2482 568 2562 singularis
598 2492 657 2554 est,
694 2491 724 2543 et
752 2501 825 2559 uox,
856 2503 933 2563 quae
961 2485 1177 2564 significauerit
1203 2484 1262 2546 duo
1291 2502 1418 2565 corpora
1446 2483 1509 2544 siue
1538 2499 1591 2544 res,
1603 2493 1624 2527 a·

301 2585 424 2666 pluralis
454 2593 512 2654 est,
542 2593 574 2646 ut
598 2583 657 2645 duo
680 2583 767 2645 ambo
796 2593 857 2646 tres
880 2593 909 2646 et
931 2567 1039 2649 cetera.
1084 2586 1158 2649 Nam
1186 2605 1245 2648 uon
1273 2605 1366 2647 unum
1395 2603 1517 2665 corpus,
1545 2579 1593 2642 sed

300 2687 391 2749 multa
413 2687 558 2766 significat
579 2706 714 2767 corpora.
758 2687 830 2748 item
860 2689 891 2748 in
919 2706 1046 2750 nuntero
1074 2690 1150 2750 scias
1178 2707 1243 2750 esse
1268 2686 1325 2748 alia
1357 2689 1491 2756 uomina,
1524 2701 1594 2763 quae

301 2792 470 2852 cornmunia
493 2798 638 2852 uocantur
659 2791 739 2852 inter
761 2789 941 2870 singularem
964 2799 995 2852 et
1015 2790 1160 2872 pluralem
1183 2807 1352 2852 numerum.
1389 2789 1461 2851 lade
1483 2787 1592 2849 Dona·
1641 2794 1642 2834 t

302 2903 359 2954 tus
386 2893 475 2954 dixit:
513 2892 605 2954 Sunt
631 2893 776 2954 nomina
806 2911 959 2955 numero
988 2893 1192 2954 communia
1222 2901 1261 2954 ut
1288 2910 1351 2952 res
1372 2893 1488 2953 nubes
1510 2890 1593 2949 dier.

300 2997 332 3058 ln
356 2994 494 3058 omnibus
517 3003 639 3074 quartae
662 3004 691 3055 et
713 2995 832 3076 quintae
854 2994 1060 3058 declinationis
1077 3003 1131 3066 est,
1155 3003 1188 3055 ut
1202 2993 1252 3055 hic
1268 2993 1375 3056 ductus
1392 2992 1467 3052 ethi
1483 2991 1622 3054 fluctues

301 3099 349 3159 lric
372 3115 479 3160 currus
502 3106 532 3157 et
554 3097 584 3156 hi
607 3115 730 3168 currus,
761 3095 834 3158 haee
863 3115 967 3158 manus
990 3106 1020 3157 et
1041 3096 1096 3157 hae
1119 3113 1237 3168 manus,
1267 3095 1340 3155 haee
1363 3095 1469 3156 domus
1491 3101 1522 3153 et
1544 3091 1592 3151 lrae

301 3201 420 3269 domus:
444 3201 487 3260 sie
510 3199 539 3258 in
562 3199 663 3275 quinta
686 3196 884 3260 declinatione
908 3198 955 3258 irio
977 3198 1040 3259 dies
1063 3197 1143 3258 ethi
1166 3197 1245 3268 dies,
1274 3197 1347 3258 leaeo
1370 3194 1469 3256 clades
1492 3203 1521 3256 et
1543 3191 1591 3252 irae

301 3303 414 3372 clades,
438 3301 512 3361 lraee
534 3301 628 3360 lames
651 3308 681 3360 et
702 3299 758 3361 lrae
781 3300 888 3369 iames,
911 3300 985 3360 haec
1007 3319 1056 3360 res
1071 3307 1101 3360 et
1117 3299 1172 3360 hae
1195 3317 1252 3360 res.
1298 3297 1375 3358 Sunt
1397 3314 1516 3378 semper
1538 3297 1591 3354 sin·

302 3402 414 3484 galeria
437 3404 556 3486 generis
579 3401 749 3472 masculini,
773 3409 805 3462 ut
826 3399 925 3480 puluis
947 3409 1061 3462 stercus
1076 3399 1166 3463 limus
1181 3403 1267 3462 dmus
1288 3401 1386 3461 iumus
1403 3417 1507 3468 cruor;
1530 3403 1593 3458 sunt

303 3525 421 3587 semper
445 3505 568 3585 pluralia
590 3505 708 3582 generis
730 3503 902 3574 masculini,
927 3511 959 3564 ut
981 3504 1082 3564 Manes
1097 3503 1241 3574 Quirites;
1263 3511 1333 3565 surrt
1355 3519 1475 3582 semper
1497 3503 1613 3577 singu-⁴

301 3609 375 3671 laria
405 3609 525 3688 generis
554 3607 703 3676 seminini,
734 3615 766 3666 ut
792 3607 885 3667 lames
912 3607 976 3666 sitis
1004 3605 1148 3667 memoria
1176 3623 1245 3684 spes
1267 3603 1339 3664 tides
1362 3605 1481 3664 caritas.
1525 3597 1592 3661 iride

302 3709 569 3790 grammaticus
592 3708 678 3769 dicit:
717 3708 809 3788 Spes
832 3716 868 3769 et
890 3706 989 3769 tides
1013 3716 1047 3768 et
1069 3707 1210 3768 caritas
1231 3705 1416 3785 pluralem
1440 3721 1513 3765 non
1534 3701 1591 3760 ha·

213 3834 215 3839 ·
301 3813 390 3874 beot
413 3828 610 3872 numerum.
656 3809 733 3870 Sunt
762 3827 880 3890 semper
907 3808 1034 3889 pluralia
1062 3809 1180 3887 generis
1208 3807 1358 3877 feminini,
1388 3815 1421 3866 ut
1449 3801 1591 3866 Kalendae

303 3912 458 3975 Nundinae
481 3913 574 3973 leriae
597 3909 757 3990 quadrigae
781 3914 901 3991 nuptiae
917 3911 1039 3972 diuitiae
1062 3912 1142 3971 iores
1163 3927 1271 3990 scopae
1293 3908 1404 3979 scalae:
1429 3915 1499 3968 sunt
1520 3921 1591 3966 seor·

340 4067 529 4077 .-..—-——-—-—

370 4173 382 4218 1
403 4167 490 4232 lingue
507 4181 563 4216 cum
583 4165 757 4232 suetudiuariq
825 4165 901 4216 21111
922 4181 981 4216 uero
1001 4166 1041 4215 iric
1093 4179 1199 4215 suorum
1217 4164 1354 4228 elegentes,
1371 4165 1405 4226 es.
1418 4155 1499 4228 ereprad
1517 4181 1542 4228 p.
1552 4162 1591 4220 13,

304 4241 317 4286 7
373 4237 532 4287 3diuersnm
554 4237 756 4300 mouendarum,
775 4249 843 4285 corr.
862 4235 1056 4299 prouintiarum.
1093 4234 1216 4284 Fortasse
1233 4233 1408 4282 scribendum:
1425 4231 1592 4281 diuersarum.

301 4305 435 4356 diodictio
485 4315 511 4352 ut
528 4319 612 4352 rerum
665 4302 809 4366 dequnlem
828 4301 1004 4364 inequalemue
1073 4302 1220 4352 Soumetia
1239 4301 1308 4350 uerbi
1362 4303 1394 4349 to
1412 4301 1514 4349 iunctus
1565 4295 1592 4344 ll

302 4376 369 4436 quod
388 4388 436 4422 suu
508 4373 539 4422 14
558 4372 603 4436 trit,
621 4371 660 4422 dis
710 4381 781 4436 aput,
800 4386 867 4421 corr.
887 4369 957 4434 apud
1008 4367 1071 4418 olias
1142 4371 1173 4419 15
1190 4383 1276 4433 quam,
1294 4382 1452 4431 corr.quem
1505 4365 1591 4416 umbuo

303 4444 333 4492 16
351 4443 383 4492 de
400 4439 500 4491 duabus
589 4442 620 4492 19
637 4441 694 4490 siue
712 4454 788 4489 troam
806 4435 870 4504 rem]
892 4453 967 4488 uuam
987 4435 1056 4504 uirfi,
1074 4453 1121 4488 om.
1139 4438 1196 4486 siue
1272 4437 1305 4486 ‘22
1324 4437 1372 4485 Iter
1440 4437 1473 4487 23
1492 4443 1592 4484 uocatur

302 4538 430 4608 Donatus]
447 4558 476 4606 p.
496 4544 555 4602 370,
569 4543 604 4590 21
672 4542 705 4591 24
724 4518 827 4590 edmero
896 4540 1041 4589 communio
1060 4548 1143 4588 otest
1160 4539 1186 4586 11
1206 4538 1323 4588 omnibus
1342 4548 1431 4600 quarte
1499 4534 1590 4592 2irlrii,

301 4625 401 4674 semper
480 4612 513 4658 26
532 4621 556 4658 et
574 4609 636 4658 leaeo
653 4624 744 4658 rneuus
796 4620 821 4658 et
839 4609 900 4658 haee
917 4609 1009 4659 domus
1028 4618 1053 4658 et
1070 4607 1132 4656 laaec
1149 4607 1241 4657 domus
1310 4609 1343 4656 21
1362 4616 1387 4655 et
1404 4605 1466 4655 haee
1485 4605 1554 4654 ledes
1570 4613 1591 4649 et

302 4675 364 4725 liaeo
382 4677 452 4726 indes
521 4679 554 4727 28
572 4691 596 4726 et
614 4677 675 4726 ltaee
694 4677 774 4726 lomes
826 4688 851 4726 et
869 4677 930 4726 lraee
948 4692 987 4726 res
1056 4677 1089 4726 29
1107 4675 1199 4740 pulues
1267 4676 1297 4724 31
1318 4674 1394 4722 lanais
1463 4677 1496 4724 32
1515 4685 1590 4738 gram·

302 4745 421 4802 mertens]
440 4745 499 4805 Quia
517 4747 628 4808 dicutur,
646 4747 744 4808 acacio,
761 4747 810 4796 sed
825 4747 862 4808 cs.
882 4745 962 4795 Prodi
979 4749 1036 4796 tuot.
1054 4751 1104 4795 art.
1121 4761 1147 4808 p.
1166 4745 1214 4806 88,
1234 4745 1267 4791 11
1284 4757 1339 4808 aeq.
1359 4741 1387 4790 K
1389 4761 1399 4800 ,·
1429 4743 1529 4806 Asperi
1544 4745 1588 4790 aaa.

301 4845 373 4896 duius
391 4844 450 4894 libri
465 4847 543 4910 pass,
555 4849 587 4895 15
638 4850 671 4898 33
690 4823 820 4896 codritorum
874 4844 1000 4894 Kalendae
1019 4845 1130 4894 urrudine
1148 4843 1210 4894 serie
1227 4843 1336 4909 quadris
1387 4843 1421 4894 st
1433 4857 1513 4909 scope
1530 4839 1589 4891 scale
