3352 5556
494 311 569 361 CVM
589 312 793 362 ExceuP'rts
813 311 984 365 inemtas.
1262 325 1381 373 CCXVII

171 498 369 580 lupersonalis
398 499 542 578 ‘legitur’.
588 499 642 560 llic
670 518 728 561 oon
758 506 803 560 est
829 499 946 569 modus,
971 499 1038 578 quia
1059 501 1153 560 currit
1180 519 1232 580 per·
1267 499 1379 560 modos.

97 583 259 654 Quomodo?
302 581 503 665 lnpe'rsonalia
532 583 623 646 ruerba
653 603 706 662 per
734 585 838 646 modos
865 593 998 646 currunt.
1044 585 1117 646 Nam
1141 585 1251 646 iaciunt
1273 585 1381 646 iudica·

97 671 179 730 tiuum
195 669 316 732 modum
339 671 517 750 ‘pudetme’
540 678 597 730 etc.
642 671 691 731 Sic
714 679 742 731 et
765 678 880 732 ceteros
902 669 1013 731 iaciunt
1033 671 1145 731 modos.
1190 670 1275 731 llune
1298 671 1384 750 qui·¹

97 755 165 814 dam
186 755 306 816 modum
322 773 377 835 pro
392 773 502 834 genere
526 764 554 816 et
569 756 780 833 significatione
795 755 880 816 uerbi
896 757 1053 836 accipiunt.
1085 754 1201 826 Quare?
1238 755 1313 828 Quia
1329 775 1382 836 per

77 849 165 900 stotos
185 841 290 901 modos
312 843 413 911 currit,
437 851 466 902 et
487 841 554 902 ideo
577 859 632 919 pro
654 857 765 918 genere
787 839 880 911 uerbi,
904 859 963 901 nou
985 859 1042 921 pro
1065 840 1152 902 modo
1174 843 1333 920 accipiunt.

172 1007 185 1092 ll
203 1009 225 1071 l.
241 1007 302 1072 95²
318 1007 331 1094 ll
347 1011 422 1073 Sunt
439 1013 527 1074 etiam
551 1019 671 1084 neutra,
702 1031 777 1092 quae
798 1013 809 1071 i
831 1010 928 1073 littera
951 1011 1162 1082 terminantur,
1185 1019 1218 1072 ut
1238 1010 1288 1072 odi
1311 1013 1381 1072 noui

97 1099 218 1156 memini.
263 1096 357 1158 Habet
379 1115 520 1175 praesens
543 1107 658 1176 tempus
681 1098 824 1159 autnon?
868 1093 1046 1167 Nonbabet‚
1071 1097 1265 1158 setiuturum
1282 1095 1379 1165 babet,
1418 1087 1425 1104 ⁸

96 1191 123 1239 nt
142 1181 233 1242 odero
254 1199 367 1243 nouero
390 1184 563 1244 meminero.
608 1183 649 1244 lia
673 1183 736 1244 eius
758 1181 935 1263 exemplum.

240 1265 360 1328 Odero
381 1270 412 1328 si
434 1277 583 1346 potero,
607 1269 669 1329 sed
693 1285 764 1330 non
787 1269 933 1330 inuitus
955 1266 1100 1329 amabo.
1148 1295 1149 1298 ¹

21 1551 22 1554 ,
70 1511 86 1545 10
591 1488 639 1550 DE
661 1488 882 1550 translatu.

21 1721 22 1750 ,
172 1657 184 1740 ll
202 1658 222 1720 l.
240 1655 303 1720 aab
319 1655 331 1740 l
346 1657 527 1720 Aduerbium
551 1659 588 1720 de
616 1623 770 1740 palticipio
793 1622 856 1720 lieri
878 1677 965 1740 posse
988 1657 1161 1721 nonnulli
1184 1669 1307 1738 negant,
1330 1660 1381 1734 sed

21 1753 23 1816 t
96 1743 141 1802 bos
173 1742 302 1822 plurima
336 1743 471 1804 lectionis
503 1747 628 1806 reuincit
662 1747 830 1808 auctoritas.
888 1743 1048 1822 Indulgens
1083 1763 1157 1807 uero
1192 1746 1381 1825 participium

21 1829 22 1836 ’
95 1827 280 1906 indulgenter
302 1827 372 1889 iacit
394 1828 576 1898 aduerbium,
600 1832 677 1892 siout
699 1849 801 1892 amaus
823 1841 956 1892 amanter
979 1838 1009 1890 et
1030 1837 1137 1892 cetera.

547 2069 594 2130 nb
616 2067 923 2131 euaseostntottb.

68 2255 85 2292 u
171 2235 183 2317 ll
197 2239 218 2299 1.
231 2235 312 2300 100?
327 2234 340 2320 ΙΙ
357 2239 478 2318 ‘Vsque’
496 2239 676 2320 praepositio
691 2237 864 2319 plurimis
880 2257 938 2299 nou
955 2239 1081 2300 uidetur.
1113 2239 1285 2311 Quomodo?
1308 2241 1382 2311 Quia

21 2333 22 2400 t
96 2325 150 2382 sine
173 2323 270 2404 aliqua
301 2325 520 2404 praepositione
548 2325 676 2403 proferri
705 2331 785 2385 recte
815 2341 873 2384 oon
905 2332 1010 2404 potest.
1057 2324 1139 2385 Vnde
1162 2331 1191 2384 et
1212 2324 1382 2404 adiungitur·

21 2461 22 2464 ,
95 2409 222 2488 utrisque
245 2408 380 2478 casibus,
409 2419 443 2470 ut
464 2418 522 2470 est:
552 2413 656 2489 ‘usque
685 2409 720 2470 ad
744 2410 871 2470 amicum
894 2408 1055 2470 ambulaui’
1085 2417 1114 2470 et
1136 2413 1243 2488 ‘usque
1265 2408 1301 2470 ab
1324 2408 1383 2471 alto

21 2565 22 2598 ¹
96 2492 251 2554 deseendi'.

172 2661 185 2746 ΙΙ
202 2663 223 2724 i.
243 2661 325 2726 100b
339 2659 353 2748 11
370 2666 526 2746 Vtriusque
549 2684 635 2727 casus
657 2673 725 2727 suot
743 2666 979 2746 praepositiones
995 2673 1150 2744 quattuor:
1175 2667 1206 2726 iu
1223 2666 1276 2728 sub
1292 2685 1382 2747 super

68 2746 199 2818 esubter,
225 2767 301 2827 quae
324 2751 442 2828 quaudo
466 2759 576 2812 motum
600 2751 773 2830 significant,
798 2751 966 2812 accusation
989 2753 1069 2814 casui
1092 2755 1242 2822 seruiunt,
1265 2753 1385 2832 quaudo'

94 2833 188 2905 situm,
212 2833 357 2905 ablatiuo‚
383 2844 415 2897 ut
437 2837 574 2916 superius
597 2835 734 2898 diximus.

169 3005 375 3084 Separatae
409 3008 714 3086 praepositiones
747 3015 941 3068 acuuntur.
992 3006 1165 3077 Quomodo?
1214 3008 1245 3068 Si
1275 3011 1381 3070 asnis

21 3093 22 3118 ¹
95 3088 204 3149 casibus
241 3100 431 3171 separentur,
470 3102 556 3152 acuto
589 3093 821 3172 pronuntiandae
853 3099 923 3152 suut
954 3099 1090 3153 accentu.
1145 3093 1383 3154 Coniunctae

95 3172 238 3234 casibus
265 3184 327 3236 aut
355 3176 535 3256 loquellis
564 3179 657 3237 uiam
686 3197 785 3238 suam
808 3196 918 3256 saepe
941 3184 1168 3238 commutant
1190 3186 1225 3238 et
1247 3195 1382 3253 graues

21 3327 22 3344 ¹
68 3257 197 3328 situum
223 3263 532 3340 praepositiones
555 3271 619 3323 aut
640 3264 721 3342 ipsa
747 3262 861 3323 uerba
885 3263 1381 3342 conrumpuntutoouiioio.

21 3401 22 3408 ,
95 3339 264 3410 Quomodo?
315 3344 401 3407 Tulta
430 3349 648 3427 praepositione
678 3366 733 3409 coo
762 3347 836 3409 nibil
867 3355 1008 3408 remanet.
1062 3351 1129 3409 Ant
1161 3351 1263 3426 ipsae
1293 3366 1382 3408 con-

21 3463 22 3478 .
95 3437 327 3509 rumpuntur.
362 3440 402 3490 ut
431 3431 588 3492 suiiero.
640 3432 813 3503 Quomodo?
863 3431 894 3493 Si
930 3431 1051 3492 sublero
1088 3432 1192 3493 luisset
1228 3432 1381 3500 scribtum,

95 3518 269 3593 praepositio
300 3533 365 3577 esse
398 3515 508 3578 debuit.
558 3521 626 3580 Aut
654 3526 902 3596 oonrurupunt
931 3527 966 3577 et
999 3525 1316 3596 corrumpuntur,
1349 3530 1383 3579 ut

96 3602 269 3678 suspicio.
321 3601 492 3673 Quomodo?
542 3603 598 3664 Sus
626 3603 699 3664 nibil
728 3611 784 3672 est,
816 3604 893 3683 picio
921 3601 1068 3663 similiter.
1119 3602 1209 3662 ltem
1238 3611 1321 3681 post
1350 3613 1382 3663 et

21 3735 22 3760 ,
69 3693 170 3745 eante
191 3695 228 3746 et
251 3687 394 3748 circum
422 3690 615 3768 utriusque
644 3707 753 3749 casus
775 3688 974 3749 adiunctas
997 3689 1224 3758 ioueoimus,
1256 3696 1285 3748 et
1304 3692 1383 3768 ‘post

21 3765 22 3790 ³
96 3766 237 3831 dominam
267 3789 362 3832 msam
392 3773 518 3834 stabam’
542 3773 813 3854 et‘postdomiuo
836 3792 903 3834 meo
931 3772 1141 3834 ambulabam‘.
1188 3771 1256 3833 Sed
1285 3775 1382 3834 scire

154 4060 283 4110 lmudos
352 4064 463 4112 deterrit
482 4077 538 4111 nam
558 4061 617 4111 lacit
685 4061 780 4113 3lacit
847 4063 1031 4113 Stermiuutur
1100 4065 1162 4112 'iet
1185 4061 1296 4111 luturum
1366 4065 1382 4113 9

21 4155 22 4194 j
97 4127 112 4171 ai
130 4143 176 4177 non
195 4129 321 4180 inuitatus
392 4134 423 4182 15
442 4129 555 4196 prolerre
612 4133 644 4182 20
663 4141 690 4180 ut
708 4131 827 4196 superius
846 4127 971 4194 diximus]
992 4131 1213 4196 efiortipropbum
1225 4129 1383 4180 Beruensem

21 4227 22 4252 u
96 4194 190 4250 lidi.-
228 4196 267 4245 Do
291 4201 423 4262 utriusque
445 4214 520 4248 casius
544 4200 760 4264 praepositiones.
796 4199 823 4248 lu
846 4200 894 4248 sub
923 4215 1001 4263 super
1023 4199 1121 4250 subter.
1157 4199 1243 4261 Quare
1265 4199 1383 4248 dicuntur

98 4264 217 4326 trinusque
236 4267 331 4316 casus?
368 4267 431 4326 Quia
451 4278 475 4316 et
491 4268 638 4316 occursatiuo
656 4268 727 4316 casuri
746 4268 862 4316 seruiunt
879 4277 903 4315 et
920 4267 1042 4316 abiatiuo.
1078 4265 1185 4324 Qumrdo
1208 4267 1324 4320 seruiunt
1341 4281 1383 4316 ac-
1422 4305 1424 4310 ,

21 4319 22 4394 J
98 4334 201 4382 ruesauuo
230 4335 321 4383 castri?
357 4335 468 4397 Quando
495 4339 594 4384 motum
620 4335 766 4401 significant
793 4334 843 4396 (at
860 4330 937 4399 cod).
974 4335 1081 4393 Quando
1108 4334 1237 4384 ablutiuo?
1275 4333 1381 4392 Quando

99 4397 171 4448 sitnm.
206 4401 294 4450 blotus
317 4405 378 4465 quid
404 4403 573 4468 intellegitur?
610 4401 731 4469 Corporis
755 4403 892 4453 mobilitas.
928 4403 960 4451 Et
981 4404 1064 4452 situs?
1101 4402 1181 4452 Statio
1202 4402 1240 4452 uel
1260 4402 1382 4453 sedulitas

100 4475 145 4524 stt..
161 4469 195 4530 rs.
213 4469 313 4520 Irelioni
328 4488 355 4536 p.
376 4474 423 4519 107
441 4473 480 4521 ed.
501 4471 572 4520 Ilum
641 4473 673 4521 22
692 4467 837 4537 separatae]
859 4473 923 4520 uon.
935 4487 959 4533 p.
972 4474 1032 4534 391,
1044 4474 1074 4520 11
1144 4473 1177 4520 23
1195 4472 1383 4536 pronuurtiuude

100 4600 103 4606 .
126 4533 290 4604 Coniunctus]
310 4539 377 4589 Dou.
395 4556 420 4602 p.
440 4541 500 4600 391,
520 4541 559 4588 11.
580 4541 612 4588 12
680 4542 713 4590 24
731 4550 758 4588 ut
775 4539 892 4600 loqurellis
911 4539 978 4586 uiam
998 4553 1070 4587 suam
1089 4555 1151 4603 sepe
1169 4549 1282 4588 oomutot
1349 4541 1382 4590 25

21 4605 23 4686 j
100 4617 145 4662 ipse
210 4607 245 4654 26
262 4604 348 4672 Tubu]
368 4607 403 4670 rs.
422 4607 546 4656 Iulianum
563 4624 589 4670 p.
609 4609 721 4665 mid.
740 4611 773 4658 18
789 4608 825 4658 K.
878 4608 934 4672 ipse
988 4609 1038 4656 Aret
1056 4605 1139 4672 ipsae]
1160 4608 1225 4660 lion.
1236 4623 1264 4672 p.
1276 4609 1382 4670 391,13

21 4687 22 4744 p
99 4669 125 4716 21
141 4671 239 4721 sufficio
294 4672 408 4738 subfero]
427 4675 478 4726 suri.
499 4677 563 4724 etius
632 4678 665 4725 28
685 4677 734 4724 ¹but
751 4671 934 4738 conrumpunt]
957 4675 1022 4728 lion.
1041 4693 1066 4738 p.
1081 4677 1187 4737 391,11
1256 4677 1288 4726 29
1307 4673 1381 4738 item]

101 4737 154 4787 don.
172 4759 198 4805 p.
218 4744 280 4805 391,
301 4745 333 4792 15
400 4745 433 4794 30
451 4743 620 4792 anteriorum
673 4739 820 4810 adiunctus]
840 4744 874 4807 rs.
892 4743 957 4797 Dori.
976 4759 1003 4808 p.
1024 4746 1088 4807 391,
1109 4747 1140 4794 16
1160 4750 1209 4793 not.
1280 4747 1310 4797 31
1331 4744 1381 4793 Sed

101 4803 166 4872 seire]
187 4809 251 4858 ooo.
268 4827 297 4874 p.
317 4813 377 4873 391,
397 4811 429 4862 Id
