3354 5580
523 367 669 420 courcrs
688 367 893 421 nnnnnuors
911 371 952 420 aa.
1325 367 1384 433 187

177 554 297 619 Nobiles
318 556 518 618 Romanorum
542 556 628 636 pueri
650 563 681 617 ct
695 533 789 617 etiam'
807 554 1021 618 adulescentuli
1044 563 1113 618 tunc
1135 557 1279 636 temporis
1301 566 1385 618 erant

90 668 120 720 ct
143 665 214 719 sunt
234 661 325 720 ctiam
348 657 436 720 hodie
452 657 627 728 ‘comatuli’,
648 667 729 719 retro
752 657 892 720 uidelicet
914 657 951 719 ab
974 657 1097 719 auribus
1118 659 1296 738 promissam
1319 659 1386 739 plus

91 761 190 821 minus
212 758 326 821 dimidii
349 777 488 821 mensura
510 760 594 839 pedis
616 758 761 821 habentes
783 777 913 828 comam:
937 760 1007 821 hinc
1029 758 1193 821 adulatorie
1216 760 1263 821 uel
1286 761 1386 841 potius

89 863 229 923 inrisorie
252 854 519 942 ὑποκοριστικῶς
540 862 714 931 ‘comatuli’,
737 863 821 942 quasi
842 861 995 940 comptuli.
1025 861 1099 924 Nam
1124 869 1154 922 et
1175 861 1386 924 Einhardus

66 966 127 1025 ain
152 965 226 1026 uita
249 961 351 1024 Karli
375 963 621 1043 Imperatoris
644 962 770 1026 eundem
794 961 915 1026 Karlum
938 963 1011 1025 dim
1033 962 1126 1024 luisse
1150 962 1349 1024 'dicaculumt
1420 990 1423 996 ·

176 1170 197 1226 Α
221 1167 378 1246 ‘pumice’
407 1164 531 1228 uerbum
561 1185 619 1227 non
650 1179 703 1226 mc'
728 1166 828 1228 recolo
849 1167 971 1246 legisse,
1000 1173 1097 1228 lamen
1127 1173 1178 1227 aut
1204 1167 1247 1227 sic
1269 1174 1315 1228 cst
1336 1178 1386 1229 aut

91 1270 171 1329 sicut
193 1268 361 1347 ‘galeatus'
385 1275 416 1328 et
437 1268 600 1348 ‘togatus',
631 1274 682 1330 aut
703 1285 826 1348 asperos
849 1278 881 1331 ut
901 1271 965 1348 ipse
988 1277 1074 1348 putas
1096 1269 1276 1348 pumicatos,
1300 1272 1385 1349 quasi

92 1369 206 1432 limatos
228 1380 282 1431 aut
301 1378 382 1430 certe
404 1372 488 1449 quasi
511 1361 617 1448 politos
639 1371 839 1451 carpendique
862 1387 917 1432 usu
940 1371 1034 1432 tritos.

175 1571 353 1636 l‘caleeis'
376 1574 423 1634 uel
445 1573 570 1635 ‘calciis’
594 1577 691 1658 potius
713 1575 859 1636 ‘calceoli'
883 1574 930 1635 uel
952 1573 1106 1636 ‘calcioli’2
1123 1591 1198 1664 'uam
1222 1583 1251 1636 et
1274 1577 1386 1637 ‘calceo

61 1675 219 1737 recalceas’
242 1685 273 1736 et
294 1674 399 1738 ‘caloio
421 1675 541 1738 caloias’
565 1675 702 1738 dixerunt
723 1677 849 1756 antiqui.

176 1878 367 1957 ‘Epithema'
391 1877 498 1941 dicitur
527 1890 558 1940 et
585 1880 776 1960 emplastrum
799 1899 815 1941 a
838 1878 1069 1960 superponendo
1098 1878 1224 1950 dictum,
1255 1879 1386 1940 undeet

95 1979 164 2040 iilud
189 1981 268 2058 quod
291 1981 331 2040 ait
353 1979 617 2062 Hieronymus:
647 1982 1011 2068 ‘sumptqthemate’
1034 1967 1385 2062 putaturquasisnmpta

95 2081 210 2142 dicendi
238 2082 394 2162 positione.
445 2081 539 2144 Porro
569 2082 640 2144 illud
669 2083 704 2144 in
733 2083 900 2145 decretis
930 2083 1160 2144 innocentii:
1199 2082 1387 2142 ‘uenimus

95 2182 134 2242 ad
164 2183 291 2244 Fotini
320 2185 514 2245 marimum
545 2185 685 2246 tirema'
713 2185 791 2246 aliud
820 2193 878 2255 est,
910 2184 986 2247 idest
1008 2183 1190 2265 quaestionis
1212 2184 1385 2264 propositio.

64 2301 84 2338 u
96 2284 169 2345 Galli
190 2283 325 2346 Senones
344 2281 358 2365 Η
379 2284 400 2346 i.
417 2283 474 2347 74·
491 2283 502 2367 ll
525 2284 561 2346 ab
585 2284 659 2346 urbe
689 2285 819 2347 ilomana
854 2294 1041 2348 reuertentes
1071 2285 1269 2349 condiderunt
1301 2304 1387 2346 secus

96 2404 173 2448 mare
196 2388 348 2448 ciuitatem
371 2394 513 2449 uocantes
534 2386 706 2448 Anchonam
730 2387 811 2449 uelut
833 2388 922 2450 ‘hauc
938 2393 1050 2457 unam',
1073 2388 1142 2448 inde
1160 2387 1387 2468 progredientes

96 2495 278 2548 uocauerunt
298 2489 469 2558 Auximum,
493 2497 692 2569 quapropter,
716 2489 767 2549 nbi
790 2498 821 2551 tn
846 2490 969 2567 posuisti
992 2488 1180 2569 ‘syntlrema',
1198 2490 1224 2550 si
1238 2491 1388 2569 posuisses

96 2587 287 2668 ‘epithema’,
321 2601 456 2672 putasses
489 2596 517 2650 te
542 2591 643 2657 lritis
677 2590 901 2672 quaestionibus
933 2589 963 2650 id
994 2589 1123 2669 angendi
1157 2591 1251 2669 gratia
1283 2609 1387 2670 super·

97 2690 249 2752 addidisse.

65 2927 86 2964 n
179 2896 191 2976 ll
213 2894 232 2956 l.
250 2891 307 2956 74·
324 2891 338 2978 ll
362 2897 568 2974 Agroecius
596 2893 715 2974 quidem
738 2895 811 2956 dicit
839 2897 875 2956 in
904 2893 1193 2976 orthographia:
1225 2896 1388 2956 ‘allicimur

100 2995 208 3058 irouore
232 3004 262 3057 el
284 2995 439 3058 adficimur
461 2997 593 3068 iniuria',
616 2995 668 3056 sed
692 3003 790 3058 tamen
813 3015 958 3078 nusquam
982 2997 1132 3076 reperitur
1154 3003 1185 3056 ct
1206 2997 1314 3058 ‘morte
1337 2996 1387 3057 ad-

98 3097 194 3160 ficient
215 3118 251 3159 ex
275 3097 377 3159 nobis’
401 3097 449 3160 uei
473 3096 669 3159 ‘contumelia
693 3097 826 3161 adiectos
848 3098 1049 3170 occiderunt',
1079 3097 1158 3159 unde
1180 3098 1262 3159 uelut
1284 3117 1387 3178 super·

99 3197 151 3260 ilua
174 3201 295 3262 uidetur
317 3198 391 3261 haec
413 3199 594 3270 dilierentia,
629 3202 804 3280 pracsertim
833 3219 900 3262 cum
924 3199 1129 3262 indifferenter
1152 3208 1182 3261 et
1203 3201 1233 3261 iu
1257 3199 1335 3261 bono
1359 3209 1388 3260 et

98 3302 125 3360 in
146 3303 222 3364 malo
244 3302 358 3364 dicatur
381 3301 528 3364 ‘allectus’
553 3311 582 3364 et
602 3302 755 3364 ‘allectio’.

67 3532 88 3572 as
173 3497 252 3567 ‘tud
275 3504 381 3566 παντί
400 3505 547 3575 Graecum
575 3512 634 3576 est,
664 3505 717 3566 aed
745 3514 878 3584 agrestes
901 3506 1006 3567 Graeci
1028 3505 1195 3568 Latinitatis
1217 3506 1313 3585 ignari
1337 3523 1388 3565 ne·
1419 3542 1427 3553 -

99 3616 205 3686 queunt
231 3607 342 3669 idioma
370 3607 507 3686 prolerre
536 3602 623 3668 nobis
651 3606 830 3670 huiusmodi.
876 3609 1039 3684 Vtcumque
1068 3615 1167 3668 tamen
1198 3616 1296 3686 potest
1323 3605 1387 3666 ‘olr-

100 3710 202 3770 niatio'
226 3710 274 3771 uel
297 3708 480 3771 ‘decursus'
503 3709 725 3790 interpraeiari‚
754 3727 770 3768 a
793 3707 903 3788 palatio
924 3709 1070 3789 siqnidem
1094 3709 1247 3770 Lateranis
1270 3710 1389 3770 exeunti

101 3808 188 3890 Papae
211 3830 278 3873 cnm
302 3811 398 3880 clero,
428 3812 505 3873 sicut
533 3813 705 3890 ingestis
728 3809 955 3872 Pontificum
983 3810 1101 3890 iegitur,
1132 3812 1263 3872 occurrit
1285 3819 1315 3873 et
1337 3811 1387 3870 olr-

102 3914 154 3972 diat
176 3911 304 3994 populus
326 3912 364 3974 ad
387 3921 521 3974 sancium
544 3912 736 3975 Hadrianum.

71 4039 91 4078 u
178 4015 301 4095 ‘Nugas'
325 4014 447 4095 pluralis
468 4032 587 4094 semper
611 4016 726 4076 numeri
750 4024 780 4076 et
802 4015 967 4076 communis
991 4023 1035 4076 est
1056 4016 1183 4094 generis,
1208 4022 1240 4077 ut
1256 4023 1302 4076 est
1317 4012 1387 4074 illud

103 4113 328 4197 Hieronymi:
346 4121 493 4190 suerum
517 4115 607 4178 haec
629 4133 744 4196 nugas
767 4117 957 4178 terimns'.

105 4303 323 4315 -—-----

163 4415 358 4525 arcidiaconus
426 4455 594 4506 linrisoriae
613 4453 899 4508 rrouoiltsthos
952 4455 1035 4519 quali,
1054 4455 1205 4517 comquasi
1258 4453 1316 4503 diu
1336 4453 1389 4501 nitu

100 4516 314 4593 'lllll'fenndcnr
334 4536 409 4606 itari]
432 4539 506 4594 ueni.
524 4557 583 4606 cap.
603 4540 686 4590 XXV
746 4544 796 4592 tia
814 4543 912 4607 pamice
974 4541 1136 4592 eliminatos
1200 4537 1389 4603 9potiuscal-

104 4609 165 4669 tioli,
183 4626 250 4662 corr.
268 4609 332 4661 -eoli
386 4609 415 4658 il
435 4607 608 4674 emplastrum,
626 4625 694 4663 οοιτ.
714 4609 880 4674 emplastrum
934 4611 965 4660 12
982 4606 1053 4672 qnn¹i
1106 4611 1137 4658 15
1150 4605 1213 4665 Caii,
1230 4622 1298 4657 corr.
1311 4622 1341 4654 m.
1356 4605 1390 4656 11

105 4676 159 4726 liniti
209 4677 530 4739 reuerterrens,eorr.m.l
582 4679 613 4728 17
625 4677 752 4726 siutlremu
824 4681 853 4729 18
867 4678 946 4727 teritis
959 4676 1135 4739 questionibus
1188 4671 1388 4740 ίὶθιιςιοοοίιιε]

104 4760 126 4807 p.
136 4749 200 4797 22⁷0
210 4748 248 4798 P:
266 4746 400 4817 ndiloimur
417 4744 514 4796 honore
532 4755 557 4794 et
574 4743 807 4795 adfleimurininria
877 4749 911 4797 26
928 4741 1105 4797 ΥΡΟΡΑΝΤΙ
1118 4758 1221 4810 grecum
1273 4743 1306 4794 28
1323 4757 1391 4809 pape

105 4845 133 4896 29
149 4849 255 4916 populos
325 4851 357 4902 al
375 4808 502 4918 {monitui
