3560 5574
311 269 374 334 264
704 269 938 323 commearvu
958 269 1202 322 arusianensis

313 462 434 540 Sciplo’,
460 479 518 522 non
542 468 631 538 egent
652 457 878 526 co'uiunctionc,
903 459 970 536 quia
994 476 1084 518 unum
1108 456 1258 518 lrominem
1282 458 1494 520 demonstrant.
1544 463 1618 520 An·

213 571 469 626 aaa,aarrectens
496 565 522 624 i·
546 562 651 642 ligans.
696 560 881 622 tlrdinans
908 561 934 620 i·
958 559 1094 620 ordinate
1122 561 1287 642 componit,
1317 570 1349 621 ut
1377 577 1452 638 quae
1479 579 1620 640 pracce-

314 664 386 725 dere
413 663 555 732 debeant,
585 662 776 746 praecedant,
806 671 836 724 et
857 679 934 740 quae
961 663 1058 742 sequi,
1089 670 1260 742 sequantur.
1306 660 1396 724 Verbi
1423 665 1544 742 gratia:
1577 662 1623 723 ‘si

315 765 377 827 dies
399 774 457 834 est,
481 764 572 826 luccl'
595 772 625 826 et
646 765 683 826 ‘si
705 765 817 834 stertit,
841 763 974 834 dormit',
999 765 1036 824 ‘si
1058 763 1203 837 ambulat,
1227 769 1376 826 mouetur'
1399 782 1460 826 non
1480 773 1625 846 possunt

315 869 463 938 conuerti,
487 870 558 946 quia
579 869 622 930 sic
644 868 814 928 conionctio
836 866 954 928 ordinat
967 868 1156 928 sententiam.
1193 865 1258 930 lloa
1280 877 1365 948 potes
1387 869 1466 930 enirn
1487 867 1649 928 dicereza

1723 963 1724 996 l

316 1071 517 1150 singularitate
540 1071 927 1150 significat-matrimonium
948 1078 979 1131 ct
1001 1071 1131 1150 nuptias,
1162 1069 1211 1130 ubi
1235 1069 1293 1132 duo
1315 1072 1495 1148 magnatum
1532 1071 1625 1132 simi·
1723 1049 1724 1086 ³

317 1175 384 1235 liter
407 1159 493 1234 ‘llaec
515 1171 632 1253 copula’
654 1173 686 1233 in
709 1169 877 1253 pluralitate
901 1173 1000 1234 neutri
1027 1173 1160 1252 generis,
1190 1172 1267 1234 unde
1295 1173 1500 1234 Martianus
1535 1176 1627 1232 ‘co·

318 1276 400 1356 pula
445 1275 547 1336 acra'
571 1275 644 1335 dixit
660 1275 679 1334 i·
697 1275 822 1354 nuptias.
869 1275 1032 1353 ‘Copulae'
1049 1292 1122 1336 uero
1145 1274 1281 1336 feminini
1303 1277 1421 1354 generis
1444 1285 1514 1336 sunt
1542 1274 1623 1353 liga·

320 1295 562 1478 rncutaVcaaum,
586 1377 655 1437 inde
678 1373 917 1456 copulatione
940 1397 955 1438 a
979 1374 1144 1456 copulando
1167 1376 1324 1448 dicuntur,
1354 1376 1626 1440 disiunctiuae
1642 1393 1665 1430 u
1725 1369 1726 1422 l

319 1501 335 1540 a
351 1478 556 1556 disiungendo.
592 1477 836 1558 laterrogandum
859 1488 918 1548 est,
942 1496 995 1540 cur
1017 1478 1123 1539 dicitnr·
1145 1479 1324 1540 disiunctiua
1347 1480 1463 1559 species
1484 1481 1516 1540 in
1544 1499 1621 1541 con·

318 1584 484 1650 iunctione,
509 1597 576 1640 cum
599 1579 707 1642 dicitur
730 1582 900 1642 coniunctio
915 1601 931 1642 a
947 1581 1166 1660 coniungendo.
1210 1580 1284 1642 Nam
1307 1582 1480 1642 coniunctio
1502 1589 1538 1641 et
1560 1582 1627 1642 dis·

320 1685 430 1745 iunctio
452 1684 619 1744 contrariae
641 1691 718 1744 suat.
762 1681 803 1743 dd
832 1681 889 1744 hoc
916 1681 1174 1764 respondendum,
1205 1685 1274 1762 quia
1303 1681 1372 1744 licet
1399 1701 1520 1744 sensum
1558 1681 1624 1743 dis·

219 1807 267 1853 aar,
282 1805 307 1844 :ro
320 1789 436 1866 iungat,
466 1785 662 1846 litteraturam
693 1784 1112 1892 copulathllxpletiuae,
1141 1786 1166 1846 i·
1195 1787 1362 1846 ornatiuae.
1412 1785 1506 1846 llrnat
1537 1787 1628 1846 enim

321 1888 502 1949 oraticnem:
531 1896 617 1967 potes
639 1889 727 1949 ctiam
751 1885 865 1948 dicere:
895 1885 1044 1948 ‘dominus
1066 1886 1148 1949 lesus
1170 1894 1326 1967 postquam
1348 1885 1465 1948 locutus
1487 1896 1537 1948 est
1563 1888 1626 1948 eis’
1641 1899 1664 1938 1⁵

320 1992 383 2050 sinc
406 1989 628 2060 coniunctione,
652 1988 703 2050 sed
726 1990 789 2070 ipsa
811 1989 909 2050 addita
930 1987 1084 2069 pulchrior
1107 1990 1280 2057 allocutio,
1303 1997 1350 2050 ut:
1374 1988 1525 2052 ‘dominus
1552 1991 1627 2069 qui·

220 2093 387 2160 eamdem
417 2091 518 2152 lesus'.
564 2091 743 2154 causales
771 2090 925 2162 dicuntur,
954 2109 1030 2172 qnae
1058 2109 1176 2153 causam
1204 2091 1424 2163 demonstrant,
1458 2101 1508 2152 ut:
1551 2095 1626 2153 ‘cur
1725 2115 1726 2202 p

321 2193 470 2256 occidistis
492 2193 577 2254 eum?
600 2195 669 2271 qula
691 2194 832 2254 inimicus
848 2196 935 2255 erat.’
966 2192 1198 2263 llationales,
1223 2212 1300 2274 quae
1322 2195 1468 2255 rationem
1491 2191 1623 2262 habent.

321 2305 366 2356 at:
395 2293 462 2356 ‘dic
484 2295 570 2364 milii,
599 2295 747 2375 quomodo
771 2293 903 2358 occidam
927 2314 1009 2362 eum;
1039 2297 1178 2374 quatinus
1199 2295 1303 2366 lateat,
1332 2313 1464 2364 aeneam
1493 2314 1567 2358 nam
1598 2296 1625 2354 si
1725 2303 1726 2396 p

233 2421 280 2466 aar
296 2419 308 2458 s
322 2417 358 2463 ex
380 2397 492 2473 gladio,
516 2395 652 2478 patebit.¹
697 2397 882 2468 Quatinus
909 2399 994 2476 peri
1016 2398 1184 2458 coniunctio
1207 2406 1251 2458 est
1273 2406 1303 2459 et
1324 2400 1446 2477 ponitur
1469 2415 1523 2477 pro
1548 2398 1621 2466 ‘ut',
1638 2413 1662 2448 aa

323 2516 377 2580 per
399 2518 415 2559 e
438 2517 512 2559 uero
535 2497 710 2560 aduerbium
734 2505 792 2566 est,
818 2507 848 2559 ut
870 2499 1041 2578 ‘quatenns'
1063 2500 1083 2558 i·
1107 2517 1270 2580 quousque.

776 2685 824 2746 ΒΕ
847 2683 1155 2748 Patarosmlorllr.
1725 2685 1726 2724 l

408 2803 593 2883 Praepositio
622 2804 730 2866 dicitur
757 2824 773 2866 a
801 2804 1028 2886 praeponendo,
1058 2806 1082 2864 i·
1107 2804 1330 2885 anteponendo,
1359 2823 1394 2864 co
1422 2805 1502 2884 «quod
1531 2824 1623 2885 prae-

325 2917 450 2990 ponatur
478 2906 542 2966 aliis
570 2905 719 2986 partibus,
749 2907 818 2969 licet
840 2905 984 2986 quaedam
1007 2908 1081 2977 sint,
1111 2925 1187 2986 quae
1214 2915 1431 2988 supponuntur,
1456 2915 1490 2968 ut
1512 2908 1622 2968 ‘cum'

325 3019 354 3070 et
376 3013 509 3078 ‘tenus’,
539 3005 629 3070 seda
656 3009 770 3070 maiore
799 3016 882 3090 parte
911 3009 1019 3070 dicitur
1047 3011 1226 3089 praepositio
1249 3027 1266 3070 a
1287 3008 1515 3088 praeponendo,
1548 3010 1658 3087 quiae

221 3135 270 3180 aso,
286 3135 310 3175 eo
324 3111 426 3193 plures
448 3119 530 3186 sunt,
555 3129 631 3189 quae
652 3119 887 3190 praeponuntur.
923 3109 1092 3190 Complet
1113 3113 1250 3190 ianget,
1275 3121 1307 3172 ut
1327 3109 1462 3173 excelsus
1482 3113 1502 3172 i·
1518 3110 1623 3173 ualde.
1725 3136 1726 3153 r

221 3216 455 3284 :insatiatam
485 3220 516 3274 ut
548 3211 700 3281 indoctum
738 3213 882 3284 minuit,
922 3222 955 3273 ut
987 3211 1133 3274 sublucet.
1183 3213 1367 3293 Expressa
1396 3215 1421 3274 i·
1450 3213 1622 3276 manifeste.

181 3314 654 3388 aa·‚2r.erl}ircnnrcircai-
685 3315 879 3376 incircuitu.
928 3315 1019 3376 Prae
1048 3333 1099 3375 me
1128 3316 1153 3376 i·
1183 3320 1251 3376 ante
1278 3332 1336 3374 me.
1364 3349 1406 3360 -·
1432 3313 1623 3395 Praepositio
1725 3310 1726 3353 l

326 3417 441 3480 duobos
470 3415 565 3478 modis
593 3413 728 3496 partibus
755 3417 902 3496 iungitur,
938 3415 1030 3478 uerbo
1063 3425 1177 3478 tantum
1196 3433 1260 3510 per
1290 3418 1553 3497 compositionem,
1590 3427 1623 3478 ut

224 3497 646 3590 esamrdiducoffdiuldm
675 3519 823 3598 recipio
847 3521 866 3579 i·
890 3520 997 3580 iterum
1021 3521 1121 3599 caplo;
1150 3517 1288 3581 secubo
1317 3518 1337 3578 i·
1354 3537 1491 3582 scorsum
1522 3520 1658 3586 onoma

225 3620 536 3702 rsa,eramplector
564 3621 590 3678 i·
620 3618 793 3690 deosculor;
829 3620 1060 3699 congredior
1093 3623 1118 3681 i·
1149 3629 1251 3682 contra
1285 3620 1433 3698 egredior,
1491 3620 1621 3684 insula

261 3801 267 3810 Ι
327 3725 434 3786 dicitur
462 3741 496 3783 eo
526 3721 602 3798 quod
632 3723 663 3782 in
692 3719 753 3782 salo
786 3723 824 3783 sit
857 3725 966 3803 posita,
995 3725 1020 3782 i·
1049 3725 1080 3783 iu
1110 3720 1363 3814 marisqlnlula
1391 3721 1500 3784 dicitur
1528 3725 1622 3786 uestis

327 3823 533 3892 sacerdotalis,
557 3824 606 3884 scd
632 3826 751 3902 proprie
775 3822 890 3886 ‘lalula’
914 3823 1022 3886 dicitur·
1044 3826 1131 3894 uitta,
1155 3843 1211 3904 qua
1233 3831 1378 3884 ornantur
1400 3825 1495 3904 capita
1519 3843 1620 3886 sacer-

198 3957 313 4000 aeroma
327 3928 426 3988 dotum
450 3934 556 4004 cipro
579 3927 660 3986 orntri
684 3933 766 3987 ueste
789 3928 909 4004 ponitur
931 3925 1117 3988 sacerdotali.
1140 3961 1181 3970 -
1204 3927 1299 4008 Super
1322 3933 1352 3988 ct
1372 3925 1478 3988 subter
1500 3935 1619 3990 natura·
1725 3912 1726 3929 ¹

328 4031 395 4092 litrr
417 4030 581 4106 iunguntur
609 4029 790 4096 accusation,
813 4024 824 4108 ΙΙ
843 4023 929 4108 19411
951 4027 1082 4092 alolatiuo
1109 4047 1182 4090 uero
1211 4029 1350 4120 figurate,
1381 4036 1426 4091 ut:
1455 4028 1654 4107 ‘geminae

328 4165 553 4176 ———-—-—-·

395 4245 582 4314 Sllarrianus]
602 4248 644 4299 lid.
664 4248 693 4312 Ι,
714 4252 741 4312 1,
761 4252 820 4298 ιι.2
906 4251 939 4299 ‘20
957 4251 1059 4314 patebat
1132 4247 1296 4316 35gcmiua]
1321 4249 1399 4314 Verp.
1420 4250 1484 4301 Aca.
1508 4249 1554 4300 VI
1570 4253 1620 4302 203

329 4383 554 4394 ,-.----——·——-

396 4490 429 4538 30
449 4487 538 4536 Glosan
555 4487 650 4538 codicis
667 4485 808 4536 Beroeneis
823 4488 844 4550 s.
858 4490 905 4536 16·
921 4503 1001 4552 murp.
1013 4489 1072 4537 sime
1091 4485 1189 4536 Diduco
1202 4497 1240 4536 est
1251 4486 1352 4545 diuido,
1372 4487 1439 4536 unde
1457 4487 1619 4538 quenalis
1725 4500 1726 4511 ¹

330 4555 396 4613 (Sat.
411 4555 437 4603 Χ
450 4557 512 4620 153,
529 4556 563 4618 cs.
576 4571 658 4619 supra
668 4572 695 4619 p.
705 4557 764 4618 217,
775 4553 832 4618 tol:
863 4553 983 4605 ‘Diduxlt
1000 4554 1119 4620 scopulos
1133 4567 1157 4604 et
1169 4565 1279 4604 montem
1298 4555 1367 4620 rupit
1384 4565 1454 4604 aceto
1473 4555 1618 4607 Hannibal)

330 4622 449 4672 llistralm
469 4628 509 4672 cst
526 4623 622 4680 nendo,
652 4623 718 4672 uude
736 4624 858 4688 legimus:
878 4623 1014 4674 ‘Distraxit
1032 4623 1107 4672 ludas
1125 4623 1284 4673 Dominum)
1363 4625 1395 4674 32
1415 4623 1506 4674 Glorcn
1523 4623 1620 4676 codicis

286 4701 291 4710 '
329 4691 471 4742 Beruenaa'r
481 4693 501 4754 f.
516 4694 562 4740 16·
579 4707 658 4755 mnrp.
671 4694 730 4744 sias
748 4691 830 4740 lalula
848 4692 951 4757 proprie
969 4691 1061 4742 dicitur
1080 4692 1142 4741 uitta
1160 4707 1210 4753 qna
1228 4691 1342 4756 ligabant
1358 4691 1457 4752 antiqui
1474 4693 1620 4744 sacerdotes

330 4759 412 4808 crines
431 4774 493 4810 arros
513 4775 543 4808 ne
560 4759 699 4810 dclluerem
717 4760 753 4810 cis
772 4761 797 4808 ia
817 4759 898 4810 oculis
916 4771 941 4810 et
958 4760 1062 4826 ponitur
1080 4774 1127 4826 pro
1147 4760 1216 4809 omni
1235 4767 1305 4810 ueste
1323 4757 1485 4813 sacerdotali.
