3352 5556
308 370 424 419 ctaxxx
841 359 1063 410 Puteolanus.

307 544 453 608 curricula
482 546 517 606 ad
548 547 638 606 finem
668 554 764 607 tamen
794 565 886 626 usque
914 547 1059 626 perduxit.
1104 547 1134 607 Si
1163 556 1258 608 tamen
1286 547 1382 609 adbuc
1404 548 1439 608 ad
1464 548 1601 608 ciusdem

305 648 497 727 perfectionis
519 647 669 709 cumulum
693 667 726 709 ex
756 651 846 710 tatius
876 650 947 708 artis
973 652 1181 726 grammaticae
1203 649 1329 711 utilitate
1354 649 1438 710 ualde
1462 668 1602 710 necessa-

305 752 382 811 rium
407 760 436 811 et
459 770 492 810 ex
510 749 686 830 compendia
702 768 788 828 quam
806 753 970 826 poterimus
987 751 1195 812 breuissimum
1211 754 1437 831 apposuerimus
1453 752 1600 822 libellum,

506 859 537 913 ut
560 852 632 922 cito,
656 853 781 930 quisque
804 851 888 921 uelit,
913 861 1005 913 totum
1030 861 1235 915 transcurrere
1257 857 1353 934 possit

506 963 543 1020 et,
568 971 656 1032 quam
679 954 744 1014 uult
765 963 895 1032 partem,
922 971 975 1030 per
998 963 1088 1014 totam
1112 955 1252 1016 nendicet
1273 963 1377 1017 artem.

304 1057 361 1118 Pro
383 1056 490 1135 quibus
512 1057 650 1118 omnibns
674 1075 726 1117 uos
754 1058 847 1116 inuito
875 1075 982 1125 exoro,
1018 1059 1105 1117 etiam
1137 1057 1256 1126 adiuro,
1291 1059 1397 1118 iratres
1426 1060 1502 1127 mei,
1531 1059 1603 1136 qui-

303 1177 431 1238 cumque
453 1157 583 1236 llagratis
606 1178 641 1219 ex
664 1158 811 1219 desiderio
833 1159 918 1236 regui
935 1157 985 1218 liei
1007 1161 1115 1239 quique
1138 1158 1228 1220 buius
1250 1162 1345 1220 nostri
1366 1158 1476 1221 laboris
1499 1161 1603 1220 scicn-

302 1263 360 1322 tiae
383 1261 545 1322 doctrinam
569 1262 652 1341 quasi
674 1262 780 1338 refugii
803 1259 923 1320 domurn
945 1262 1185 1338 tutissimumque
1209 1268 1325 1339 portum
1348 1261 1385 1322 ad
1401 1261 1510 1323 Christi
1533 1260 1601 1322 lau-

302 1364 369 1424 dem
397 1361 521 1442 gloriam
552 1371 581 1423 et
609 1361 846 1423 benedictionem
876 1361 1011 1422 obtinere
1041 1364 1162 1442 cupitis,
1191 1362 1248 1423 boc
1270 1361 1365 1424 solum
1389 1382 1606 1444 summumque

302 1465 374 1526 mibi
396 1463 579 1545 rependatis,
603 1466 693 1524 immo
716 1483 751 1524 ex
767 1463 866 1535 diuina
882 1464 973 1541 gratia
994 1466 1168 1541 acquiratis,
1192 1468 1332 1545 quatinus
1355 1467 1462 1528 uestris
1484 1468 1601 1527 oratin—
1620 1481 1649 1519 ιο

301 1567 390 1628 nibus
423 1580 452 1628 et
487 1567 656 1628 elemosinis
690 1567 854 1647 ceterisque
881 1564 1085 1644 spiritualibus
1112 1567 1228 1628 auxiliis
1256 1567 1375 1628 adiutus
1403 1570 1599 1647 omniumque

301 1688 434 1732 meorum
457 1679 596 1749 percepta
619 1670 706 1730 uenia
729 1676 919 1748 peccatorum
943 1668 1096 1728 nobiscum
1111 1668 1147 1728 ad
1164 1677 1283 1730 aeterna
1306 1669 1419 1730 ualeam
1435 1672 1600 1750 peruenire

300 1771 414 1850 gandia,
438 1771 489 1833 ubi
513 1773 571 1832 iam
594 1770 723 1832 renelata
747 1770 820 1831 lacie
843 1767 892 1830 illa
915 1789 985 1831 nera
1009 1780 1038 1830 et
1060 1779 1215 1832 coaeterna
1240 1773 1428 1849 perfruamur
1449 1773 1597 1851 sapientia

301 1892 368 1936 cum
391 1882 475 1954 patre
498 1883 528 1934 et
549 1875 658 1953 spiritu
680 1881 782 1934 sancto
806 1889 859 1952 per
882 1873 994 1932 infinita
1018 1872 1128 1932 secula.
1172 1877 1275 1933 Amen.

385 1977 503 2038 Deinde
524 1975 660 2052 seqnitur
682 1979 750 2052 apsa
772 1991 825 2035 urs
847 1976 904 2036 boc
921 1976 1052 2050 prologo
1070 1977 1254 2050 praemissa:
1615 1991 1646 2029 as

575 2161 775 2223 PROLOGUS
798 2161 835 2222 lN
858 2159 971 2222 uranu
994 2159 1042 2221 DE
1065 2159 1317 2224 Gntddlttca.

384 2285 454 2345 Ced.
471 2283 568 2343 Bern.
587 2282 644 2356 2s.
664 2288 739 2341 136⁰
753 2284 810 2342 coi.
827 2282 871 2342 II.
910 2280 1027 2340 Petistis
1047 2299 1063 2340 a
1084 2299 1146 2349 me,
1170 2281 1326 2352 karissimi,
1351 2301 1385 2342 ex
1408 2291 1471 2344 arte
1493 2301 1597 2362 gram-

298 2387 403 2447 matica
432 2385 526 2446 uobis
541 2391 744 2462 competentes
766 2381 885 2460 regulas
908 2381 972 2444 dari
995 2391 1043 2442 ant
1067 2385 1214 2463 componi.
1259 2383 1317 2444 Sed
1340 2387 1406 2464 quia
1429 2383 1595 2447 multorum

299 2489 483 2565 maalmeque
505 2487 597 2566 ipsius
619 2483 806 2544 Prisciani
829 2483 991 2545 habeamus
1005 2486 1219 2554 anctoritatem,
1244 2502 1303 2545 nou
1323 2485 1493 2548 uiolentiam
1516 2487 1593 2548 mibi

298 2607 415 2668 arrogo,
438 2587 516 2668 quod
540 2587 576 2648 ab
599 2586 665 2648 aliis
688 2587 842 2647 inuentum
865 2585 1006 2665 approbo.
1045 2586 1141 2663 ipsius
1164 2589 1254 2664 igitur
1276 2587 1466 2649 Prisciani
1488 2589 1593 2667 dispo·
1612 2602 1645 2644 ευ

297 2693 433 2752 sitionem
456 2707 659 2767 summamque
682 2705 809 2766 sequens
831 2679 1024 2766 aliorumque,
1048 2687 1144 2766 siqnid
1168 2688 1278 2750 dictum
1303 2699 1356 2758 est,
1381 2709 1438 2752 nnn
1460 2708 1596 2753 renuens

297 2812 384 2873 quam
412 2792 534 2854 breuius
561 2799 679 2870 potero,
708 2808 783 2870 opus
812 2796 926 2850 nestrae
957 2787 1113 2849 eruditioni
1142 2809 1316 2869 componam
1341 2794 1506 2854 necessaria
1528 2811 1593 2854 nou

297 2893 573 2973 praetermittendo,
602 2891 718 2968 siquid
748 2909 821 2951 nero
850 2889 920 2950 utile
949 2889 1035 2950 uoltis
1065 2900 1094 2950 et
1122 2893 1363 2972 compendiosum
1392 2893 1464 2954 mibi
1492 2896 1590 2956 uisum

297 2999 402 3066 inerit,
436 2993 676 3056 intermiscendo.
722 2991 776 3052 lsta
809 3011 861 3053 uos
890 3009 961 3069 ergo
992 2993 1152 3053 uremuriae
1181 2995 1395 3055 commendetis
1422 2997 1592 3076 mentisque

296 3085 484 3178 receptaculo
507 3114 594 3175 quam
617 3096 741 3156 tirmiter
763 3096 903 3163 teneatis,
933 3103 965 3153 ut
993 3093 1028 3154 ad
1053 3097 1144 3154 uestri
1168 3095 1311 3158 desiderii
1332 3098 1497 3176 perlectum
1521 3117 1590 3177 per·
1609 3111 1641 3150 2⁵

296 3201 407 3262 lectum
429 3200 589 3280 peruenire
612 3197 745 3258 ualeatis.

364 3403 536 3470 igramatice
554 3398 621 3452 ABC
672 3401 788 3449 utilitatis
807 3401 830 3448 Α
898 3403 956 3449 3et
975 3398 1017 3446 AB
1038 3399 1101 3450 ntC
1124 3401 1304 3452 Wilmaaaaiar
1355 3405 1552 3469 apposuerimus
1567 3411 1589 3456 Α

299 3472 339 3523 Bc
357 3473 527 3539 apposuimus
543 3471 723 3520 Wiirnanaaius
773 3469 829 3517 dut
846 3463 908 3534 ciro]
927 3469 1024 3518 Verane
1036 3484 1086 3519 aaa
1098 3471 1218 3519 distinxit
1232 3471 1410 3520 Wiimanaeinr
1477 3475 1493 3523 6
1511 3475 1589 3522 etiam

295 3541 386 3591 adiuro
405 3537 469 3589 ABG
521 3550 546 3588 et
563 3539 653 3588 adiuro
677 3537 856 3586 Wilmaaaaiur
908 3534 1039 3597 quiqueC
1109 3538 1246 3587 'iacientie
1264 3537 1328 3587 ABG
1401 3542 1591 3605 baptinerec

296 3611 328 3660 10
346 3608 421 3658 michi
440 3607 480 3658 Bc
532 3621 564 3656 ex
582 3605 669 3654 diatim
690 3603 730 3654 AC
749 3615 774 3653 et
790 3602 916 3653 diuinaB
974 3605 1111 3665 acquiratis
1129 3603 1170 3653 BG
1187 3605 1367 3668 adquiretisb
1421 3619 1545 3669 quatenus
1566 3613 1589 3658 Α

297 3679 326 3726 11
345 3687 370 3726 et
387 3676 533 3726 elemosinis
552 3673 585 3728 B,
605 3683 629 3723 et
646 3689 692 3725 am.
712 3670 755 3721 AG
822 3671 925 3720 auxiliis
952 3685 1075 3737 perpetuo
1102 3673 1204 3722 ncliutns
1228 3674 1407 3724 Wilmanariua
1429 3675 1541 3740 edipitns
1568 3676 1589 3727 C

296 3746 328 3794 12
347 3757 432 3794 eterna
451 3741 516 3793 ABG
575 3743 674 3807 possim
692 3739 862 3805 perueniret)
932 3743 962 3790 13
980 3753 1098 3789 coeterna
1116 3739 1181 3790 ABG
1199 3753 1283 3790 eterna
1306 3743 1486 3794 Wiimaaasiue
1556 3747 1589 3794 14

295 3823 384 3862 sancto
403 3829 449 3864 aaa.
467 3809 512 3861 AC
580 3823 663 3858 amen.
683 3808 787 3873 explicit
804 3801 842 3856 tib
860 3809 937 3873 papie
955 3807 980 3865 C,
999 3811 1025 3858 ia
1043 3825 1091 3874 que
1109 3811 1201 3860 amissa
1219 3818 1275 3858 arte
1291 3813 1455 3874 grammatica
1471 3815 1590 3878 sequitur

297 3881 452 3945 Haputianis
469 3879 655 3929 vocabularium
667 3878 770 3926 insertis
782 3877 896 3926 uersibus
908 3877 957 3925 iliis
967 3881 1068 3926 ‘cantra
1086 3879 1193 3928 clericos
1211 3878 1322 3928 inberiea
1339 3887 1364 3928 et
1382 3881 1503 3942 desidee‘‚
1522 3898 1590 3945 quas

298 3947 428 4000 Vaeaerars
447 3949 527 3998 edidit
543 3963 604 3998 mas.
624 3946 702 3998 libea,
723 3943 821 3994 XXIV
837 3961 864 4008 p.
884 3946 934 3993 391
956 3946 1157 4001 aecioatirairae,
1181 3945 1231 3994 nisi
1253 3947 1322 4010 quod
1343 3961 1419 3996 neren
1440 3951 1517 3998 tertia
1535 3965 1588 3998 non

292 4011 496 4076 tanath
514 4015 609 4064 ‘babet’
627 4015 813 4078 scriptumest.
885 4012 916 4061 16
935 4013 1013 4061 Deest
1031 4014 1116 4062 titulus
1134 4015 1159 4062 ia
1177 4015 1201 4062 A
1272 4015 1303 4065 la
1321 4016 1500 4078 gramaticae
1555 4019 1588 4066 tu

293 4079 454 4148 uiolentiam]
474 4084 532 4133 Aa:
552 4081 688 4130 uiolentia?
775 4081 807 4128 22
826 4090 909 4128 nostre
928 4078 971 4128 ΑΒ
1040 4082 1073 4130 23
1091 4081 1271 4145 pretereunda,
1290 4097 1358 4136 aare,
1377 4084 1511 4134 mittendo
1529 4083 1550 4132 Β

294 4153 408 4203 nobisB
476 4153 509 4200 24
526 4150 648 4198 memorie
666 4147 709 4196 AB

377 4325 432 4384 Est
447 4331 545 4384 uatem
560 4322 676 4396 Papiae
690 4320 775 4392 liber,
800 4335 884 4393 quem
908 4321 963 4378 eiii
983 4318 1102 4380 erectori
1126 4338 1157 4381 se
1179 4321 1286 4381 debere
1307 4325 1434 4397 ingenae
1451 4321 1585 4398 fatetur,

292 4443 402 4488 reuera
424 4434 500 4487 totas
518 4423 589 4497 sere
611 4424 654 4482 ad
674 4422 864 4481 Priscioaum
887 4423 1144 4481 accommodatas:
1172 4440 1267 4498 tienne
1288 4425 1364 4484 enim
1385 4427 1481 4485 solam
1503 4423 1586 4485 idern

292 4545 394 4590 reram
423 4531 498 4587 erdo
526 4534 664 4586 sanatas
691 4533 733 4584 est
760 4525 797 4582 ab
819 4520 904 4584 initio
926 4541 1019 4599 usqae
1041 4525 1084 4584 ad
1100 4527 1206 4596 fiaerrr,
1237 4543 1294 4600 quo
1317 4527 1354 4585 de
1374 4529 1590 4588 coniunctione

293 4634 372 4704 epit,
396 4631 450 4690 sed
471 4630 564 4688 neria
586 4631 654 4702 ipsa
679 4627 833 4686 Prisciani
850 4626 1027 4700 pleramque
1048 4635 1224 4700 repetuntur
1245 4629 1289 4686 ita
1310 4635 1423 4701 tamea,
1453 4635 1486 4688 ui
1505 4647 1589 4704 quae

292 4733 377 4808 apud
398 4733 587 4791 Prisciuaum
608 4731 760 4805 protimus
785 4729 922 4802 expositu
949 4735 1032 4800 sarii,
1063 4745 1082 4786 e
1105 4729 1254 4804 Papinio
1277 4733 1473 4806 conpendium
1494 4741 1585 4790 coar-

292 4841 402 4894 tentur.
453 4834 534 4904 (luite
555 4850 622 4893 cent
645 4834 686 4891 ita
708 4833 783 4908 siat,
813 4839 909 4888 lernen
934 4837 992 4902 est,
1024 4830 1075 4888 tibi
1095 4847 1114 4887 u
1136 4832 1290 4891 Prisciani
1305 4835 1480 4910 praeceptis
1501 4849 1585 4892 rece-
