3378 5550
592 383 641 438 DE
660 381 956 438 ORTHOGRAPHIA.
1183 435 1191 452 ,
1289 397 1423 446 CXXXIX

129 575 241 635 muniri
263 571 405 636 arbitrari
427 574 598 638 adnuntiari
620 572 717 636 uideri
740 576 836 654 aptari
852 573 999 636 celebrari
1014 574 1126 654 placari
1143 582 1172 635 et
1187 581 1284 635 cetera
1306 573 1423 644 similia,

130 679 155 737 si
175 678 312 738 infinitus
333 676 439 738 modus
460 677 566 748 luerit,
589 680 601 739 i
624 677 724 739 littera
747 679 936 738 terminatur.
1256 679 1262 694 '

214 777 352 841 Celebrat
374 785 509 840 ceterum
532 783 644 842 cecitas
666 797 752 840 cesus
774 777 885 840 cecidit
900 778 1033 841 cerulum
1056 787 1086 840 et
1107 786 1206 840 cetera
1229 777 1338 840 similia
1360 780 1425 840 siue

131 901 147 942 a
170 883 201 941 iu
225 881 322 960 capita
344 879 536 943 scribendum
559 889 613 943 est.

217 982 338 1044 Caelum
366 980 508 1045 caelestis
537 992 567 1044 et
595 992 695 1044 cetera
724 983 760 1044 ad
788 983 902 1044 caelum
930 985 1112 1064 pertinentia
1140 1003 1195 1064 per
1223 1005 1238 1045 a
1267 983 1424 1046 scribenda

130 1093 210 1146 suut.
257 1083 415 1146 Sciendum
438 1102 525 1155 sane,
549 1087 618 1166 quia
641 1084 754 1146 nullum
777 1103 810 1146 ce
833 1103 888 1165 per
910 1104 926 1146 a
948 1085 1155 1155 scribendum,
1180 1089 1236 1148 nisi
1260 1085 1373 1148 caelum
1397 1094 1426 1147 et

131 1195 230 1248 cetera
254 1187 290 1248 ad
314 1205 382 1248 eum
404 1185 630 1266 pertinentia.*)

218 1288 302 1360 Qatae
333 1295 428 1349 restat
460 1295 570 1364 quarto
602 1291 670 1350 ioco
699 1292 799 1364 posita
831 1291 1112 1367 ortboprapbia
1146 1293 1422 1364 Einsidiansa's,

132 1409 198 1451 eom
214 1388 383 1452 neumandi
397 1391 500 1451 Patris
515 1392 597 1452 Galli
612 1389 733 1452 Marelii
755 1389 892 1454 amicitia
913 1402 1059 1454 accurata
1079 1392 1264 1470 descriptam
1286 1411 1302 1453 e
1323 1394 1427 1455 codice

134 1501 187 1553 211
215 1510 294 1554 saec.
319 1493 370 1553 IX
395 1491 471 1554 milri
497 1490 709 1554 liberalissime
741 1495 889 1555 edendam
919 1498 1094 1556 transnabit.
1147 1497 1311 1572 Multiptax
1338 1496 1427 1557 duitas

132 1597 203 1656 libri
228 1611 268 1656 oc
294 1597 414 1656 uarium
442 1601 651 1670 carbunculum
678 1593 840 1657 enarrauit
862 1598 967 1657 Gallus
988 1598 1135 1658 Moralius
1162 1595 1280 1673 ipsein
1308 1599 1425 1673 suppla-

132 1704 245 1772 ntento,
270 1715 329 1772 quo
352 1697 455 1757 Caroli
469 1696 583 1758 Halmii
601 1697 781 1772 scriptorum
803 1696 1071 1759 ecclesiasticorum
1092 1697 1127 1760 iu
1143 1700 1300 1759 Heluetiae
1320 1699 1426 1759 biblio-

132 1801 225 1860 tbcca'a
258 1801 490 1860 adseruaturus
522 1801 694 1874 catalopum
724 1801 855 1860 adauxit
883 1817 913 1860 a.
945 1807 1021 1860 1057
1050 1797 1340 1874 (Sitzunpsbcriclalc
1372 1801 1427 1860 der

127 1899 335 1978 pbilos-ltist.
365 1901 466 1962 Classe
493 1902 549 1962 der
575 1903 653 1963 lrais.
676 1902 843 1963 Abademia
872 1905 927 1964 der
951 1902 1206 1976 Wissenscbasten
1229 1907 1294 1961 tom.
1318 1901 1376 1962 LV
1392 1919 1425 1977 p.

137 2001 326 2082 243-251),
351 2020 386 2079 p.
411 2009 479 2062 250.
505 2010 575 2079 251,
599 2004 643 2077 os.
663 2021 696 2080 p.
723 2011 791 2063 245.
817 2011 887 2064 245.
913 2011 970 2063 211
992 2021 1014 2066 s.
1036 2023 1066 2065 u.
1090 2006 1289 2080 Aupusb'nus,
1307 2021 1341 2080 p.
1367 2011 1426 2062 210

133 2125 158 2166 s.
181 2123 209 2165 u.
233 2106 431 2178 Benedictus,
450 2123 485 2182 p.
510 2112 567 2166 240
589 2123 612 2165 s.
636 2123 666 2166 u.
690 2103 867 2184 Caesarius,
888 2123 920 2181 p.
947 2113 1002 2164 251
1024 2124 1047 2170 s.
1069 2125 1098 2168 a.
1123 2106 1203 2181 Ebo,
1222 2123 1257 2184 p.
1277 2113 1335 2169 252
1355 2123 1381 2170 s.
1397 2124 1425 2166 u.

136 2208 323 2282 Gennadius,
343 2225 376 2284 p.
404 2215 460 2267 153
480 2226 505 2268 s.
528 2227 558 2268 u.
583 2209 774 2283 Halitparius
795 2215 825 2268 ct
846 2209 1023 2282 Heraclius,
1042 2226 1078 2284 p.
1104 2215 1161 2268 258
1182 2227 1205 2268 s.
1229 2225 1258 2267 u.
1282 2207 1425 2284 Prosper.

136 2311 242 2384 ltaque
269 2310 326 2370 boc
353 2309 491 2382 sufficiat
517 2313 678 2386 monuisse,
709 2311 960 2386 ortbopraplu'am
987 2311 1087 2372 medio
1115 2313 1195 2371 inter
1222 2307 1426 2372 acclcmasta'ca

136 2413 217 2472 nullo
244 2409 425 2487 interposito
451 2409 553 2488 spatio
580 2409 728 2472 insertam
754 2428 817 2473 csse
838 2413 902 2473 eius
922 2414 994 2473 libri
1007 2430 1042 2488 p.
1066 2420 1105 2472 53
1125 2429 1218 2474 manu
1238 2428 1317 2474 saec.
1348 2411 1429 2474 VIII
1536 2431 1538 2436 ⁸

139 2515 184 2573 uel
204 2513 256 2574 121
274 2516 435 2593 samiam,
454 2516 622 2590 praemisso
646 2499 902 2594 ontbocaappa
931 2519 1063 2595 rmcrpu
1088 2519 1181 2577 atauo.

695 2803 778 2866 Cur.
799 2800 861 2867 ΙΙΙ.

164 2935 221 3000 ott
243 2935 470 3002 nummatis
493 2935 877 3004 ORTHOGRAPHICIS
900 2937 928 3002 Ε
951 2937 1152 3006 DIVERSIS
1176 2938 1405 3006 CODIOIBVS

493 3036 800 3106 Buuauustuvs
824 3039 1063 3146 contuitus,

219 3197 348 3258 Praeter
374 3195 513 3273 intcpros
540 3215 640 3258 rerum
664 3199 969 3274 ortboprapbicarum
991 3201 1191 3269 adiectiones,
1220 3217 1296 3277 quaa
1317 3203 1348 3261 in
1369 3203 1427 3262 boc

138 3299 209 3358 libro
235 3299 334 3374 edidi,
364 3298 503 3376 sinpalas
530 3317 648 3376 quaque
669 3302 887 3375 explicationes
907 3299 935 3362 sa'
955 3301 1095 3364 inuenire
1119 3311 1234 3380 possem
1256 3307 1372 3381 passim
1395 3306 1426 3364 in

137 3399 220 3463 libris
245 3405 459 3480 manuscriptis
486 3403 639 3479 dispersas
668 3417 791 3478 operam
813 3404 890 3464 dans
909 3403 1069 3479 plossara'a's
1091 3403 1212 3466 Latinis
1227 3413 1426 3482 perscrulan·
1541 3395 1545 3403 “

139 3505 182 3563 dis
202 3509 330 3579 excepto
351 3506 418 3564 cod.
445 3511 497 3578 15,
523 3505 560 3563 de
581 3519 639 3580 quo
660 3521 755 3582 supra
778 3507 858 3580 dici,
883 3508 959 3577 nibil
981 3507 1114 3584 profeci.
1163 3506 1274 3567 Tamen
1303 3510 1335 3568 in
1356 3509 1425 3569 cod.

140 3611 194 3663 259
215 3621 294 3665 saec.
317 3605 369 3665 IX
386 3613 478 3682 parte
498 3621 552 3683 eo,
574 3624 636 3682 quo
658 3610 766 3670 ueteris
787 3624 825 3668 cc
846 3610 920 3668 noui
940 3613 1111 3670 testamenti
1128 3612 1247 3685 plossoc
1268 3609 1424 3678 babcnlur,

133 3706 160 3780 s.
185 3713 239 3764 17⁰
260 3709 318 3768 col.
339 3708 358 3767 I
381 3707 601 3770 cassiodori
620 3710 729 3770 mentio
750 3711 861 3770 iniecto
883 3717 927 3770 est
946 3713 1131 3786 simpularem
1154 3713 1185 3772 in
1207 3712 1342 3772 modum:

136 3879 360 3891 -—---.—.

201 3993 229 4062 *J
258 3995 360 4049 Codicis
384 3995 614 4064 Sangermauensis
637 3999 703 4049 4629
722 4013 747 4065 p.
767 4001 817 4050 520
838 4016 853 4048 a
874 4000 987 4051 Tlruroto
1012 3999 1117 4052 exhibiti
1146 4001 1193 4050 hae
1220 4010 1281 4051 suat
1306 4001 1426 4052 lectiones

136 4067 233 4117 uanae:
661 4079 666 4102 1

200 4150 227 4200 p.
244 4136 304 4196 299,
323 4137 355 4185 31
374 4149 420 4200 per
437 4151 463 4184 ss
480 4135 531 4201 132
551 4150 595 4202 per
614 4151 645 4185 un
663 4134 715 4200 199
732 4135 905 4187 accumulatus
924 4152 969 4203 per
986 4151 1015 4186 cc
1030 4135 1034 4202 Ι
1049 4139 1107 4196 900,
1128 4139 1141 4188 1
1160 4148 1284 4203 aggestus
1302 4153 1348 4204 per
1365 4153 1401 4204 gg
1420 4139 1425 4200 Ι

134 4205 150 4254 d
167 4213 206 4253 est
222 4217 270 4255 aaa.
286 4201 291 4266 Ι
306 4203 421 4253 sillabam
436 4202 441 4268 Ι
456 4205 472 4255 9
489 4204 604 4254 sillabum
620 4201 673 4269 110
691 4203 840 4269 complexus
857 4205 1030 4270 cumpeudeus
1046 4203 1051 4270 Ι
1067 4207 1096 4254 11
1116 4207 1228 4256 imitator
1249 4203 1253 4272 Ι
1272 4207 1303 4256 lb
1321 4205 1401 4256 littera
1421 4203 1426 4269 Ι

137 4274 166 4320 11
184 4281 288 4322 sanetas
307 4287 353 4322 orn.
370 4271 374 4332 Ι
390 4284 472 4321 sartos
491 4270 541 4337 119
558 4281 663 4322 actenus
679 4270 684 4336 Ι
698 4273 732 4322 20
749 4272 861 4335 (adnot.)
880 4288 954 4323 renes
972 4288 1044 4324 meos
1063 4291 1077 4323 e
1096 4288 1145 4324 nau
1164 4276 1172 4324 i
1187 4272 1191 4339 Ι
1207 4275 1240 4324 22
1258 4274 1370 4340 preteriti
1389 4285 1428 4324 est

134 4339 256 4406 temporis
272 4337 277 4404 Ι
291 4341 325 4390 23
343 4341 465 4403 temporis
483 4351 522 4389 est
538 4339 684 4402 1111111121
702 4341 800 4390 dormet
815 4339 819 4405 Ι
835 4341 918 4391 littera
933 4340 937 4405 Ι
953 4341 986 4391 28
1003 4357 1107 4406 ymnum
1123 4339 1128 4407 Ι
1147 4344 1211 4400 901,
1229 4345 1246 4392 2
1263 4343 1402 4408 penitentia
1421 4341 1425 4404 Ι

135 4407 256 4474 patieutis
279 4409 392 4473 potentia
416 4407 420 4472 Ι
443 4408 605 4473 precidenda
628 4409 771 4458 constantin
793 4407 938 4471 eloquentia
961 4411 1127 4476 temperantia
1149 4410 1275 4459 ebibentia
1301 4411 1427 4476 sapientia

134 4477 209 4526 larda
227 4476 390 4541 inprudentia
408 4491 453 4542 per
466 4477 483 4525 ti
496 4475 594 4539 syllaba
611 4476 729 4525 scribitur
743 4473 748 4540 Ι
762 4477 884 4543 4scripai
900 4477 904 4540 Ι
920 4480 935 4528 'l
948 4479 1095 4528 auxiliatrix
1113 4478 1223 4528 adiutrix
1239 4476 1243 4541 Ι
1258 4478 1406 4528 distructrix
1422 4481 1425 4543 Ι

135 4546 151 4594 9
168 4541 313 4610 confertim]
332 4542 431 4594 corriert
448 4541 595 4610 (Tburntua,
611 4547 655 4609 qui
672 4559 716 4608 per
734 4544 742 4592 i
761 4553 785 4594 et
802 4559 818 4592 x
837 4545 969 4600 scribitur:
987 4547 1020 4597 ad
1039 4547 1206 4596 nouissimam
1224 4546 1347 4610 syllabam
1365 4562 1427 4598 cou-

135 4612 182 4664 lert
198 4613 294 4676 edidit,
318 4615 432 4663 lacunam
448 4612 551 4663 sobesae
568 4619 641 4662 rabac
659 4611 708 4676 cat)
732 4612 737 4672 Ι
761 4615 776 4663 0
795 4628 839 4678 per
856 4629 882 4664 rr
904 4612 909 4679 Ι
931 4621 992 4680 post
1010 4617 1043 4665 10
1062 4619 1119 4681 ‘per
1137 4618 1163 4664 o’
1182 4613 1246 4664 baec
1262 4617 1353 4676 addila
1369 4623 1429 4666 sunt

135 4684 225 4732 ambra
241 4684 268 4731 in
285 4681 342 4731 eod.
360 4679 490 4732 Bermemi
506 4687 531 4732 ct
548 4679 762 4746 Smpermanensi
779 4683 864 4732 1313:
893 4683 1025 4731 Ianuarius
1050 4681 1191 4732 februarius
1214 4683 1319 4733 martius
1338 4683 1427 4748 aprilis

135 4751 215 4799 maius
233 4749 320 4798 iunius
338 4748 414 4798 iulius
433 4759 541 4814 agustus
559 4750 703 4816 september
720 4750 858 4799 uouember
875 4750 1008 4800 december
1020 4751 1057 4799 sic
1069 4750 1230 4800 scribendum
1244 4761 1283 4800 est
1297 4751 1302 4814 Ι
1318 4753 1349 4802 12
1363 4751 1428 4801 ullu-

135 4817 188 4879 lull
203 4820 235 4868 19
251 4817 380 4867 dilectatio
398 4833 446 4868 om.
462 4817 467 4879 Ι
481 4817 586 4882 diligam
602 4815 607 4882 Ι
622 4817 706 4883 diligit
720 4815 841 4883 l'dilectat
858 4817 973 4884 dilegens
992 4834 1039 4872 om.
1063 4817 1068 4885 Ι
1093 4821 1124 4868 14
1142 4834 1187 4884 per
1205 4819 1213 4867 i
1232 4819 1350 4869 scribitur
1369 4817 1374 4885 Ι
1396 4821 1427 4871 tc

137 4899 181 4948 per
198 4901 220 4946 e,
238 4899 285 4935 om
303 4893 329 4935 et
346 4887 352 4934 i
371 4885 532 4936 scribendum
551 4897 597 4940 est.
