3308 5542
836 297 1058 344 ——xn-

304 493 379 536 usus
393 470 599 535 obseruantia
620 472 653 534 et
675 469 877 534 officiositate
900 467 1047 552 remotis,
1069 471 1231 553 quotquot
1252 461 1438 554 obstabant,
1460 469 1586 534 adeundi

302 580 546 646 difficultatibus
578 580 826 664 amplissimum,
862 580 897 644 in
934 601 999 664 quo
1035 578 1138 644 laetus
1172 580 1383 664 exspatiarer,
1419 579 1588 645 shrdiomm

302 713 451 775 eampum
477 691 557 756 mihi
586 689 785 756 ostendisset.
829 691 937 774 Atque
965 689 1082 755 horum
1109 689 1290 756 officiorum
1311 691 1367 776 pia
1387 691 1540 757 memoria
1558 691 1589 755 in

303 801 365 868 hoo
386 801 470 867 h'bro
492 802 563 886 ipso
585 801 743 868 collocata
763 803 821 866 ost

386 911 456 977 Iam
483 933 522 976 ex
543 913 688 978 uirorum
709 911 878 976 doctorum
899 931 1033 976 numero
1051 909 1259 980 Woettflinus
1280 911 1401 977 amicus
1422 911 1461 976 de
1483 911 1591 977 rodici-

302 1023 362 1088 bus
383 1022 609 1088 'Ihrrioeusssuus
638 1021 663 1088 O
690 1024 731 1088 37
760 1025 793 1086 et
820 1022 862 1088 58
889 1025 1035 1086 aeourate
1062 1021 1143 1086 mihi
1171 1021 1355 1106 respoudit,
1382 1020 1591 1088 Buechelerus

302 1133 433 1198 alterins
460 1133 592 1218 codicis,
620 1133 676 1218 qui
698 1130 863 1198 Sedulium
892 1131 1052 1215 eontinet,
1080 1130 1254 1198 adhibendi
1275 1131 1366 1200 nullo
1387 1153 1459 1197 meo
1481 1136 1592 1218 rogatu

302 1243 427 1328 sopiam
460 1244 552 1328 feeit,
587 1243 711 1309 Keilius
744 1242 869 1326 aliquot
897 1241 1054 1308 librorum
1087 1241 1323 1308 rarissimorum
1348 1243 1497 1309 notitiam
1525 1243 1593 1308 sub-

303 1355 514 1438 ministruuit,
543 1354 706 1419 Vsenerus
739 1353 876 1437 donique
910 1351 949 1418 de
982 1353 1077 1418 rebus
1105 1338 1364 1440 orthographicis
1391 1355 1593 1438 quaerentem

303 1465 442 1550 benigne
464 1463 589 1529 adiuuit
609 1463 810 1548 transmisse,
833 1485 930 1547 quam
952 1463 1030 1528 olim
1052 1467 1198 1530 accurate
1220 1463 1355 1548 fecerat,
1380 1462 1498 1530 oodiois
1520 1463 1593 1528 Ber-

302 1575 412 1640 neusis
429 1575 705 1650 161emmetorum
721 1573 1045 1660 orthographioorum
1059 1574 1100 1640 ad
1119 1573 1385 1661 orthographiam
1399 1573 1593 1640 Beruensern

302 1687 440 1770 primam
461 1685 694 1770 pertinentium
716 1684 915 1750 collectione.
959 1683 1022 1750 Sed
1043 1685 1083 1750 iis
1106 1707 1234 1770 quoque
1255 1685 1351 1770 uiris,
1378 1684 1435 1770 qui
1461 1684 1595 1750 auotori-

301 1801 367 1861 tate
395 1799 492 1881 atque
520 1795 666 1880 hortatu,
695 1795 771 1860 dum
799 1794 850 1860 his
878 1795 1117 1881 incumbebam,
1144 1795 1273 1862 fortiter
1293 1818 1345 1862 me
1366 1798 1595 1878 sustentarunt,

301 1929 441 1972 summus
456 1928 517 1992 ago
534 1906 663 1992 gratias.
699 1905 790 1970 Inter
811 1904 1283 1991 quosHenriousKeilius
1305 1906 1356 1972 uir
1377 1906 1596 1988 amicissimus,
1644 1899 1650 2006 Ξ

301 2039 374 2082 oum
395 2017 476 2082 haec
498 2017 540 2082 ob
562 2016 711 2082 eximiam
733 2016 975 2082 uenerationem
997 2016 1059 2081 sibi
1081 2016 1156 2082 data
1183 2016 1350 2102 diuumque
1377 2016 1539 2102 perleget,
1569 2017 1594 2080 si

300 2148 405 2212 neque
419 2130 539 2191 temere
554 2147 658 2210 neque
673 2126 794 2192 fmstm
808 2127 894 2193 huno
908 2126 1052 2193 laborem
1067 2132 1249 2212 susceptum
1264 2149 1332 2194 esse
1347 2127 1511 2210 iudicabit,
1528 2127 1594 2192 uoti

301 2259 422 2321 eonpos
445 2259 509 2302 ero.

385 2541 510 2607 Dabam
533 2541 658 2609 Beruas
680 2567 708 2608 a.
732 2542 761 2609 d.
784 2541 897 2610 XVIII
919 2543 991 2609 Kal.
1015 2543 1102 2628 Sept.
1125 2546 1202 2609 unni
1225 2541 1523 2611 CIOIOCCCLXX.
