3346 5558
265 456 391 504 ccxuvt
719 439 768 490 Dr}
787 436 973 490 suendum
991 437 1099 488 Auru.

265 628 352 689 illud:
389 631 441 689 ‘ml
470 635 563 708 pater,
598 630 623 688 si
650 628 714 688 lieri
745 635 855 706 potest,
890 633 1020 688 transeat
1048 645 1063 686 a
1092 645 1140 687 me
1169 625 1244 687 calix
1273 627 1374 695 istel',
1409 632 1439 685 et
1470 622 1565 685 illud:
1669 689 1670 711 χ

265 717 361 792 ‘pater
385 716 433 780 nri,
458 722 542 792 pater
564 715 619 784 mi,
648 731 754 774 currus
778 711 867 773 lsrael
896 721 925 773 et
954 714 1056 790 auriga
1079 712 1170 772 eiusl'
1213 711 1314 772 Potest
1343 709 1466 770 ethaeo
1488 728 1567 790 pars

265 803 296 860 in
320 797 455 860 aduerbii
478 799 603 859 transire
627 797 889 875 significationem,
913 797 937 858 si
961 795 1085 858 uerbum
1109 805 1260 876 sequatur.
1304 795 1499 866 ddmirantis,
1531 803 1567 854 ut

266 885 381 966 ‘papa';
416 885 459 944 sic
488 884 565 944 enim
594 881 717 961 legitur:
753 887 855 962 ‘papa‚
886 885 991 943 uiuere
1018 900 1077 943 non
1113 880 1181 944 licet
1215 891 1244 943 ct
1277 881 1425 943 fornicare
1459 877 1566 940 libetl’
1669 915 1670 961 ι

266 969 339 1030 Nam
362 967 537 1029 admirantis
559 967 657 1029 multis
680 967 776 1028 modis
798 967 871 1028 liunt
893 968 1123 1029 interiectiones.
1167 965 1370 1038 Prohibentis‚
1401 974 1433 1025 ut
1455 965 1597 1033 ‘tuto’;5
1669 965 1670 990 ³

267 1057 310 1116 sic
333 1055 411 1114 enim
437 1052 599 1114 inlantibus
621 1054 827 1114 comminatur.
878 1050 950 1113 Nam
974 1059 1004 1113 et
1025 1053 1054 1114 in
1077 1051 1220 1114 Teodisca
1242 1051 1341 1130 lingua
1364 1048 1438 1110 illud
1460 1053 1568 1111 ‘totto’
1669 1025 1670 1104 l

267 1137 457 1218 prohibentis
473 1138 561 1199 lrahet
576 1137 766 1199 intellectum.
796 1139 962 1208 lllctueutis,
978 1145 1025 1198 nt:
1050 1137 1098 1198 ‘lta
1113 1135 1151 1198 ha
1168 1136 1203 1198 lta
1219 1137 1345 1198 Domine
1367 1135 1439 1196 deus
1461 1137 1570 1197 nescio

267 1224 359 1302 loqui,
383 1224 450 1303 quia
474 1241 548 1303 puer
571 1242 626 1302 ego
649 1225 738 1285 sum'
783 1222 951 1284 lrridentis:
982 1226 1070 1302 ‘euge
1093 1221 1173 1293 ulta’,
1197 1220 1334 1283 utillud:
1365 1219 1570 1282 ‘conluudan-

267 1320 315 1370 tur
338 1312 388 1388 qui
412 1308 514 1370 dicunt
537 1309 622 1369 milri:
647 1326 723 1386 euge
746 1325 820 1387 euge
843 1307 911 1377 uha,
935 1311 984 1386 qui
1008 1309 1136 1369 destruis
1158 1306 1299 1387 templum
1323 1306 1376 1367 Dei
1402 1305 1457 1386 (dl)
1482 1315 1511 1366 et
1535 1308 1569 1366 in

267 1395 365 1456 triduo
387 1393 559 1454 reaedificas
582 1393 777 1474 (rehedidcas)
800 1392 896 1453 illud.’
941 1393 1074 1454 Dolentis
1096 1400 1129 1454 ιιι
1149 1395 1198 1453 ieu
1227 1395 1292 1462 iett,
1322 1391 1379 1452 heu
1408 1391 1481 1463 heu,
1506 1409 1567 1470 pro
1585 1419 1611 1454 tu

215 1481 219 1498 '
268 1477 365 1540 dolor:
396 1478 457 1539 ‘iou
479 1497 543 1550 me,
571 1479 620 1539 iou
644 1497 706 1549 me,
737 1484 832 1540 mater
854 1481 932 1538 ntea'
958 1487 1002 1539 et:
1032 1478 1102 1540 ‘heu
1129 1476 1188 1539 heu
1216 1486 1247 1539 et
1269 1476 1326 1537 hoc
1348 1475 1435 1555 ipsud
1457 1485 1568 1538 mutuo
1669 1509 1670 1516 ι

268 1568 464 1644 acceperam’,
494 1572 523 1625 et
552 1562 639 1625 illud:
669 1565 711 1624 ‘et
733 1563 823 1624 caede
846 1562 991 1644 completa
1015 1564 1144 1624 remansi
1171 1581 1243 1641 ergo
1270 1565 1379 1643 ruique
1407 1579 1498 1640 super
1520 1561 1565 1620 la·

267 1651 344 1710 ciem
367 1667 463 1710 meam
487 1655 516 1710 et
538 1647 667 1710 clamans
689 1651 752 1710 aio:
776 1649 846 1710 ‘heu
869 1647 927 1711 heu
951 1649 1008 1710 heu
1030 1649 1151 1711 domine
1166 1648 1248 1716 deus,
1273 1665 1383 1726 ergone
1406 1645 1568 1726 disperdas

268 1752 372 1796 omnes
394 1733 533 1812 reliquias
556 1732 676 1796 lsraell'
721 1733 778 1794 Pro
801 1732 894 1804 dolor,
919 1733 1061 1795 utillud:

395 1819 558 1880 erroria
582 1820 664 1898 (am)
686 1836 871 1900 proceres
894 1818 1032 1881 multos
1055 1819 1221 1880 detraxit
1242 1817 1283 1878 od
1306 1819 1428 1896 ignes,

438 1904 508 1965 l¹ro
532 1903 653 1965 dolor!
677 1912 712 1966 et
735 1905 1071 1983 minimossemper
1094 1903 1226 1966 adimo
1249 1903 1374 1963 trahit.

353 1989 562 2058 lamentantis.
587 1997 619 2050 ιιι
640 1989 709 2049 hoie
731 1988 798 2051 hoie
821 1991 873 2054 mi.
911 1989 959 2050 Sic
982 1991 1060 2050 enim
1082 1988 1277 2052 lamentantes
1300 2006 1367 2050 cum
1390 1986 1488 2048 cordis
1512 1986 1570 2047 do·

268 2075 332 2136 lore
360 2077 390 2135 in
414 2074 550 2135 lamentis
572 2075 634 2135 suis
656 2073 755 2134 dicere
778 2073 883 2136 solent.
929 2075 1113 2135 Vuamantis:
1141 2093 1199 2136 uua
1229 2092 1287 2134 unc
1309 2091 1416 2134 nonne.
1461 2069 1571 2132 Solent

271 2161 351 2220 enim
380 2169 431 2220 aut
462 2158 587 2220 uinculis
615 2161 769 2220 constricti
803 2169 853 2221 aut
881 2160 962 2220 duris
990 2157 1144 2220 doloribus
1172 2159 1265 2239 pressi
1293 2157 1338 2218 lris
1366 2157 1442 2235 (hiis)
1471 2159 1569 2218 inter-

269 2243 451 2306 iectionibus
479 2246 529 2304 uti.
575 2243 650 2304 Sunt
677 2251 707 2304 ct
733 2242 809 2305 aliae
837 2244 936 2325 plures
966 2245 1205 2313 interlocutores,
1235 2261 1309 2323 quae
1338 2241 1474 2321 pluribus
1497 2245 1568 2302 iun-

272 2339 382 2407 guntur
416 2327 681 2408 significationibus
715 2337 745 2388 et
776 2328 875 2390 multis
908 2329 1004 2390 modis
1037 2330 1244 2410 proicerentur,
1280 2335 1312 2388 ut
1338 2330 1396 2388 iarn
1426 2329 1570 2406 superius

271 2413 461 2475 dictumest.
506 2415 644 2475 Priuatae
668 2431 740 2474 uero
770 2421 857 2494 atque
885 2432 1057 2476 communes
1085 2413 1270 2474 diuersarum
1294 2414 1425 2492 gentium
1450 2413 1569 2490 (cium)

271 2499 407 2560 diuersae
438 2505 470 2560 et
509 2497 618 2559 multae
651 2505 720 2558 sunt
752 2499 975 2562 interiectionos
1009 2507 1037 2560 el
1065 2517 1258 2580 utruquaeque
1293 2516 1366 2575 gens
1401 2497 1569 2558 secundum
1669 2521 1670 2537 ι

271 2586 483 2664 proprietatem
512 2582 677 2661 linguarum
712 2587 842 2662 priuatas
877 2593 906 2644 et
938 2585 1075 2665 proprias
1101 2583 1191 2645 habet
1219 2584 1302 2663 (ent)
1332 2584 1569 2651 interiectiones,

271 2669 309 2728 de
336 2667 444 2748 quibus
467 2668 632 2729 Donatus
659 2685 767 2745 paucas
789 2669 837 2730 lric
860 2671 956 2750 posuit
984 2669 1019 2729 ad
1044 2668 1209 2748 exemplum
1233 2668 1350 2730 dicens:
1381 2669 1569 2736 ‘metuentis

272 2762 304 2814 ut
326 2755 368 2822 ei;
391 2755 529 2832 optantis,
553 2761 585 2813 ιιι
607 2771 634 2822 ο;
658 2752 793 2824 dolentis,
816 2761 849 2815 ut
870 2755 947 2823 heu;
972 2753 1115 2825 laetantis,
1140 2763 1170 2815 ut
1193 2758 1280 2815 euax’
1304 2761 1335 2815 et
1356 2751 1475 2814 similia.

612 2907 660 2968 lle
682 2906 810 2984 ligura
834 2908 1121 2969 interiectionis
1143 2906 1224 2968 llll.

356 3027 462 3103 Figura
486 3043 619 3104 quoque,
648 3028 727 3087 sicut
754 3025 820 3088 aliis
850 3025 997 3106 partibus,
1026 3028 1091 3088 sine
1113 3025 1204 3087 dubio
1226 3025 1335 3087 accidit
1355 3026 1570 3087 interiectioni.

273 3111 382 3189 Figura
405 3113 483 3171 enim
500 3113 714 3172 interiectionis
729 3110 836 3189 duplex
853 3119 906 3180 est.
930 3115 998 3189 quia
1014 3120 1084 3174 sunt
1097 3111 1319 3173 interiectiones
1334 3110 1478 3188 simplicis
1492 3112 1572 3187 figu-

272 3215 338 3270 rae,
364 3197 392 3256 ui
417 3214 490 3256 euax
514 3215 540 3264 o.
564 3195 600 3256 lta
624 3194 671 3266 hu,
694 3195 753 3256 heu
776 3195 844 3266 heu,
869 3197 922 3256 aia.
968 3198 1043 3258 Sunt
1065 3195 1138 3258 aliae
1162 3216 1197 3257 ex
1213 3195 1330 3257 duobus
1345 3197 1470 3274 integris
1486 3214 1571 3256 cour-

273 3283 400 3362 positae‚
436 3289 482 3342 ut:
518 3280 590 3341 ‘Deo
623 3282 754 3357 gratias’,
789 3283 900 3359 ‘euge’,
930 3283 1078 3350 ‘utinam’,
1108 3285 1174 3363 ‘pro
1203 3281 1308 3344 dolcr’.
1352 3281 1456 3360 ‘Euge’
1486 3282 1570 3342 enirn

273 3365 437 3428 secundum
461 3366 603 3426 Graecam
627 3367 903 3444 interpretationem
920 3363 932 3448 ΙΙ
947 3367 968 3427 l.
985 3363 1045 3428 lllb
1061 3365 1072 3449 ΙΙ
1089 3369 1269 3444 compositae
1292 3367 1405 3444 ligurae
1421 3373 1478 3427 est:
1503 3368 1571 3425 ‘eu’

273 3453 351 3512 enim
375 3450 485 3510 bonum
507 3449 697 3528 intellegitur.
722 3451 783 3527 ‘go’
807 3459 894 3520 terra,
919 3451 1048 3529 eoquod
1071 3451 1161 3513 multa
1179 3461 1311 3531 generat.
1356 3451 1431 3512 Sunt
1446 3459 1476 3511 et
1491 3449 1570 3512 aliae

274 3555 309 3596 ex
332 3534 446 3596 duabus
469 3537 618 3615 corruptis
641 3537 831 3614 compositae.
876 3536 917 3596 Ex
941 3545 1082 3617 corrupto
1105 3546 1133 3598 et
1160 3540 1290 3615 integro,
1319 3546 1367 3598 ut:
1397 3537 1448 3596 ‘mi
1471 3545 1570 3615 pater,

273 3623 298 3682 si
331 3622 394 3682 lieri
422 3629 534 3701 potest,
565 3629 696 3681 transeat
724 3637 739 3679 a
768 3639 818 3680 rue
846 3619 920 3682 calix
948 3623 1026 3682 iste!
1072 3621 1114 3682 Ex
1142 3625 1258 3700 integro
1281 3630 1310 3682 et
1332 3629 1487 3700 corrupto.
1518 3628 1568 3684 ul:

274 3707 370 3785 ‘pater
393 3708 442 3775 mi,
466 3713 550 3783 pater
573 3707 621 3769 mi.
646 3723 753 3766 currus
776 3703 866 3766 lsrael
889 3712 919 3766 et
940 3707 1041 3784 auriga
1065 3709 1149 3768 eius.’
1194 3707 1418 3785 Componuntur
1441 3724 1477 3767 ex
1501 3703 1570 3786 plu-

274 3789 366 3859 ribus,
391 3800 435 3850 ut:
460 3791 517 3850 ‘eia
541 3797 574 3851 tu
596 3790 641 3850 eia
663 3791 709 3850 lac
731 3797 762 3851 tu
785 3791 842 3851 lac'
867 3798 896 3851 et
917 3793 1033 3852 similia.

581 3942 627 4004 lle
650 3942 873 4006 accentibus
895 3946 1211 4005 interiectionunr
1234 3946 1266 4006 V.

360 4061 542 4142 Quamquam
565 4059 739 4122 naturaliter
762 4071 817 4123 otc.
836 4097 874 4106 —-
899 4073 927 4124 et
942 4063 979 4124 de
994 4066 1078 4142 graui
1094 4063 1231 4124 similiter
1247 4063 1496 4124 considerandum
1512 4073 1570 4136 est,

274 4148 318 4221 cs.
342 4147 438 4209 Keilii
453 4165 564 4224 progr.
590 4148 719 4222 Erlong.
737 4165 772 4222 p.
799 4154 840 4223 to,
865 4153 919 4224 qui
938 4151 995 4210 lroc
1015 4159 1109 4226 caput
1124 4153 1272 4225 integrum
1288 4149 1433 4210 exiliuit.
1480 4151 1571 4212 Olou-

275 4235 359 4294 ditur
381 4241 479 4292 eutem
504 4233 673 4307 Smarapdi
692 4235 921 4295 tractatoriae
942 4236 1178 4311 subscriptione:

360 4336 510 4411 ‘Explicit
525 4341 686 4396 tractatum
702 4339 733 4396 in
746 4337 888 4411 partibus
903 4337 1016 4397 Donati
1036 4337 1192 4398 cuiusdam
1202 4337 1397 4415 presbyteri,
1414 4335 1459 4408 cs.
1474 4338 1574 4399 Keilii

273 4437 379 4496 propr.
397 4439 432 4496 p.
459 4428 506 4481 20.

343 4591 360 4640 3
378 4589 527 4640 admirantis
548 4600 575 4641 ut
593 4587 673 4657 papo]
694 4593 728 4656 ef.
746 4591 843 4643 Iuliani
863 4593 978 4643 Toletani
996 4601 1122 4657 excerpta
1138 4611 1165 4658 p.
1185 4594 1245 4648 320,
1265 4594 1281 4641 4
1299 4591 1373 4641 Keil:
1397 4601 1440 4642 aut
1457 4591 1569 4642 admira·

276 4659 369 4707 tionem
389 4667 417 4706 ut
435 4672 518 4723 popae
536 4661 602 4708 sieut
624 4661 728 4722 quidum
751 4660 798 4722 (rc.
817 4659 1003 4726 Hieronymus)
1026 4662 1128 4714 scribit:
1159 4665 1259 4725 ‘pupae
1282 4661 1368 4710 uiuere
1392 4673 1441 4708 non
1465 4659 1523 4709 licet
1546 4671 1572 4711 et

276 4723 396 4774 fornicari
415 4725 502 4775 libetl’
572 4728 588 4777 ὁ
607 4727 766 4792 prohibentis
785 4739 812 4778 ut
829 4725 896 4794 tuto]
916 4730 951 4793 cs.
969 4729 1065 4780 Iuliani
1086 4729 1202 4780 Toletani
1218 4734 1348 4794 excerpto
1366 4731 1382 4777 l.
1399 4729 1430 4780 l.:
1454 4739 1498 4777 aut
1515 4743 1572 4779 me-

277 4805 338 4852 tum,
351 4793 417 4842 sicut
428 4803 488 4852 utut,
502 4793 568 4843 sieut
584 4795 686 4844 solitum
700 4808 738 4847 est
750 4797 858 4862 paruulo
871 4797 932 4846 dicit
943 4806 1017 4856 totto,
1031 4797 1134 4861 quando
1151 4795 1300 4862 prohibetur
1318 4795 1450 4846 comedere
1462 4807 1569 4860 terram;

276 4862 310 4925 cs.
328 4859 680 4922 cod.Bern.207fol.15⁸:
700 4865 830 4927 quomodo
849 4865 885 4914 sic
904 4863 1004 4914 solitum
1025 4876 1063 4914 est
1081 4865 1205 4914 inlautum
1225 4865 1333 4914 nutrices
1351 4864 1448 4912 minere
1466 4874 1539 4914 totto.
