3378 5550
216 443 224 458 ,
300 397 343 445 XC
720 385 842 437 sanan
860 383 1162 436 nxennnnntonns

298 575 521 634 commentariis
548 581 722 650 excerptam
751 582 780 634 et
807 577 838 635 in
866 576 1033 636 breuiorem
1051 573 1187 648 sormam
1209 575 1365 636 reductam
1387 591 1450 634 csse
1471 539 1617 634 minimex

297 677 423 738 credere
441 678 596 752 possimus.
634 677 729 736 Immo
751 677 784 736 id
801 680 903 752 protius
924 675 1010 737 aolus
1032 679 1222 736 statuendum
1245 685 1303 751 est,
1327 694 1368 736 ex
1388 675 1498 736 eisdem
1514 675 1591 735 Ser-

299 780 412 838 uianae
433 781 592 838 doctrinae
621 781 743 846 riualis,
772 796 812 838 ea
834 777 939 854 quitus
961 776 1014 854 qni
1033 780 1086 839 sno
1107 783 1171 839 cius
1192 778 1312 840 nomiae
1332 777 1593 850 circumferuntur

261 945 270 962 ,
300 884 508 940 commentarii
525 885 684 957 fluxerunt
706 882 748 941 ad
769 898 860 942 uuum
883 897 996 955 ornnes,
1026 883 1108 941 lianc
1130 897 1248 956 quoque
1269 889 1364 940 artem
1385 897 1525 940 manasse
1545 889 1591 941 at·

297 1000 355 1058 qne
376 981 421 1042 ita
443 999 596 1056 manasse,
628 991 660 1043 ut
687 981 776 1058 quasi
803 1000 856 1042 suo
879 983 980 1043 Marte
1001 999 1063 1042 rem
1084 990 1212 1057 pererct.
1258 983 1370 1043 Eodem
1394 981 1462 1043 iure
1482 983 1591 1058 Serpia

297 1087 383 1159 apud
408 1085 528 1144 Petrum
560 1083 794 1159 prammnticum
820 1081 910 1144 innius
937 1083 1010 1144 libri
1032 1103 1066 1160 p.
1097 1091 1162 1161 tol,
1188 1092 1202 1142 t
1231 1084 1374 1145 tribuitur
1405 1087 1502 1152 locus,
1540 1088 1593 1159 qui

298 1184 424 1246 aliunde
447 1203 506 1247 non
529 1196 595 1246 crat
616 1195 720 1254 notam·
743 1185 786 1258 cs.
801 1189 890 1246 etiam
912 1194 1007 1246 artem
1030 1202 1168 1264 anonym.
1186 1185 1279 1246 Bern.
1299 1205 1333 1262 p.
1352 1193 1418 1263 135,
1433 1192 1457 1246 t.
1504 1187 1591 1258 (laod

297 1285 350 1348 uli
366 1289 498 1363 primam
521 1286 598 1348 milri
619 1289 869 1349 animaduertisse
886 1290 968 1348 nisus
981 1307 1044 1348 sum
1052 1332 1061 1365 ‚
1084 1296 1177 1348 totum
1192 1287 1322 1349 libellum
1338 1291 1485 1362 inteprnm
1500 1291 1590 1348 edere

296 1392 397 1450 nullius
418 1391 565 1450 declitani.
610 1391 689 1449 Nam
712 1407 891 1464 quamquam
913 1407 951 1449 ne
973 1393 1016 1450 ita
1038 1393 1172 1466 quietem,
1197 1407 1275 1465 qnae
1295 1389 1395 1452 Seruii
1414 1393 1488 1469 sint,
1511 1408 1590 1466 quae

297 1493 421 1552 aliunde
442 1495 556 1570 inluta,
587 1510 665 1568 quac
687 1494 726 1552 no
748 1495 820 1568 ipsis
842 1494 954 1552 artium
976 1494 1173 1568 scriptoribus
1197 1495 1306 1552 addita
1328 1492 1460 1566 suerint,
1490 1495 1590 1553 omnia

296 1597 385 1654 certis
414 1595 601 1670 quibusdam
619 1597 804 1668 nrpnmentis
833 1594 965 1654 discerni
986 1610 1076 1671 posse
1102 1595 1208 1663 credo,
1238 1603 1336 1654 tamen
1365 1597 1471 1671 aliqua
1498 1605 1588 1672 certe,

295 1713 373 1771 punc
399 1697 519 1773 peridem
547 1699 579 1756 in
607 1699 712 1758 ceteris
739 1697 843 1757 Seruii
868 1699 1092 1757 commentariis
1124 1699 1226 1756 iisdem
1253 1705 1398 1773 concepta
1425 1699 1524 1758 ueritis
1550 1715 1590 1758 ac

295 1799 449 1859 sententiis
488 1799 764 1874 definitionibusque
800 1807 909 1858 ornata
946 1801 1155 1872 impertiantur,
1196 1798 1304 1858 Seruio
1341 1800 1586 1860 uindicalrnntnr.

296 1902 431 1961 Ceterum
454 1917 491 1959 ea
513 1917 644 1976 qnoque,
673 1919 751 1974 nuuc
772 1902 802 1961 in
825 1902 880 1961 noc
902 1902 979 1960 libro
996 1903 1198 1976 peculiariter
1218 1904 1356 1978 exposita
1382 1909 1465 1980 sunt,
1494 1901 1589 1962 bonae

293 2003 398 2077 scupis
423 2006 515 2077 piena
543 2005 587 2062 ita
615 2019 647 2062 se
673 2003 800 2076 lrabeat,
836 2011 869 2062 ut
897 2004 1034 2078 rseplecta
1060 2005 1162 2062 iacere
1191 2001 1280 2074 nefas
1312 2005 1462 2063 duxerim.
1509 2003 1588 2063 Num

296 2108 397 2164 insunt
426 2106 586 2172 nonnette,
625 2122 701 2179 auae
729 2121 748 2162 a
776 2106 875 2178 asello,
910 2111 1051 2179 quotquot
1077 2107 1120 2164 acl
1149 2114 1252 2164 nostra
1280 2113 1415 2180 tempora
1441 2107 1590 2166 devenere

295 2213 434 2266 auctores
453 2208 661 2280 arumnicum,
685 2207 844 2266 obseruata
867 2207 982 2265 uideas.
1025 2207 1160 2282 Accedit,
1183 2207 1264 2280 quod
1285 2224 1304 2265 u
1328 2209 1445 2268 Graeco
1468 2209 1587 2269 nomine

295 2309 375 2368 karse
407 2315 503 2366 artem
535 2306 682 2386 scriptum
715 2311 763 2368 nel
789 2325 828 2366 en
857 2309 973 2368 Graeco
1004 2312 1182 2368 translatam
1215 2325 1277 2369 esse
1308 2311 1393 2370 lnuud
1422 2309 1590 2379 fallacibus

296 2412 483 2484 arpumentis
503 2411 577 2469 milti
598 2411 704 2470 uideor
722 2411 859 2486 probare
876 2426 978 2486 posse,
1002 2413 1045 2469 ita
1060 2419 1092 2470 nt
1106 2411 1163 2470 lnoc
1178 2429 1295 2486 atroque
1315 2419 1483 2486 spectantes
1504 2417 1589 2473 uiros

295 2513 396 2572 doctos
418 2529 477 2572 noa
500 2515 653 2585 inpratnm
681 2529 726 2572 me
752 2513 811 2572 sili
834 2512 946 2584 secisse
967 2529 1040 2588 opus
1066 2529 1182 2588 sperem
1205 2530 1267 2574 esse
1289 2515 1475 2574 indicaturos
1497 2523 1589 2590 atque

294 2616 389 2690 ipsum
412 2615 494 2675 illum
517 2616 615 2674 uirum
638 2616 853 2691 doctissimum,
881 2617 932 2674 cui
957 2615 1034 2675 haec
1060 2631 1152 2675 sacra
1179 2633 1242 2676 csse
1269 2619 1367 2690 uolui,
1398 2618 1509 2692 quippe
1536 2621 1591 2690 qni

294 2717 430 2776 Dositlrei
457 2722 552 2776 artem
580 2719 673 2776 mnlta
695 2722 769 2792 per‘
787 2717 910 2776 saecula
944 2718 1109 2791 neplectam
1137 2733 1204 2778 cnm
1231 2718 1267 2777 ol
1295 2719 1372 2791 ntia,
1403 2725 1465 2778 tum
1492 2720 1527 2779 olr
1555 2721 1589 2780 id

295 2821 392 2894 ipsum
415 2821 446 2878 in
468 2820 563 2878 lucem
583 2821 789 2894 protraxerit,
818 2821 899 2894 quod
924 2819 981 2878 lnoc
1009 2835 1125 2893 quoqne
1152 2822 1315 2880 rectissime
1340 2827 1485 2880 statueret
1506 2821 1589 2880 nolis

295 2921 506 2980 attendendum
528 2938 605 2998 esse,
629 2937 690 2996 paru
712 2925 832 2981 ratione
854 2922 985 2996 antiquis
1007 2921 1186 2996 temporibus
1203 2923 1370 2996 percprino
1384 2939 1520 2982 sermone
1541 2925 1591 2982 usi

294 3026 353 3082 sint
374 3025 437 3084 uiri
456 3024 655 3098 alicnipeaae.

864 3256 946 3322 Ona.
970 3256 1015 3321 II.

296 3375 415 3452 QVAE
438 3375 573 3442 INTER
595 3375 763 3442 LIBRVM
791 3374 1060 3441 BERNENSEM
1082 3375 1138 3440 ET
1161 3374 1341 3440 SCRIPTA
1364 3375 1587 3442 SERGIANA

720 3477 999 3544 INTEROEDAT
1020 3477 1163 3543 RATIO.

379 3621 447 3681 Iam
469 3622 567 3696 qualis
589 3623 667 3680 inter
689 3627 782 3681 artem
805 3629 937 3682 nostram
957 3627 986 3680 et
1000 3620 1103 3694 Serpii
1122 3623 1352 3681 commentarios
1373 3623 1470 3682 editos
1491 3619 1586 3682 inter-

294 3725 384 3783 cedat
398 3726 445 3782 uel
458 3725 664 3784 similitudinis
677 3726 725 3783 nel
739 3723 985 3784 dissimilitudinis
1000 3725 1097 3802 ratio,
1121 3723 1300 3783 tractatibus
1320 3725 1357 3783 de
1378 3726 1588 3786 coniunctione

294 3826 373 3884 inter
393 3842 425 3885 se
445 3827 573 3886 conlatis
592 3833 741 3902 patescet:

956 3907 1081 3990 [Sergii]
1106 3907 1328 3988 explanationes
1350 3911 1380 3970 in
1404 3909 1477 3970 Dan.
1499 3909 1551 3970 nn.
1575 3911 1586 3971 l

402 4031 449 4072 ars
473 4011 632 4073 {leonensis
654 4011 720 4072 cod.
744 4009 821 4073 207:
1118 4011 1228 4074 codicis
1249 4011 1421 4072 Lanantini:

338 4149 365 4209 p.
393 4129 468 4202 156,
492 4127 628 4192 uti-28
658 4133 832 4192 Coniunctio
856 4149 928 4208 pais
997 4150 1025 4211 p.
1049 4128 1126 4201 515,
1150 4127 1287 4193 36-39
1310 4132 1485 4192 Coniunctio
1508 4132 1585 4193 dicta

211 4231 216 4240 '
296 4235 437 4294 orationis
475 4244 519 4297 est
556 4235 648 4309 dicta,
687 4232 765 4315 quod
802 4235 928 4311 stringat
955 4241 999 4294 est
1022 4252 1073 4303 no,
1100 4233 1175 4311 quod
1193 4235 1354 4312 coniungat
1376 4231 1585 4294 elocutionem.

296 4339 460 4397 orationem
484 4346 513 4398 et
535 4345 651 4407 teneat,
674 4346 706 4396 ut
721 4337 746 4396 si
761 4334 843 4396 dicas
861 4340 927 4415 ‘ego
955 4335 1026 4396 Num
1050 4354 1109 4396 non
1133 4343 1230 4417 potest
1251 4337 1345 4396 oratio
1363 4345 1461 4396 nostra
1479 4335 1587 4397 cohae-

296 4447 325 4498 et
348 4437 398 4498 iile
420 4439 464 4498 irc
488 4438 653 4510 uolunnus’;
683 4457 741 4498 ison
770 4457 927 4518 possumus
954 4456 1031 4507 cern,
1057 4439 1114 4498 nisi
1135 4439 1332 4516 coniungatur
1355 4438 1409 4498 ista
1432 4438 1586 4518 particula,

296 4538 395 4599 nlicere
418 4543 485 4617 ‘ego
508 4539 580 4614 iiie',
603 4539 653 4601 sed
677 4541 850 4619 interposita
873 4542 928 4600 ista
955 4547 987 4600 ut
1008 4541 1032 4600 si
1055 4539 1136 4600 dicas
1159 4545 1226 4616 ‘ego
1249 4537 1299 4598 iiie
1315 4540 1437 4606 eumad,
1461 4557 1519 4599 non
1542 4551 1588 4600 est

295 4641 438 4720 particula
463 4642 516 4701 ‘ct’
538 4645 702 4704 conexione
725 4644 878 4721 coniungit
900 4651 929 4702 ct
955 4659 1065 4703 conexa
1090 4643 1200 4701 oratio:
1231 4643 1389 4719 interpone
1411 4641 1480 4700 ‘et’z
1518 4643 1587 4719 ‘ego

295 4741 376 4820 ligat.
941 4731 984 4803 'et
1005 4743 1054 4804 ille
1071 4747 1193 4808 eannss’.
1217 4742 1313 4812 uides,
1338 4761 1396 4822 qno
1411 4744 1500 4804 modo
1515 4761 1586 4806 con-

939 4846 1041 4930 Jiigatn
1065 4848 1104 4906 sit
1127 4847 1231 4906 oratio.
