3316 5566
587 381 807 438 usnueusts„
1296 379 1333 444 91

52 573 151 632 idesta
168 589 185 632 e
205 571 217 632 i
238 590 301 631 ou.
339 571 493 642 Quomodo
517 589 589 649 ergo
611 572 776 632 formantur
799 573 929 650 genetiui
951 573 1083 656 quinque
1106 571 1336 633 declinationum

51 673 83 732 ab
104 673 147 733 his
170 674 300 752 quinque
324 673 493 734 uoeafibusl
530 673 578 734 Sia
601 673 776 734 formantur.
815 675 932 734 Primae
954 673 1158 735 declinationis
1180 675 1337 752 genetiuus
1434 757 1437 762 Ι

51 778 77 834 in
99 793 131 834 ae
152 773 356 854 diphthongon
381 774 498 846 desinit,
521 782 554 835 ut
568 775 617 835 hic
639 785 725 854 poeta
748 775 837 836 huius
859 784 979 854 poetae:
1003 777 1152 837 secundae
1167 775 1338 836 declinatio-

52 878 247 954 nisgeuetuus
270 879 300 936 in
322 879 332 936 i
355 875 529 954 productam
553 877 737 946 terminatur,
762 885 795 936 ιιι
810 875 857 937 hic
879 877 983 939 doctus
1006 877 1094 940 huius
1116 877 1209 944 docti;
1232 879 1337 938 tertiae

31 977 248 1039 tdeclinatiouis
264 980 423 1057 genetiuus
446 980 517 1040 inis
538 987 715 1058 correptam,
740 986 773 1038 ιιι
795 977 844 1039 hic
866 989 949 1059 pater
973 979 1059 1041 huius
1080 980 1189 1059 patris;
1212 986 1335 1055 quartae

50 1079 247 1142 declinationis
274 1081 429 1158 genetiuus
456 1127 572 1142 .....
599 1081 629 1141 in
651 1081 679 1142 ei
699 1081 812 1142 diuisas
837 1079 963 1160 syllabas
985 1082 1176 1150 terminatur,
1200 1089 1233 1140 ut
1261 1078 1334 1141 haec

52 1181 110 1244 dies
130 1181 218 1243 huius
240 1181 309 1243 diei.
355 1183 386 1242 ln
410 1182 466 1244 hac
488 1189 586 1244 autem
610 1183 787 1243 formatione
809 1183 1039 1244 declinationum
1063 1202 1078 1244 a
1103 1181 1255 1243 uocalibus
1279 1183 1335 1242 tria

52 1283 239 1362 intellegenda
256 1293 340 1354 sunt,
365 1283 421 1344 huo
437 1293 480 1346 est
496 1287 701 1345 transmutatio
717 1283 832 1345 ordinis
847 1292 877 1345 et
892 1283 1050 1364 duplicatio
1065 1291 1153 1364 atque
1169 1283 1336 1345 transilitio.

52 1386 268 1447 'fransmutatur
284 1387 395 1447 enimc
412 1431 543 1446 ......
562 1387 630 1466 quia
647 1385 726 1446 nulla
750 1384 908 1447 declinatio
930 1385 968 1446 ab
991 1405 1024 1448 ea
1048 1385 1215 1464 regulatur;
1239 1383 1338 1448 nulfus

25 1502 41 1538 u
53 1489 124 1548 euim
138 1489 294 1566 genetiuus
309 1488 433 1548 Latinus
447 1506 466 1548 o
482 1486 579 1550 littera
602 1489 789 1548 terminatur.
826 1487 899 1550 ltem
914 1488 1160 1565 interrogandum
1176 1496 1229 1557 est,
1245 1505 1338 1568 quare

51 1608 138 1650 nonu
158 1591 342 1651 nominatiuo
365 1587 419 1649 hae
442 1589 656 1650 declinationes
677 1589 859 1667 regulautur,
883 1591 934 1650 sed
951 1609 966 1650 a
983 1593 1132 1668 genetiuo.
1164 1591 1336 1669 Propterea,

52 1693 111 1768 quia
133 1693 331 1752 nominatiuus
354 1691 462 1753 multas
484 1693 706 1753 terminationes
729 1691 817 1752 habet
839 1701 869 1753 et
890 1691 1010 1753 difficile
1033 1700 1092 1762 est,
1116 1700 1150 1752 ut
1169 1690 1207 1753 ab
1229 1709 1265 1752 eu
1288 1710 1337 1753 co-

51 1801 198 1870 gnoscatur
221 1791 389 1854 declinatio.
433 1793 505 1854 lude
528 1795 753 1855 Consentius
776 1793 860 1864 dicit,
884 1795 953 1873 quia
974 1795 1176 1856 nominatiuus
1204 1795 1337 1854 infinitus

53 1905 77 1954 ιι
96 1897 300 1958 interminatus
328 1903 381 1956 est.
426 1895 492 1956 Nou
515 1894 607 1956 habes
634 1897 714 1956 euim
737 1905 848 1956 certam
871 1896 1004 1972 regulam
1027 1895 1064 1956 ab
1088 1916 1140 1965 eo,
1168 1913 1226 1975 qua
1248 1879 1337 1956 cadas

26 1999 80 2056 uio
100 1998 283 2075 genetiuum,
316 1996 409 2077 quod,
438 1998 462 2056 si
486 1997 587 2058 uideas
610 1999 823 2059 nominatiuum
854 2016 886 2058 es
907 1999 1039 2068 finitum,
1067 2017 1127 2058 non
1149 1999 1284 2076 sequitur
1306 1999 1336 2056 in

54 2099 238 2160 declinatione
260 2117 338 2160 unus
360 2099 530 2178 genetiuus,
559 2107 591 2158 ut
613 2099 756 2160 Anchises
778 2097 931 2169 Anchisae,
956 2100 1041 2161 miles
1057 2097 1171 2168 militis,
1188 2099 1251 2160 dies
1267 2098 1335 2168 diei,

55 2209 78 2258 et
97 2202 119 2260 si
141 2203 170 2262 in
200 2220 235 2261 us
263 2203 354 2269 exiet,
384 2219 443 2262 non
472 2199 559 2261 unius
586 2201 643 2262 erit
671 2200 890 2272 declinationis,
923 2210 955 2262 ut
980 2219 1086 2263 seruus
1113 2203 1210 2271 serui,
1240 2202 1337 2262 uirtus

56 2304 174 2371 uirtutis,
203 2306 284 2364 adua
310 2302 415 2371 solius,
444 2303 552 2363 fluctus
579 2302 686 2364 fluctus
714 2311 743 2363 et
772 2312 884 2372 cetera,
913 2304 992 2384 quud
1018 2305 1048 2364 iu
1077 2303 1177 2364 uerbis
1202 2301 1337 2364 similiter

56 2406 221 2472 ostenditur:
250 2422 318 2465 nam
349 2423 407 2464 non
438 2423 454 2464 a
481 2405 575 2483 prima
605 2423 729 2484 persona
758 2407 925 2483 coniugatio
954 2405 1139 2486 exploratur,
1167 2405 1218 2466 sed
1248 2425 1264 2466 a
1292 2423 1336 2464 se·

29 2507 137 2566 ιιιιιιιιι
170 2525 298 2586 persona
331 2506 565 2575 demonstratur,
601 2515 634 2567 ut
661 2525 727 2567 amo
760 2524 855 2577 amas,
890 2508 983 2569 doceo
1015 2507 1120 2577 doces,
1155 2508 1221 2586 lego
1253 2505 1347 2585 legis(

57 2609 130 2668 audio
161 2609 253 2669 andis.
300 2608 416 2669 Primae
450 2606 655 2669 declinationis
686 2627 762 2688 quae
796 2617 841 2670 est
873 2611 1002 2688 agnitio?
1047 2609 1126 2671 llaec
1157 2618 1215 2670 est:
1254 2611 1338 2670 cuius

58 2711 241 2773 uonrinatiuus
263 2709 377 2770 duabus
398 2707 506 2770 litteris
527 2711 703 2771 terminator
725 2707 746 2772 ‘a
771 2718 800 2770 ιι
822 2729 837 2770 s
859 2719 889 2770 et
910 2711 1005 2774 tribus
1033 2710 1294 2774 terminationibus
1321 2731 1337 2771 a

58 2829 82 2868 as
101 2831 137 2872 es.
181 2813 252 2873 lude
274 2813 506 2874 Priscianus
529 2811 613 2872 dicit:
644 2811 764 2873 flabet
787 2831 874 2891 ergo
902 2814 1042 2891 primae
1065 2812 1338 2874 declinationis

58 2916 295 2975 nominatiuus
323 2913 476 2976 litteras
504 2913 654 2994 quidem
684 2914 906 2976 terminales
934 2914 1023 2975 duas
1051 2933 1067 2973 a
1092 2923 1126 2973 et
1148 2933 1177 2983 e,
1207 2915 1337 2974 termi-

32 3019 214 3078 arationes
236 3033 326 3078 uero
349 3024 425 3076 tres
447 3033 570 3076 aases
592 3017 823 3096 productam,
847 3034 863 3076 a
885 3025 925 3078 ut
947 3013 1038 3076 hacc
1061 3012 1204 3094 syllaba
1228 3013 1338 3074 huius

58 3115 223 3193 syllabae,
252 3137 290 3180 as
312 3125 350 3178 ut
372 3117 426 3178 hic
452 3119 595 3179 teneas
622 3118 730 3179 huius
753 3120 912 3188 Aeneae,
943 3135 984 3178 es
1012 3123 1048 3177 ιιι
1071 3117 1131 3177 hie
1154 3116 1338 3178 Anchises

60 3215 150 3279 buius
176 3219 370 3282 Anchisae.
416 3218 662 3298 iuterrogandum
691 3227 736 3282 est
764 3229 877 3289 autem,
906 3235 981 3296 qnae
1004 3221 1042 3280 sit
1064 3219 1231 3280 differentia
1258 3219 1337 3278 inter

59 3321 226 3383 terminalem
250 3330 280 3382 et
301 3321 539 3382 terminationem
562 3322 592 3380 in
615 3322 662 3382 his
685 3320 855 3382 nominibus
876 3322 906 3382 in
929 3341 945 3381 a
969 3320 1181 3382 desinentibus
1220 3321 1338 3382 Scimus

60 3421 133 3492 eninr,
147 3425 285 3505 quoniam
302 3420 314 3504 ΙΙ
330 3422 350 3484 f.
366 3417 427 3483 94·’ι
443 3420 454 3504 ΙΙ
471 3422 635 3485 terminalis
656 3441 713 3484 uua
728 3424 826 3484 littera
848 3431 894 3486 est
908 3442 959 3484 seu
976 3423 1088 3485 uocalis
1107 3420 1155 3483 uei
1171 3439 1338 3482 consonans

35 3523 101 3592 usit,
123 3527 289 3587 terminatio
318 3531 415 3586 autem
439 3532 483 3586 eet
512 3523 623 3586 uocalis
649 3527 714 3586 siue
742 3525 804 3587 sola
833 3526 882 3587 uel
910 3524 1022 3586 uocalis
1048 3543 1117 3587 cum
1145 3531 1335 3584 consonante.

61 3619 124 3684 llaec
145 3645 214 3705 ergo
238 3635 282 3688 est
304 3627 471 3688 differentia
494 3628 573 3688 inter
595 3626 780 3689 terminalem
804 3636 833 3690 et
853 3629 1094 3688 terminationem
1117 3629 1148 3687 in
1163 3624 1221 3686 illis
1242 3626 1338 3686 nomi-

61 3724 133 3786 nibus
158 3730 187 3790 iu
218 3748 233 3788 a
257 3727 476 3790 desinentibus:
506 3730 625 3806 quaudo
648 3730 727 3792 euim
756 3747 839 3790 mens
863 3737 910 3790 tua
940 3730 1063 3808 respicit
1091 3727 1127 3789 ad
1150 3734 1336 3808 potestatem,

61 3825 122 3888 idest
142 3830 174 3890 ad
196 3829 354 3912 syllabam,
378 3837 448 3891 tuuc
464 3821 717 3900 terminationem;
741 3832 859 3913 quando
882 3839 980 3893 autem
999 3830 1035 3891 ad
1050 3827 1257 3899 litteraturam,
1282 3829 1338 3889 hoc

62 3931 147 3991 estad
174 3934 389 3994 extremitatem
416 3935 498 4003 soni,
529 3951 605 4014 quae
635 3941 686 3996 aut
715 3933 812 3996 uocali
840 3941 891 3996 aut
918 3941 1101 3994 consonante
1128 3935 1337 4002 terminantur,

36 4035 117 4090 aune
142 4033 303 4096 terminalis
336 4043 389 4096 est.
442 4034 515 4095 ltem
543 4033 599 4098 alia
634 4037 743 4114 agnitio
779 4043 825 4096 est
851 4039 967 4116 primae
995 4033 1215 4096 declinationis:
1255 4035 1339 4094 ouius

63 4135 194 4204 gennetines
218 4144 247 4200 ιι
270 4136 386 4198 datiuus
409 4137 567 4214 singularis
589 4144 619 4197 et
641 4138 841 4198 nominatiuus
870 4146 900 4198 ct
921 4137 1075 4198 uocatiuus
1096 4134 1219 4216 pluralis
1248 4138 1279 4196 iu
1304 4153 1337 4194 ae

86 4253 268 4264 -—-.-.—-—-

116 4321 169 4370 diu
185 4339 200 4372 e
217 4323 378 4389 dipthonguu
430 4321 503 4390 pheta
555 4324 630 4389 pheta
698 4324 855 4389 lprodncta
924 4325 983 4374 din
1002 4333 1143 4389 correptam
1201 4325 1339 4385 dq'uartac

65 4381 218 4441 declinationis
235 4392 370 4456 genetiuus
388 4391 413 4440 in
433 4394 456 4442 ei
474 4393 571 4442 diuisas
624 4394 704 4442 ιιι-ιιι
756 4394 772 4442 8
791 4392 1025 4456 umrsmutatlonis,
1044 4408 1112 4442 corr.
1126 4392 1304 4441 trarrsmutatio

65 4463 224 4509 tmusmutatus
243 4460 309 4508 euim
329 4475 343 4508 e
361 4461 420 4522 qrria
439 4460 507 4510 nullu
525 4458 585 4524 etc]
606 4461 769 4511 Exciderunt
781 4462 904 4526 quaedam
921 4463 953 4510 de
970 4462 1180 4510 transmutatione
1199 4460 1297 4510 ordinis
1314 4465 1339 4508 et

66 4519 90 4567 dt
104 4523 272 4588 duplicatione.
296 4529 388 4579 Vltima
405 4529 461 4580 fuco
472 4530 554 4592 saraae
565 4529 681 4579 uidetur:
700 4529 840 4578 transilitur
858 4543 881 4590 o,
900 4531 942 4578 ael
957 4529 1037 4577 simite
1055 4529 1123 4592 quid.
1175 4527 1339 4590 ttregulatus

67 4587 328 4664 ltluuareuominatiuo
382 4597 519 4647 redinche
553 4607 723 4662 cognuscetur
775 4593 980 4660 13consensius]
993 4611 1020 4660 p.
1032 4599 1120 4659 358st
1129 4596 1163 4645 K.
1219 4597 1250 4646 14
1262 4596 1338 4644 inter-

1 4679 2 4692 ι
66 4659 147 4709 ornatis
233 4667 265 4714 15
288 4665 473 4714 nominatiuum
491 4665 615 4715 eflinitum
635 4679 684 4714 non
703 4665 818 4728 sequitur
835 4664 1023 4714 inclinationem
1042 4679 1108 4713 uuus
1126 4664 1238 4728 genetiui
1308 4665 1339 4712 18

68 4721 179 4780 sclusam.
231 4732 341 4782 lluctrms
388 4733 530 4782 ostenditur
597 4735 630 4784 20
648 4747 706 4782 amo
725 4747 782 4782 ama
850 4735 881 4782 21
901 4747 988 4797 preme
1072 4735 1105 4782 23
1123 4729 1281 4795 Priscianus]
1301 4733 1340 4782 De

1 4815 2 4832 ι
68 4795 201 4849 mataeetc.
218 4817 244 4865 p.
255 4803 318 4862 tta,
330 4801 406 4850 ιθΚ.
457 4784 611 4863 etquidem
660 4803 694 4853 26
711 4802 799 4850 uenias
851 4803 940 4850 neniae
990 4802 1024 4850 29
1041 4800 1186 4850 terminales
1239 4800 1340 4850 uocales

1 4911 2 4920 y
68 4862 181 4915 consolaus
238 4871 272 4919 30
289 4867 384 4934 siue]i
438 4883 497 4919 cum
515 4870 606 4920 addidi
673 4871 706 4920 at
724 4884 789 4932 quae
807 4879 891 4919 autem
970 4870 1003 4920 36
1021 4868 1166 4934 singulares
