3354 5580
522 387 559 438 m
579 387 662 438 uon.
683 387 809 437 aaran
826 386 1004 438 uincerent.
1348 387 1410 452 217

109 592 188 634 eece
210 575 311 636 motio.
333 607 376 620 -
400 573 496 636 Venus
518 574 670 636 deferebat
698 577 797 636 ‘arma
821 574 991 643 radiantia’,
1021 576 1061 634 ·i·
1085 575 1240 654 fulgentia,
1270 574 1329 638 titio
1357 594 1411 636 suo

107 679 234 738 Aeneae
256 684 287 738 et
309 677 420 756 ‘posuit
442 676 496 738 sub
519 676 642 738 aduersa
665 680 801 757 quercu’‚
831 695 900 738 ecoe
923 675 1077 739 stabilitas.
1120 675 1192 738 Nam
1216 679 1266 755 qui
1288 677 1411 755 deponi-

109 789 173 845 tur,
200 785 267 840 stat.
312 777 447 850 Quercus
470 787 513 840 est
536 777 626 839 arbor
648 777 811 858 glandifera
835 784 865 838 et
888 777 995 840 dicitur
1017 797 1034 839 a
1057 779 1241 856 quaerendo,
1274 797 1308 840 eo
1331 781 1409 860 quod

109 881 233 959 antiqui
254 879 295 941 ibi
316 881 427 940 uictum
451 879 643 959 quaerebant.
688 880 722 941 D.
746 880 864 960 Super
892 897 997 959 quam
1028 881 1097 940 uirn
1120 877 1251 940 habet?
1296 881 1333 942 Μ.
1357 881 1411 942 Vbi
1427 912 1446 951 ι».
1461 899 1537 948 sao‚a

81 980 231 1051 siceum,
254 990 287 1042 ot
307 999 398 1060 super
419 979 532 1042 caetum
556 1000 646 1061 super
670 989 788 1050 terram,
811 983 965 1058 significat,
989 983 1158 1042 accusation
1172 983 1275 1043 seruit.
1312 983 1339 1043 M
1347 1001 1410 1043 en·
1425 1013 1447 1052 p.
1460 1001 1535 1048 scam

108 1084 258 1144 tionem
283 1085 324 1143 ·i·
347 1081 584 1144 recordationem
599 1078 613 1164 Η
630 1079 691 1144 136
708 1079 732 1164 li.
778 1083 970 1160 flagitans,
995 1085 1025 1143 ·i·
1049 1084 1244 1162 interrogans.
1290 1084 1410 1164 Sapor
1425 1115 1445 1155 p.
1459 1103 1533 1148 seem

110 1183 282 1245 Hectore
305 1182 427 1246 multa.
472 1184 593 1264 ‘Super'
611 1185 658 1244 bic
673 1203 727 1265 pro
744 1184 805 1244 ‘de’
823 1185 950 1262 ponitur.
982 1183 1077 1245 Verba
1093 1193 1161 1246 sunt
1177 1184 1315 1256 Didonis,
1332 1189 1410 1266 apud

109 1302 207 1363 quam
229 1304 296 1346 cum
319 1295 398 1348 esset
419 1287 547 1354 Aeneae,
572 1285 719 1364 rogitabat
742 1305 808 1348 earn
831 1305 921 1366 super
944 1285 1077 1354 Priamo,
1103 1287 1159 1348 boc
1182 1296 1226 1347 est
1241 1286 1278 1348 de
1294 1287 1411 1348 Priamo

109 1405 187 1464 rega
210 1385 407 1448 Troianorum
431 1397 461 1449 et
482 1405 571 1466 super
594 1387 723 1450 Hectore
745 1387 805 1449 utto
828 1389 902 1449 eius.
938 1386 973 1448 D.
997 1387 1035 1448 tn
1058 1404 1163 1465 quarn
1188 1389 1257 1450 uim
1282 1387 1410 1452 habeti

74 1503 98 1542 10
111 1489 150 1550 tt.
176 1488 303 1560 Quando
326 1487 517 1550 stabilitatem
538 1489 698 1566 significat,
722 1489 851 1551 abiatiuo
874 1491 981 1559 seruit,
1011 1490 1087 1550 sicut
1109 1508 1199 1568 supra
1222 1491 1332 1552 dictum
1355 1499 1409 1551 est.

111 1589 213 1651 Habet
235 1599 264 1651 et
285 1589 407 1652 alteram
431 1591 507 1660 uim,
531 1591 651 1668 quando
672 1593 842 1654 accusatiun
864 1594 972 1662 seruit,
997 1600 1041 1653 ut:
1064 1591 1106 1652 ‘in
1128 1591 1296 1654 adulterum
1318 1593 1412 1654 iratus

112 1702 158 1752 est
189 1693 371 1772 episcopus':
410 1691 457 1754 bic
481 1711 535 1772 pro
559 1694 685 1755 ‘contra’
709 1695 839 1772 ponitur.
884 1691 1008 1754 Adulter
1030 1693 1137 1754 dicitur
1160 1692 1288 1754 alienum
1311 1703 1409 1755 torum

112 1793 241 1855 uiolaus
285 1793 329 1854 ‘in
351 1792 537 1855 desertorem
560 1797 655 1858 iratus
677 1806 722 1857 est
744 1797 820 1856 rex'.
866 1795 1005 1856 Desertor
1028 1793 1148 1864 dicitur,
1178 1796 1229 1874 qui
1250 1813 1337 1856 suum
1362 1813 1409 1856 rc·

111 1913 181 1972 gem
206 1895 318 1956 deserit
339 1902 371 1956 et
392 1895 427 1956 ad
451 1895 575 1957 aiterum
599 1896 691 1958 uadit.
737 1896 817 1958 idem
841 1906 885 1959 est
908 1903 937 1956 et
959 1895 1127 1975 transfuga,
1161 1895 1210 1956 net
1241 1887 1411 1974 transfugas

76 1997 243 2059 *dicimus
271 1995 455 2068 desertores,
485 1999 535 2078 qui
564 2005 697 2078 tempore
720 1998 789 2060 beili
813 2015 897 2058 suam
920 1995 1055 2059 militiam
1079 1997 1230 2060 deserunt.
1276 1997 1409 2059 ‘Subter’

113 2099 239 2179 proprie
260 2101 429 2160 accusation
452 2118 571 2179 semper
594 2100 735 2178 iungitur,
761 2109 792 2160 ut
815 2098 918 2161 subter
941 2098 1080 2167 caelum:
1101 2097 1231 2160 abiatiuo
1254 2117 1409 2180 nusquam,

112 2202 172 2262 nisi
196 2201 321 2280 figurate
344 2207 377 2261 ut
398 2200 599 2280 Virgilius:

472 2303 610 2365 Subter
631 2303 746 2365 densa
770 2303 965 2365 testudine

113 2404 198 2465 dixit.
242 2404 372 2466 Testudo
395 2414 440 2466 est
462 2423 578 2468 camera
601 2411 763 2467 scutorum.
808 2405 964 2476 Diduco,
990 2408 1020 2466 ·i·
1044 2404 1152 2466 diuido.
1192 2403 1274 2465 Vnda
1296 2405 1534 2466 tuce-auca

80 2506 213 2568 unalis
235 2505 273 2567 da
295 2505 474 2568 Hannibale:

320 2607 471 2670 Diduxit
492 2608 670 2688 scopulos
693 2615 729 2670 et
751 2618 896 2672 montes
919 2611 1023 2688 rupit
1045 2617 1166 2677 aceto,

116 2707 231 2770 diduxit
260 2711 301 2770 ·i·
331 2709 440 2773 diuisit.
485 2711 631 2788 Scopuios
659 2730 749 2791 rupes
778 2710 901 2790 lapides.
952 2710 989 2771 ut
1017 2729 1076 2772 non
1105 2720 1206 2792 potest
1233 2714 1366 2790 separari
1395 2731 1411 2772 a

115 2811 303 2873 dictionibus.
350 2811 443 2874 Dictio
472 2821 570 2873 autern
600 2812 718 2882 dicitur,
751 2832 786 2874 eo
809 2813 888 2893 quud
917 2811 1026 2892 aliquid
1055 2811 1214 2874 dicendum
1239 2815 1278 2873 ·i·
1303 2813 1410 2874 intelli-

116 2913 245 2990 gendum
268 2912 385 2975 babeat.
430 2913 575 2975 Diduccre
598 2915 677 2974 enim
702 2923 746 2977 est
767 2914 917 2992 diuidere,
943 2922 975 2974 ut
997 2913 1118 2974 ‘diduco
1133 2915 1244 2975 iontem
1261 2917 1291 2976 in
1307 2916 1410 2982 riuos’,

83 3017 147 3074 asi·
171 3014 282 3075 diuido.
326 3014 519 3084 Distrabo,
545 3014 657 3085 uendo;
682 3015 849 3078 distrahere
872 3019 950 3077 enirn
974 3025 1019 3077 est
1041 3015 1188 3085 uendere,
1212 3016 1281 3076 inde
1304 3016 1410 3078 distra-

118 3126 181 3176 ctor
203 3116 350 3177 uenditor.
396 3117 567 3197 decipio,
591 3119 698 3179 iterum
722 3120 815 3198 capio.
862 3117 1019 3188 Secubo,
1042 3135 1178 3179 seorsum
1202 3119 1293 3178 iaceo.
1332 3121 1411 3179 bm-

117 3219 278 3298 picctor,
317 3219 471 3280 circumdo
507 3217 554 3280 uei
586 3219 753 3282 deosculor.
805 3219 1054 3298 Congredior,
1093 3236 1191 3300 pugno
1226 3218 1273 3280 uei
1305 3216 1410 3280 luctor.

117 3321 216 3400 Apud
241 3328 276 3381 et
299 3337 420 3398 penes.
465 3319 625 3382 Haeduae
648 3323 884 3402 praepositiones
907 3339 960 3401 per
983 3323 1227 3402 compositionem
1251 3339 1411 3403 numquam
1426 3330 1508 3381 1366»
1524 3331 1547 3370 1⁰

118 3424 289 3502 iunguntur,
313 3422 365 3483 sed
388 3441 506 3501 semper
521 3441 576 3502 per
591 3426 818 3504 appositionem.
863 3423 1005 3502 Reliquae
1021 3419 1035 3506 ΙΙ
1052 3419 1258 3506 latitamus
1279 3425 1411 3502 exceptis

85 3525 148 3584 udi
162 3525 205 3586 dis
220 3543 254 3585 re
269 3543 301 3585 se
317 3543 363 3585 arn
381 3543 435 3585 oon
459 3542 514 3605 per
536 3527 779 3603 compositionem
803 3534 832 3586 et
853 3544 908 3606 per
929 3527 1146 3604 appositionem
1170 3525 1252 3602 iungi
1275 3532 1408 3604 possunt.

120 3607 275 3688 Sciendum
305 3635 364 3692 est,
393 3627 472 3707 quod
503 3626 579 3707 apud
610 3645 663 3688 nos
692 3627 800 3690 multae
827 3629 1063 3708 praepositiones
1091 3627 1299 3696 inueniuntur,
1333 3627 1410 3706 apud

121 3728 247 3790 Graecos
270 3747 343 3790 uero
366 3747 493 3808 paucae,
516 3731 584 3810 quia
602 3731 728 3791 maxima
745 3737 879 3810 exparte
901 3732 980 3789 inter
1002 3727 1143 3789 aduerbia
1167 3735 1409 3790 annumerantur.

579 3984 628 4046 DE
650 3983 951 4046 tutantuuttuntt.

202 4137 424 4198 Interieotio
448 4137 533 4218 quid
557 4138 631 4198 est?
676 4134 884 4199 definitionem
913 4139 1130 4198 interiectionis
1152 4135 1317 4198 secundum
1341 4135 1511 4199 sut-cuc
1527 4147 1551 4186 1³

91 4240 250 4300 usnntiam
274 4241 408 4316 requirit.
453 4239 620 4301 Interiectiu
643 4241 842 4319 compositam
873 4257 982 4300 nomen
1005 4249 1049 4299 est
1072 4257 1107 4298 ex
1129 4240 1209 4300 inter
1231 4246 1262 4299 et
1283 4239 1359 4299 iaoio
1383 4245 1412 4297 et

123 4339 188 4400 iacit
208 4342 400 4421 praeteritum
424 4342 572 4416 interient,
602 4342 707 4404 transit
734 4343 763 4402 in
794 4342 981 4422 participium
1011 4341 1184 4401 interiectus
1207 4342 1237 4410 ti,
1262 4339 1359 4402 addita
1383 4358 1410 4410 o,

127 4509 345 4522 ¹--n--m-a--n

187 4660 317 4731 ivenus]
337 4664 373 4727 os.
387 4665 453 4718 uon,
465 4679 492 4728 p.
507 4667 592 4727 iod!
662 4664 833 4730 agtardttera
902 4663 1014 4730 dSuper
1027 4659 1143 4728 Hectore]
1163 4663 1197 4725 of.
1214 4664 1279 4713 Don-
1289 4679 1315 4727 p.
1328 4664 1412 4724 3⁶6,AE

125 4733 271 4787 nmodnot.
290 4733 372 4783 Keilii
439 4733 471 4781 14
488 4732 654 4801 transfugeris
724 4735 755 4783 17
774 4730 911 4799 Virgilius]
931 4733 997 4786 Aac.
1017 4731 1061 4780 IX
1078 4733 1130 4780 su
1217 4733 1248 4782 ta
1267 4728 1410 4798 iuuentus]

126 4793 175 4851 Sat.
193 4799 216 4850 X
234 4802 285 4852 153
372 4801 403 4850 ii
422 4799 520 4850 diducit
537 4828 568 4838 —
587 4816 642 4850 rum
664 4802 683 4850 it
699 4800 806 4852 labaim
874 4811 963 4850 acceto
1052 4800 1085 4849 24
1102 4795 1211 4848 diuidere
1296 4801 1330 4852 25
1347 4801 1412 4850 ’nim

24 4875 25 4922 ἶ
126 4864 155 4914 32
170 4881 256 4932 graeca
325 4879 496 4919 annumerant
563 4870 596 4920 st
614 4869 639 4919 di
672 4869 793 4920 ditionem
