3354 5580
294 335 357 400 212
697 337 932 392 commeurvm
951 335 1196 392 ernsrnesuss

294 527 471 606 significant.
516 525 622 588 ‘intro'
646 535 675 586 ει
697 526 802 589 ‘iuras’
827 532 856 586 ει
879 526 972 588 ‘illuc’
996 525 1031 588 ad
1055 523 1152 588 locum
1174 523 1291 608 1112711
1328 574 1577 589 ........

300 675 869 691 .................
887 627 958 690 illuc
980 637 1191 709 properantes,
1215 630 1289 689 etin
1314 630 1472 708 psalmo:
1497 629 1580 688 illuc

294 733 389 792 euim
419 729 682 793 ascenderunt.
733 730 831 792 Potest
858 732 936 792 enim
972 733 1065 812 accipi
1094 731 1132 792 de
1160 731 1261 792 loturo
1287 739 1317 792 et
1344 730 1381 790 de
1409 733 1581 811 praeterito:

293 832 377 894 ‘illic’
403 850 476 894 uero
499 834 530 894 in
553 831 617 892 loco
641 842 669 894 et
691 841 737 893 εει
759 833 894 894 similiter
915 833 1070 912 praeteriti
1094 841 1124 893 et
1144 833 1245 894 iuturi.
1275 832 1366 901 ‘llic’,
1383 832 1505 910 quando
1519 850 1581 911 pro·

293 953 400 997 nomen
424 942 485 1004 εει,
510 935 685 1013 corripitur:
709 933 887 996 aduerbium
912 953 985 995 uero
1007 933 1195 1014 producitur,
1221 943 1253 996 ut
1275 943 1402 1014 poeta:
1592 951 1601 990 s

401 1037 468 1098 llic
491 1038 562 1106 uir,
588 1035 647 1096 hic
670 1045 738 1106 est,
763 1036 832 1097 tibi
855 1054 962 1116 quem
985 1036 1155 1116 promitti
1178 1037 1330 1116 saepius
1352 1036 1472 1098 audis.

139 1157 188 1202 sce.
204 1155 235 1195 ss.
253 1155 279 1194 aa
293 1137 423 1210 Hodie,
448 1155 589 1218 praesens
612 1147 657 1198 εει
672 1139 755 1218 quasi
772 1137 828 1199 lroe
844 1138 900 1198 die.
946 1137 1077 1218 Nuper,
1101 1156 1244 1216 praesens
1265 1148 1310 1200 est
1333 1147 1362 1198 ει
1384 1139 1582 1216 praeteritum,

293 1241 323 1302 ·i·
346 1243 465 1302 nouiter
493 1249 522 1302 et
549 1241 631 1300 uenit
659 1259 674 1301 a
705 1241 836 1308 nomine,
866 1238 944 1319 quod
975 1249 1019 1302 εει
1047 1257 1179 1320 nuperus
1207 1259 1238 1302 ra
1267 1259 1348 1310 rum,
1379 1243 1410 1300 ·i·
1436 1258 1532 1301 nouus
1552 1257 1582 1298 ua

293 1361 374 1404 uum.
404 1341 625 1421 Aliquando,
643 1341 679 1402 de
696 1343 857 1421 praeterito
873 1349 904 1403 ει
927 1342 1027 1404 loturo
1051 1344 1203 1422 accipitur,
1228 1351 1261 1404 ut
1283 1342 1456 1420 ‘aliquando
1480 1340 1582 1404 iactum

293 1454 338 1506 est
361 1444 438 1512 lroc’,
468 1452 498 1505 et
520 1443 691 1524 ‘aliquando
715 1443 764 1504 flet
786 1444 865 1512 hoc’,
896 1451 925 1504 et
947 1451 993 1505 εει
1014 1446 1211 1523 compositum
1234 1463 1270 1505 ex
1297 1444 1372 1506 alius
1400 1451 1431 1504 et
1458 1443 1612 1524 quandoc

294 1547 325 1608 ll.
350 1546 397 1608 lla
421 1548 581 1621 numeri,
606 1547 634 1606 ·i·
659 1545 707 1606 dic
730 1545 804 1606 mihi
828 1544 1120 1609 aduerbianumeri.
1158 1547 1226 1608 ll..
1255 1594 1262 1607 .
1291 1595 1297 1608 .
1323 1551 1331 1607 ἱ
1360 1595 1367 1608 .
1402 1594 1408 1607 .
1443 1595 1450 1608 .
1484 1543 1581 1612 ,ιιιει

292 1665 307 1707 a
332 1645 456 1709 «luobus.
500 1648 661 1710 Sciendum
685 1657 742 1716 εει,
771 1650 840 1727 quia
862 1645 1003 1710 aduerbia
1026 1647 1122 1712 tribus
1145 1649 1241 1711 modis
1264 1649 1434 1711 diriuantur
1456 1666 1472 1708 a
1494 1649 1583 1710 nomi·

292 1749 394 1812 nibus:
417 1767 507 1810 sensu
530 1758 560 1811 ει
581 1748 763 1819 litteratura,
785 1752 863 1810 sicut
886 1759 931 1811 ter
953 1768 970 1810 a
992 1749 1097 1826 tribus,
1122 1758 1230 1830 quater
1251 1769 1267 1812 a
1291 1756 1446 1829 quattuor;
1478 1750 1583 1810 littera·

293 1863 357 1913 tura
381 1861 411 1914 ει
433 1870 491 1913 non
514 1871 612 1920 sensu,
636 1855 713 1912 sicut
734 1851 830 1919 modo.
856 1852 884 1910 ·i·
903 1868 991 1920 nunc,
1015 1853 1179 1922 anomine,
1203 1852 1282 1932 quod
1298 1859 1343 1914 est
1358 1851 1478 1918 modum
1501 1867 1582 1912 seusu

292 1962 323 2017 et
344 1973 404 2016 non
427 1953 601 2023 litteratura,
625 1954 701 2015 sicut
722 1953 813 2014 semel
837 1951 874 2014 ab
897 1971 965 2023 uno,
990 1952 1036 2014 bis
1059 1973 1075 2015 a
1098 1951 1225 2015 duobus.
1264 1952 1354 2024 Non,
1379 1962 1409 2015 et
1424 1955 1512 2015 etiam
1528 1951 1613 2011 dcun

291 2054 433 2118 aduerbia
462 2065 531 2117 sunt
557 2056 719 2122 corollaria:
749 2073 840 2116 unum
866 2063 967 2134 negat,
997 2055 1123 2118 alterum
1145 2056 1281 2116 allirmat.
1326 2055 1389 2125 lin,
1421 2054 1582 2134 Virgilium.

189 2179 238 2228 ecs,
252 2179 277 2218 ss
291 2159 399 2228 Ecce,
423 2157 616 2220 Priscianum.
663 2157 821 2228 Vtinam,
845 2159 901 2218 ‘ut’
924 2157 1099 2220 aduerbium
1116 2166 1161 2218 εει
1174 2155 1392 2226 similitudinis,
1416 2157 1514 2218 addita
1530 2159 1539 2216 i
1555 2155 1582 2214 fit

291 2262 334 2322 uti
361 2269 392 2322 et
420 2269 466 2320 εει
492 2258 710 2328 similitudinis,
740 2258 852 2320 adiecta
882 2277 949 2320 nam
978 2259 1010 2320 lit
1037 2262 1150 2321 utinam
1174 2267 1205 2320 et
1226 2261 1334 2320 transit
1357 2261 1388 2320 in
1412 2257 1580 2348 aduerhipm

189 2385 238 2431 uos,
252 2383 277 2422 sc
291 2361 428 2443 optandi,
451 2370 483 2422 ut
505 2363 616 2424 utinam
640 2362 780 2440 legerem.
825 2361 930 2432 lleia,
955 2381 990 2422 ·s·
1013 2362 1107 2423 irater
1115 2405 1576 2423 ..............

298 2508 690 2526 ............
724 2458 739 2544 ΙΙ
757 2457 816 2524 128
833 2459 844 2544 ΙΙ
861 2462 998 2524 adiuncta
1022 2470 1067 2524 ter
1089 2471 1119 2524 et
1141 2469 1278 2542 correpta
1301 2466 1319 2532 i,
1343 2472 1375 2524 ut
1396 2464 1484 2526 tortis
1506 2461 1580 2528 torn,
1593 2475 1613 2513 a

188 2564 359 2637 murone
392 2565 520 2625 fortiter.
571 2563 736 2636 llultum,
772 2565 896 2633 dormit;
935 2583 1078 2644 parum,
1109 2564 1226 2643 uigilat;
1264 2565 1425 2634 minime,
1461 2563 1581 2626 laborat.

292 2667 410 2728 Minime
433 2673 463 2726 et
485 2667 638 2727 minimum
661 2675 691 2728 et
713 2669 834 2728 minimo
856 2665 935 2728 idem
957 2677 1015 2736 εει,
1045 2666 1098 2728 sed
1129 2667 1249 2728 minime
1273 2673 1369 2746 potest
1392 2685 1458 2728 esse
1480 2666 1581 2727 aduer-

189 2795 238 2840 sos,
252 2795 277 2832 es
293 2769 372 2830 bium
387 2763 530 2847 negandi,
547 2770 624 2830 sicut
639 2779 667 2830 et
683 2787 752 2830 non.
781 2769 969 2838 Forsitan,
986 2769 1068 2848 pluet
1084 2768 1187 2836 hodie:
1211 2769 1224 2830 1
1228 2777 1384 2842 ortasse,
1403 2786 1471 2830 non.
1501 2768 1582 2828 Per-

291 2871 450 2940 sonalia,
475 2871 615 2932 dicuntur
631 2870 705 2932 lraee
727 2869 878 2940 aduerbia,
902 2889 938 2930 eo
961 2870 1040 2950 quod
1064 2889 1206 2950 personas
1228 2870 1433 2932 demonstrant
1455 2877 1484 2931 ει
1506 2887 1581 2930 com·

290 2981 441 3054 ponuntur
469 2991 504 3033 ex
533 2975 670 3052 personis
692 2973 901 3053 pronominum
925 2981 955 3032 et
976 2973 1068 3033 ‘cum’
1092 2973 1319 3054 praepositione.
1364 2969 1463 3033 ‘Cum’
1486 2978 1612 3033 autema

291 3074 435 3137 debuerat
456 3077 614 3155 praeponi,
643 3065 695 3136 scd
724 3092 812 3135 causa
842 3073 1007 3153 euphoniae
1035 3073 1083 3134 lric
1112 3075 1315 3154 postponitur;
1345 3075 1484 3134 sonorius
1506 3073 1579 3133 enim

291 3186 335 3238 est
357 3195 483 3246 mecum,
507 3194 676 3254 quamoum
694 3194 749 3237 me.
795 3177 948 3246 Mecum,
970 3175 1073 3254 legunt
1087 3179 1181 3256 pueri.
1212 3175 1580 3246 Tecum,recordantur.

189 3307 237 3352 aas,
252 3307 276 3344 m
290 3279 434 3348 Secum,
451 3277 535 3340 sedet
555 3276 605 3338 ille
622 3281 650 3338 ·i·
668 3277 758 3340 solus.
801 3277 913 3348 lleus,
938 3277 1177 3356 utVirgilius:

573 3379 682 3450 Heus,
707 3382 877 3450 iuuenes,
902 3387 1111 3441 monstrate
1133 3398 1300 3442 mearum.

290 3483 377 3544 ‘lieu’
401 3480 576 3542 aduerbium
600 3489 645 3542 est
666 3481 892 3561 respondentis,
910 3490 957 3543 ut:
981 3479 1050 3543 ‘heu
1074 3481 1144 3560 quid
1168 3499 1215 3542 me
1239 3483 1318 3543 uisi'
1363 3481 1415 3542 Est
1438 3489 1466 3542 et
1490 3483 1611 3542 roser-a

188 3613 238 3660 aas,
252 3613 278 3651 ιο
291 3585 379 3645 ieetio
394 3582 532 3650 dolentis,
555 3590 587 3643 ut
602 3583 671 3644 ‘heu
688 3582 782 3644 mihi'.
813 3584 1003 3653 Seorsum,
1027 3582 1132 3644 sedent
1145 3584 1294 3652 iuniores;
1316 3586 1442 3643 ‘orsum’
1459 3582 1581 3643 dicimus

289 3688 320 3746 in
344 3691 473 3764 partem,
497 3684 567 3745 inde
589 3687 777 3766 componitur
799 3705 948 3757 seorsum,
973 3686 1002 3745 ·i·
1026 3687 1195 3765 separatim,
1219 3687 1296 3746 sicut
1316 3687 1346 3745 iu
1371 3684 1579 3762 euangelio:

266 3785 332 3846 .Ει
359 3787 506 3866 accepit
533 3804 610 3847 eum
638 3785 813 3848 deturba
837 3805 1015 3848 seorsum.
1061 3787 1208 3858 Quorsum
1231 3803 1365 3866 quoque,
1394 3785 1580 3846 dextrorsum

288 3887 491 3949 sinistrorsum
514 3887 583 3950 inde
606 3899 832 3968 componuntur.
878 3888 1032 3969 Edepol,
1058 3890 1086 3947 ·i·
1111 3907 1164 3968 per
1192 3887 1294 3950 aedem
1318 3888 1457 3956 Pollucis,
1484 3889 1513 3948 ·i·
1530 3904 1580 3966 per

289 3988 432 4070 templum
455 3989 593 4052 Pollucis.
639 3991 777 4060 Castor,
801 4009 856 4071 per
878 3990 999 4052 domum
1022 3991 1161 4052 Castoris.
1205 3990 1308 4052 Castor
1336 3997 1365 4050 ει
1393 3987 1497 4050 Pollux
1523 3988 1612 4050 duca

289 4093 398 4154 iratres
425 4091 546 4153 luerunt
573 4091 626 4155 filii
649 4092 740 4162 louis,
770 4112 824 4174 per
846 4111 921 4173 quos
943 4093 1056 4171 antiqui
1078 4091 1223 4153 iurabant.
1269 4079 1305 4152 Et
1326 4075 1397 4153 sunt
1418 4092 1530 4170 gemini
1550 4091 1579 4150 io

290 4193 387 4263 caelo,
413 4196 441 4254 ·i·
465 4194 563 4254 clarae
584 4194 696 4256 stellae.
741 4194 891 4264 llercle,
909 4196 938 4254 ·i·
956 4211 1010 4272 per
1025 4193 1192 4268 Herculem,
1215 4194 1267 4274 qui
1290 4202 1334 4254 est
1355 4192 1578 4260 mediusfidius,

289 4619 324 4682 cs.
344 4621 375 4668 15
479 4621 510 4670 19
529 4619 592 4670 Ροει
610 4619 686 4668 irater
703 4622 800 4686 aliquot
817 4621 899 4670 lineae
917 4621 982 4670 adeo
999 4621 1135 4684 putredine
1153 4619 1304 4670 obumtratus
1326 4625 1398 4677 sunt,
1421 4626 1447 4669 ut
1466 4621 1516 4670 iam
1533 4618 1579 4684 iepi
1661 4661 1662 4674 ,

290 4695 429 4750 nequeant:
448 4689 474 4736 in
491 4689 534 4749 iis,
555 4703 619 4754 qaue
636 4704 662 4752 p.
682 4691 732 4740 128
748 4688 865 4754 proxime
883 4694 1088 4752 antecesserunt,
1107 4690 1139 4739 de
1156 4685 1286 4739 adoerdiis
1303 4689 1435 4754 qualitatis
1452 4703 1488 4738 aa
1505 4688 1577 4738 notui·
1661 4717 1662 4732 ι

290 4751 362 4803 »som
379 4755 512 4805 adieetiuie
529 4757 632 4807 diuma
650 4757 804 4808 terminandi
818 4757 919 4808 ratione
936 4756 1146 4808 descendentibus
1162 4763 1245 4807 nomm
1259 4755 1341 4819 sotsac
1362 4763 1444 4821 potet.
1547 4755 1576 4806 at

289 4817 405 4890 minime]
424 4824 458 4887 rs.
476 4823 543 4877 Dosa.
559 4839 586 4888 p.
605 4827 667 4890 362,
685 4827 719 4875 28
736 4841 790 4875 eam
807 4825 894 4876 udout.
963 4825 996 4875 28
1013 4820 1150 4891 Virgilius]
1171 4826 1237 4878 Aen.
1255 4823 1272 4875 1
1292 4825 1344 4876 321

359 4485 371 4532 1
391 4483 479 4534 Prima
495 4484 605 4549 popinae
624 4485 674 4532 127
692 4483 770 4534 uerbo
785 4483 923 4548 putredine
940 4483 1114 4548 deperierunt.
1200 4477 1323 4549 dpoeta]
1353 4483 1431 4548 Ver-p.
1452 4481 1518 4538 Aen.
1540 4479 1579 4532 VI

292 4551 339 4600 791
410 4553 439 4601 11
461 4551 522 4601 Post
540 4551 661 4601 adiierbia
680 4551 778 4602 numeri
796 4553 915 4602 nonnula
932 4552 1011 4602 cerda
1033 4557 1201 4610 euaauerunt,
1218 4549 1346 4612 sortasse:
1366 4549 1444 4601 semel
1466 4551 1499 4600 ub
1523 4565 1577 4608 uno,
