3308 5542
617 365 702 420 con.
719 363 824 418 onan.
846 369 903 417 123.
1293 345 1409 428 nxxrn

144 557 214 616 Ea:
257 557 397 630 reliqna
429 561 497 614 orte
527 555 604 614 iaec
636 571 803 631 excerpere
827 555 964 632 placuit,
999 571 1078 630 quae
1105 573 1125 615 a
1152 556 1272 616 Donato
1292 559 1409 633 passim

49 659 230 718 recedam!
237 677 246 714 :

142 755 161 840 Ι)
186 761 262 819 32·
286 755 305 840 1)
333 761 472 836 Numquid
496 761 567 818 aiind
591 761 687 820 accidit
710 761 764 842 iliis
788 757 837 837 (sc.
862 761 1031 836 uocalibus)i
1061 763 1166 839 Vtique.
1195 761 1283 830 Quid?
1313 765 1410 839 ther

51 866 80 904 se
105 847 273 922 syliabam
306 847 424 903 saciant.
457 844 619 913 Quomodo‘l
648 849 700 904 dra
723 864 809 922 egens
832 850 888 904 itur
903 865 973 922 opus
990 865 1069 906 nnus.
1107 847 1247 906 Acciditne
1262 849 1305 906 his
1320 849 1410 906 alindl

53 933 168 990 Accidit
197 932 370 1006 equidem.
417 929 505 999 Quidi
529 932 562 988 Vt
585 931 641 989 sint
662 931 808 990 dichronae
833 928 975 1010 (dicrone),
998 933 1069 990 idest
1091 935 1225 1008 ancipites
1249 929 1410 1010 (ancipites).

53 1017 243 1086 Quomodo?
273 1015 355 1073 Nam
380 1026 408 1073 ct
430 1017 531 1092 corripi
554 1026 581 1075 et
603 1017 718 1092 produci
733 1027 859 1092 possunt.
894 1017 927 1073 iia
944 1017 1075 1093 exempla.
1112 1017 1158 1075 Est
1175 1021 1246 1076 enim
1269 1037 1284 1076 a
1306 1019 1411 1089 breuis,

55 1113 84 1158 ot
107 1103 278 1174 †abmo,
315 1101 405 1175 longa
430 1111 552 1172 tuarum,
577 1103 617 1159 sic
638 1101 727 1176 eregit
749 1105 818 1175 erit,
849 1105 906 1159 itur
929 1103 1009 1174 item,
1038 1120 1116 1160 omont
1147 1120 1233 1178 opus,
1262 1097 1333 1161 unus
1357 1105 1410 1162 unt.

56 1189 201 1245 Putamus
238 1187 370 1262 aliquid
396 1186 460 1261 pius
489 1187 610 1244 accidere
633 1181 729 1262 (acce)
758 1187 919 1245 uocaiibnsi
962 1187 1078 1245 Putatur
1106 1188 1225 1263 quidem.
1269 1188 1339 1258 Quid
1368 1197 1411 1246 cst

58 1275 146 1330 nnat
200 1271 304 1339 Quod
331 1270 414 1346 (quo)
438 1271 481 1328 his
503 1271 571 1330 sniis
594 1275 707 1347 aspirari
731 1289 813 1348 posse
836 1281 962 1348 putamus
986 1267 1168 1350 (possemus),
1197 1283 1228 1332 ut
1251 1275 1328 1332 hasta
1351 1274 1410 1330 heri

58 1363 155 1416 hircus
183 1359 292 1414 homo
320 1357 436 1414 humus.
480 1359 660 1432 lisplratarne
682 1357 916 1416 consonantibus?
959 1361 1104 1433 Aspiratnr
1126 1360 1245 1434 quidem,
1267 1360 1315 1417 sed
1339 1377 1411 1417 raro.

58 1447 91 1501 ita
114 1443 320 1519 exemplum.
371 1439 504 1516 Trachia,
527 1441 654 1500 thronos.

145 1614 232 1684 Quid
270 1628 391 1669 nomen
422 1611 547 1668 litterae?
590 1611 650 1680 Quo
679 1621 810 1683 uocatur,
833 1623 864 1670 ut
886 1613 1034 1672 abcde.
1078 1613 1161 1671 Cuius
1190 1624 1255 1672 sunt
1284 1615 1410 1688 generis?

61 1701 168 1756 icutri.
207 1699 316 1755 Cuius
342 1704 414 1754 sunt
436 1695 559 1754 iormael
586 1697 706 1755 Casuaiis
729 1705 850 1772 aptotae.
894 1699 1091 1756 diciturenim
1114 1700 1361 1773 l·1oca,hninsa
1384 1710 1412 1756 et

64 1785 182 1860 reliqna.
238 1783 334 1851 Quae
363 1789 408 1838 est
430 1781 517 1852 figura
541 1781 711 1856 (figurarum)
734 1783 906 1841 litterarum?
942 1783 1096 1858 caractere,
1119 1785 1219 1859 quibus
1241 1785 1411 1857 scribuntur,

65 1880 92 1926 ut
113 1866 155 1942 n,
180 1871 239 1946 qui
270 1875 332 1926 aut
359 1864 467 1923 uocalis
489 1875 536 1924 aut
557 1869 743 1926 consonantis.
789 1868 857 1937 Quid
881 1878 925 1925 est
946 1871 1019 1926 inter
1041 1869 1175 1927 elementa
1197 1869 1266 1943 (eli)
1289 1881 1317 1928 et
1338 1870 1412 1927 iitte·

69 1974 124 2012 ram
155 1955 238 2028 (-a)?
296 1952 479 2010 Elementum
508 1969 593 2010 sonus
621 1955 668 2027 qui
696 1970 745 2030 per
775 1954 883 2010 litteras
912 1955 1099 2029 cognoscitur.
1149 1952 1218 2021 Quid
1247 1950 1315 2030 (qui)
1344 1973 1411 2030 ergo

70 2059 150 2105 munt
174 2045 336 2105 iitteraei
377 2043 448 2102 Nota
472 2061 523 2118 qua
547 2063 632 2104 sonus
655 2046 824 2122 exprimitur.
865 2035 1057 2110 hactemus
1077 2036 1119 2110 δε
1139 2042 1272 2111 liuentis
1293 2061 1412 2112 murce

72 2147 111 2212 δε
129 2141 320 2314 Ξᾎιιΐιίιῗ
337 2235 398 2296 32⁵
419 2238 676 2300 decommuailus
690 2240 813 2317 syllabis
828 2241 980 2311 dicuntur,
1003 2245 1148 2318 lepnnlur
1167 2243 1277 2302 eisdem
1300 2243 1413 2303 additis
1477 2271 1484 2288 ·

74 2347 230 2420 exemplis
254 2341 364 2418 apud
385 2338 504 2399 Beatam
521 2357 557 2414 p.
582 2348 660 2400 2352
680 2359 742 2417 seq.
766 2343 801 2402 P.

172 2463 177 2546 )
197 2465 219 2521 1.
241 2457 319 2522 34¹¹
342 2457 358 2539 Ι)
384 2459 435 2534 (cs.
451 2461 525 2520 Bon.
537 2479 568 2535 p.
585 2466 650 2535 371,
670 2462 728 2535 25).
773 2463 844 2531 Quot
867 2483 912 2522 res
935 2465 1100 2522 conturbant
1122 2465 1209 2540 legem
1233 2468 1412 2524 accentuum?

78 2551 118 2607 111.
155 2550 263 2618 Quae?
308 2547 463 2604 distinctio
490 2548 680 2621 pronuntiatio
708 2549 847 2606 discretio.
892 2550 1036 2608 distinctio
1065 2552 1201 2626 quomodo
1226 2551 1336 2608 turbati
1380 2551 1412 2607 Vt

79 2638 169 2710 stqms
194 2637 283 2693 dicat
307 2631 471 2691 malesanus
499 2649 550 2708 pro
578 2631 749 2705 malcolinus,
778 2635 882 2692 interea
910 2635 962 2693 ioci
990 2653 1041 2710 pro
1070 2636 1200 2692 inteream
1224 2635 1276 2709 (=
1298 2635 1411 2712 intereo)

82 2721 144 2777 ioci.
192 2717 415 2778 Pronuntiatio
437 2718 594 2790 quomodo?
623 2719 656 2774 Vt
678 2735 739 2776 cum
762 2719 853 2778 dicere
877 2719 1022 2778 debeamus
1045 2720 1163 2778 latebras
1185 2721 1319 2794 (lateras),
1341 2722 1411 2778 dica·

81 2824 142 2862 anns
163 2805 326 2876 latebras,
354 2811 386 2858 ut
409 2801 545 2876 quidam
568 2803 595 2860 in
620 2819 718 2860 uersu:

492 2888 678 2962 Argolicas
702 2889 848 2946 foedare
871 2889 1029 2948 latebras

83 2979 121 3048 {in
146 2994 223 3034 uesu
250 2973 404 3049 argolicas
427 2972 564 3048 federare,
594 2973 677 3048 Vcrp.
695 2976 765 3030 Aen.
781 2974 819 3030 ll
837 2973 888 3048 55)
910 3017 1094 3034 ......
1123 2976 1170 3033 Est
1191 2975 1243 3034 aiia
1266 2994 1321 3050 res,
1344 2995 1412 3051 quae

86 3063 155 3120 lianc
179 3063 283 3136 tegens
309 3058 423 3116 uioleti
450 3057 520 3114 Sunt
542 3059 665 3134 equidem
689 3059 732 3116 1111
755 3059 919 3135 particulae,
943 3079 1019 3136 quas
1034 3061 1172 3135 quidam
1194 3064 1411 3137 pronuntiationi

88 3149 252 3221 applicant,
279 3144 360 3201 idest
383 3157 438 3218 que
461 3159 495 3199 ue
517 3161 552 3200 ne
574 3161 613 3202 ce.
658 3141 819 3211 Quomodo?
863 3146 971 3221 Cogunt
993 3141 1103 3222 (cogun)
1128 3149 1198 3204 onim
1222 3157 1362 3205 accentum
1385 3151 1412 3204 in

90 3232 219 3288 ultimam
236 3237 347 3288 contra
363 3227 452 3302 legem
469 3230 747 3302 uansirecum(cum
764 3229 1039 3304 consubstantians.
1077 3233 1111 3288 iia
1135 3231 1266 3308 exempla.
1309 3233 1414 3289 Dictus·

91 3335 145 3389 que
168 3319 322 3374 doctusue
347 3313 483 3370 doctusne
505 3313 643 3372 doctusce.
1067 3323 1071 3331 '

181 3483 196 3560 ἶ)
218 3484 323 3543 135·
342 3476 356 3561 ΙΙ
380 3484 522 3542 distinctio
545 3484 590 3541 ubi
613 3443 738 3560 ponenda
761 3444 887 3542 131111
910 3485 963 3543 ime
986 3489 1148 3544 sententiae.
1192 3487 1227 3544 [ia
1250 3488 1411 3562 exemplum.

256 3569 378 3626 Cordo
401 3569 516 3644 patris
539 3573 696 3642 genitum
719 3580 816 3628 creat
838 3579 872 3627 ot
895 3573 988 3645 regit
1011 3574 1124 3629 omnia
1149 3572 1300 3628 uerbum.

184 3741 347 3814 Hucusque
370 3739 404 3796 de
425 3739 568 3814 posituris.
605 3739 679 3797 Nunc
701 3742 734 3797 dc
757 3743 904 3816 gramatica
927 3741 1055 3800 dicamus.
1092 3738 1243 3799 dramatico
1267 3743 1331 3817 quid
1353 3744 1414 3800 esti

99 3827 219 3884 Seieutia
252 3832 335 3881 recte
365 3823 495 3898 loquendi
518 3834 545 3881 et
567 3827 647 3899 origo
670 3843 702 3882 ac
724 3826 926 3884 lundamentmn
955 3823 1105 3884 liberalium
1129 3823 1410 3902 (insinuatarum.

101 3911 277 3969 lteiiniturne
294 3909 395 3966 aliteri
418 3909 546 3966 lleiinitur
562 3909 666 3967 scilicet
688 3911 721 3968 ab
744 3911 844 3968 officio.
879 3910 1039 3979 Quomodo?
1062 3913 1212 3970 Gramatica
1235 3921 1277 3970 est
1299 3914 1412 3971 scicntia

101 3995 311 4072 interpretandi
340 4001 438 4070 poetas
465 4003 546 4068 atquo
574 3997 707 4052 retoricos
735 4004 763 4052 et
791 4006 865 4054 recte
894 3997 1029 4054 scribendi
1057 3997 1242 4073 loquendique
1270 3999 1340 4055 ratio
1363 3998 1413 4071 (cs.

1 4093 2 4146 1
102 4082 229 4139 ‚dadai
252 4079 401 4138 Victorini
418 4095 541 4152 promor.
563 4098 593 4153 p.
616 4085 684 4138 1937
702 4081 730 4137 P
749 4089 776 4138 el
800 4080 951 4139 Clementis
973 4081 1051 4138 Scali
1069 4083 1181 4155 praefi,
1203 4085 1297 4156 qualis
1319 4091 1361 4140 est
1383 4087 1412 4140 in

102 4171 199 4225 codice
216 4167 439 4238 Bnmlrerpeosi
458 4183 476 4220 a
491 4165 583 4222 Keilio
605 4169 634 4222 ia
656 4181 757 4240 propr.
773 4167 895 4241 Erlcap.
911 4169 1003 4240 edito,
1022 4185 1055 4239 p.
1074 4173 1118 4239 13,
1135 4171 1173 4225 26
1188 4165 1268 4244 seq).
1299 4167 1412 4236 Quando

103 4264 209 4328 reperta
234 4251 301 4310 esti
347 4250 445 4306 Statim
473 4259 537 4324 post
564 4251 672 4309 litteras
699 4269 857 4310 communes
880 4252 1043 4325 (commune)
1071 4260 1102 4310 ut
1125 4255 1176 4309 lam
1200 4254 1246 4328 qni
1269 4254 1413 4311 didicerint

104 4337 187 4414 {iteri-i
218 4336 353 4408 litteras,
380 4351 431 4410 per
453 4353 510 4393 eam
534 4333 585 4414 (ea)
608 4345 683 4394 recte
711 4338 841 4413 loquendi
869 4340 1002 4395 rationem
1025 4337 1075 4411 (e)
1102 4341 1218 4396 scirent*
1232 4338 1283 4412 (cs.
1306 4340 1415 4413 isidori

1 4420 2 4426 '
106 4427 171 4496 arip.
197 4423 218 4480 l
238 4429 279 4494 5,
305 4421 345 4494 l).
389 4419 463 4478 Vnde
485 4437 584 4480 nomen
606 4424 711 4497 accepit
733 4424 908 4496 grammatica
930 4423 1091 4499 (gramma)l
1119 4423 1267 4497 dlitteris,
1284 4429 1411 4499 quoniam

108 4511 149 4564 ias
171 4509 276 4566 Graeci
299 4515 425 4582 granata
448 4507 541 4564 dicunt
562 4505 612 4582 (cs.
635 4507 704 4566 Keil
723 4509 743 4564 l.
766 4509 785 4564 l.
811 4513 860 4580 1³,
884 4508 941 4581 30).
987 4513 1037 4565 Ars
1065 4518 1155 4566 autem
1183 4511 1255 4567 undo
1280 4511 1412 4568 uocatur?

109 4593 169 4660 sicia
197 4595 274 4652 artis
303 4593 462 4668 praeceptis
489 4593 648 4668 regulisque
672 4594 807 4651 consistit.
851 4595 997 4670 Disciplina
1019 4591 1066 4670 (e)
1090 4604 1180 4652 autem
1204 4596 1275 4654 uude
1297 4596 1412 4654 dicitnr?

112 4679 284 4750 nomio,
314 4680 381 4752 quia
409 4695 490 4736 nemo
518 4687 643 4736 nostrum
671 4680 723 4736 scit
744 4678 802 4751 (sit)
825 4679 878 4736 nisi
902 4680 949 4756 qui
972 4680 1060 4736 discit.
1106 4680 1179 4738 iotet·
1201 4691 1287 4738 artem
1310 4689 1338 4738 ct
1360 4683 1413 4736 dis·

113 4765 232 4839 npiinaua
249 4763 304 4837 (-a)
320 4763 390 4838 quid
412 4762 513 4820 dictati
535 4766 586 4822 Ars
608 4766 680 4821 enim
703 4772 745 4820 est
768 4767 794 4822 in
818 4764 878 4838 his,
900 4781 969 4840 quae
991 4783 1020 4822 se
1044 4776 1071 4821 et
1093 4765 1172 4823 aliter
1194 4765 1295 4824 habere
1319 4763 1413 4840 (aberi)

116 4861 239 4922 possam,
270 4848 421 4924 disciplina
443 4863 509 4906 uero
533 4849 588 4924 (ne)
611 4849 643 4906 dc
666 4849 709 4906 itis
731 4850 788 4924 agit
811 4849 908 4923 (aget),
939 4867 1008 4924 quae
1037 4852 1117 4908 aliter
1139 4855 1248 4910 euenire
1271 4867 1325 4906 non
1349 4869 1412 4925 pos·

180 4957 282 4996 tium.
298 4963 356 4994 aar.
370 4953 453 4994 sumn.
1194 4966 1209 4999 ο
