<?xml version="1.0" encoding="UTF-8"?>
<!DOCTYPE html PUBLIC "-//W3C//DTD XHTML 1.0 Transitional//EN"
    "http://www.w3.org/TR/xhtml1/DTD/xhtml1-transitional.dtd">
<html xmlns="http://www.w3.org/1999/xhtml" xml:lang="en" lang="en">
 <head>
  <title>
</title>
<meta http-equiv="Content-Type" content="text/html;charset=utf-8" />
  <meta name='ocr-system' content='tesseract 3.04.00' />
  <meta name='ocr-capabilities' content='ocr_page ocr_carea ocr_par ocr_line ocrx_word'/>
</head>
<body>
  <div class='ocr_page' id='page_1' title='image "./anecdotahelveti00hagegoog_0397.png"; bbox 0 0 3316 5566; ppageno 0'>
   <div class='ocr_carea' id='block_1_1' title="bbox 300 357 1079 425">
    <p class='ocr_par' dir='ltr' id='par_1_1' title="bbox 300 357 1079 425">
     <span class='ocr_line' id='line_1_1' title="bbox 300 357 1079 425; baseline -0.001 -14"><span class='ocrx_word' id='word_1_1' title='bbox 300 359 359 425; x_wconf 82' lang='grc'><strong>126</strong></span> <span class='ocrx_word' id='word_1_2' title='bbox 815 359 884 412; x_wconf 80' lang='lat' dir='ltr'><strong>aits</strong></span> <span class='ocrx_word' id='word_1_3' title='bbox 903 357 1079 412; x_wconf 72' lang='lat' dir='ltr'><strong>amomum</strong></span> 
     </span>
    </p>
   </div>
   <div class='ocr_carea' id='block_1_2' title="bbox 291 545 1647 4289">
    <p class='ocr_par' dir='ltr' id='par_1_2' title="bbox 296 545 1603 1139">
     <span class='ocr_line' id='line_1_2' title="bbox 298 545 1580 618; baseline -0.004 -8"><span class='ocrx_word' id='word_1_4' title='bbox 298 549 503 611; x_wconf 78' lang='lat' dir='ltr'><strong>declinationis</strong></span> <span class='ocrx_word' id='word_1_5' title='bbox 526 552 556 610; x_wconf 92' lang='lat' dir='ltr'><strong>io</strong></span> <span class='ocrx_word' id='word_1_6' title='bbox 580 567 615 610; x_wconf 95' lang='lat' dir='ltr'><strong>us</strong></span> <span class='ocrx_word' id='word_1_7' title='bbox 637 547 816 618; x_wconf 79' lang='lat' dir='ltr'><strong>desinentia,</strong></span> <span class='ocrx_word' id='word_1_8' title='bbox 840 555 873 607; x_wconf 93' lang='lat' dir='ltr'><strong>ut</strong></span> <span class='ocrx_word' id='word_1_9' title='bbox 894 545 967 606; x_wconf 85' lang='lat' dir='ltr'><strong>laaec</strong></span> <span class='ocrx_word' id='word_1_10' title='bbox 990 563 1065 608; x_wconf 88' lang='lat' dir='ltr'><strong>auus</strong></span> <span class='ocrx_word' id='word_1_11' title='bbox 1084 547 1172 609; x_wconf 91' lang='lat' dir='ltr'><strong>buius</strong></span> <span class='ocrx_word' id='word_1_12' title='bbox 1194 566 1284 618; x_wconf 85' lang='lat' dir='ltr'><strong>anus,</strong></span> <span class='ocrx_word' id='word_1_13' title='bbox 1307 546 1382 608; x_wconf 91' lang='lat' dir='ltr'><strong>baec</strong></span> <span class='ocrx_word' id='word_1_14' title='bbox 1404 566 1492 611; x_wconf 89' lang='lat' dir='ltr'><strong>nurus</strong></span> <span class='ocrx_word' id='word_1_15' title='bbox 1511 545 1580 608; x_wconf 87' lang='lat' dir='ltr'><strong>baec</strong></span> 
     </span>
     <span class='ocr_line' id='line_1_3' title="bbox 301 647 1581 729; baseline -0.003 -17"><span class='ocrx_word' id='word_1_16' title='bbox 301 670 405 712; x_wconf 84' lang='lat' dir='ltr'><strong>socrus</strong></span> <span class='ocrx_word' id='word_1_17' title='bbox 428 651 501 712; x_wconf 90' lang='lat' dir='ltr'><strong>baec</strong></span> <span class='ocrx_word' id='word_1_18' title='bbox 524 650 622 712; x_wconf 91' lang='lat' dir='ltr'><strong>tribus</strong></span> <span class='ocrx_word' id='word_1_19' title='bbox 644 649 718 710; x_wconf 91' lang='lat' dir='ltr'><strong>baec</strong></span> <span class='ocrx_word' id='word_1_20' title='bbox 741 649 873 729; x_wconf 89' lang='lat' dir='ltr'><strong>porticus</strong></span> <span class='ocrx_word' id='word_1_21' title='bbox 896 647 969 708; x_wconf 90' lang='lat' dir='ltr'><strong>baec</strong></span> <span class='ocrx_word' id='word_1_22' title='bbox 991 665 1061 709; x_wconf 87' lang='lat' dir='ltr'><strong>ecus</strong></span> <span class='ocrx_word' id='word_1_23' title='bbox 1083 648 1157 709; x_wconf 88' lang='lat' dir='ltr'><strong>baec</strong></span> <span class='ocrx_word' id='word_1_24' title='bbox 1179 649 1285 712; x_wconf 90' lang='lat' dir='ltr'><strong>domus</strong></span> <span class='ocrx_word' id='word_1_25' title='bbox 1315 649 1372 711; x_wconf 89' lang='lat' dir='ltr'><strong>hae</strong></span> <span class='ocrx_word' id='word_1_26' title='bbox 1400 649 1463 711; x_wconf 90' lang='lat' dir='ltr'><strong>idus</strong></span> <span class='ocrx_word' id='word_1_27' title='bbox 1488 649 1581 710; x_wconf 89' lang='lat' dir='ltr'><strong>iduum</strong></span> 
     </span>
     <span class='ocr_line' id='line_1_4' title="bbox 297 749 1581 830; baseline -0.004 -16"><span class='ocrx_word' id='word_1_28' title='bbox 297 753 395 815; x_wconf 88' lang='lat' dir='ltr'><strong>idibus</strong></span> <span class='ocrx_word' id='word_1_29' title='bbox 418 753 485 814; x_wconf 91' lang='lat' dir='ltr'><strong>idus</strong></span> <span class='ocrx_word' id='word_1_30' title='bbox 507 753 575 814; x_wconf 89' lang='lat' dir='ltr'><strong>idus</strong></span> <span class='ocrx_word' id='word_1_31' title='bbox 597 751 633 813; x_wconf 92' lang='lat' dir='ltr'><strong>ab</strong></span> <span class='ocrx_word' id='word_1_32' title='bbox 657 749 763 813; x_wconf 90' lang='lat' dir='ltr'><strong>idibus.</strong></span> <span class='ocrx_word' id='word_1_33' title='bbox 808 749 871 810; x_wconf 91' lang='lat' dir='ltr'><strong>lloc</strong></span> <span class='ocrx_word' id='word_1_34' title='bbox 895 767 1002 812; x_wconf 81' lang='lat' dir='ltr'><strong>rtomen</strong></span> <span class='ocrx_word' id='word_1_35' title='bbox 1025 749 1216 829; x_wconf 80' lang='lat' dir='ltr'><strong>singulariter</strong></span> <span class='ocrx_word' id='word_1_36' title='bbox 1239 769 1298 812; x_wconf 90' lang='lat' dir='ltr'><strong>noo</strong></span> <span class='ocrx_word' id='word_1_37' title='bbox 1321 750 1496 820; x_wconf 89' lang='lat' dir='ltr'><strong>declinatur,</strong></span> <span class='ocrx_word' id='word_1_38' title='bbox 1516 753 1581 830; x_wconf 85' lang='lat' dir='ltr'><strong>quia</strong></span> 
     </span>
     <span class='ocr_line' id='line_1_5' title="bbox 298 850 1581 933; baseline -0.004 -17"><span class='ocrx_word' id='word_1_39' title='bbox 298 873 356 916; x_wconf 91' lang='lat' dir='ltr'><strong>noo</strong></span> <span class='ocrx_word' id='word_1_40' title='bbox 381 872 472 916; x_wconf 92' lang='lat' dir='ltr'><strong>unum</strong></span> <span class='ocrx_word' id='word_1_41' title='bbox 496 853 590 924; x_wconf 85' lang='lat' dir='ltr'><strong>diem,</strong></span> <span class='ocrx_word' id='word_1_42' title='bbox 619 852 669 915; x_wconf 91' lang='lat' dir='ltr'><strong>sed</strong></span> <span class='ocrx_word' id='word_1_43' title='bbox 699 850 799 932; x_wconf 85' lang='lat' dir='ltr'><strong>piures</strong></span> <span class='ocrx_word' id='word_1_44' title='bbox 822 851 982 930; x_wconf 86' lang='lat' dir='ltr'><strong>significat:</strong></span> <span class='ocrx_word' id='word_1_45' title='bbox 1016 869 1082 912; x_wconf 92' lang='lat' dir='ltr'><strong>nam</strong></span> <span class='ocrx_word' id='word_1_46' title='bbox 1111 852 1178 913; x_wconf 91' lang='lat' dir='ltr'><strong>idus</strong></span> <span class='ocrx_word' id='word_1_47' title='bbox 1206 872 1259 933; x_wconf 91' lang='lat' dir='ltr'><strong>per</strong></span> <span class='ocrx_word' id='word_1_48' title='bbox 1286 852 1515 933; x_wconf 84' lang='lat' dir='ltr'><strong>conpositionem</strong></span> <span class='ocrx_word' id='word_1_49' title='bbox 1539 855 1581 912; x_wconf 87' lang='lat' dir='ltr'><strong>sir</strong></span> 
     </span>
     <span class='ocr_line' id='line_1_6' title="bbox 298 953 1603 1034; baseline -0.003 -16"><span class='ocrx_word' id='word_1_50' title='bbox 298 957 447 1025; x_wconf 85' lang='lat' dir='ltr'><strong>dicuntur,</strong></span> <span class='ocrx_word' id='word_1_51' title='bbox 472 955 555 1033; x_wconf 90' lang='lat' dir='ltr'><strong>quasi</strong></span> <span class='ocrx_word' id='word_1_52' title='bbox 577 957 609 1016; x_wconf 80' lang='lat' dir='ltr'><strong>‘ii</strong></span> <span class='ocrx_word' id='word_1_53' title='bbox 632 953 719 1014; x_wconf 87' lang='lat' dir='ltr'><strong>dies’.</strong></span> <span class='ocrx_word' id='word_1_54' title='bbox 764 954 837 1014; x_wconf 90' lang='lat' dir='ltr'><strong>item</strong></span> <span class='ocrx_word' id='word_1_55' title='bbox 859 955 993 1032; x_wconf 90' lang='lat' dir='ltr'><strong>quinque</strong></span> <span class='ocrx_word' id='word_1_56' title='bbox 1017 954 1137 1015; x_wconf 92' lang='lat' dir='ltr'><strong>nomina</strong></span> <span class='ocrx_word' id='word_1_57' title='bbox 1160 955 1301 1016; x_wconf 77' lang='lat' dir='ltr'><strong>feminina</strong></span> <span class='ocrx_word' id='word_1_58' title='bbox 1324 963 1408 1024; x_wconf 88' lang='lat' dir='ltr'><strong>suut,</strong></span> <span class='ocrx_word' id='word_1_59' title='bbox 1435 973 1506 1034; x_wconf 90' lang='lat' dir='ltr'><strong>quaa</strong></span> <span class='ocrx_word' id='word_1_60' title='bbox 1525 961 1603 1014; x_wconf 59' lang='lat' dir='ltr'><strong>mant</strong></span> 
     </span>
     <span class='ocr_line' id='line_1_7' title="bbox 296 1053 1581 1139; baseline 0.002 -19"><span class='ocrx_word' id='word_1_61' title='bbox 296 1069 419 1139; x_wconf 88' lang='lat' dir='ltr'><strong>quartae</strong></span> <span class='ocrx_word' id='word_1_62' title='bbox 448 1074 535 1135; x_wconf 91' lang='lat' dir='ltr'><strong>quam</strong></span> <span class='ocrx_word' id='word_1_63' title='bbox 566 1056 714 1118; x_wconf 85' lang='lat' dir='ltr'><strong>secundae</strong></span> <span class='ocrx_word' id='word_1_64' title='bbox 737 1054 944 1116; x_wconf 88' lang='lat' dir='ltr'><strong>declinationis</strong></span> <span class='ocrx_word' id='word_1_65' title='bbox 966 1053 1129 1125; x_wconf 86' lang='lat' dir='ltr'><strong>habentur,</strong></span> <span class='ocrx_word' id='word_1_66' title='bbox 1151 1055 1209 1117; x_wconf 91' lang='lat' dir='ltr'><strong>boc</strong></span> <span class='ocrx_word' id='word_1_67' title='bbox 1232 1066 1277 1117; x_wconf 91' lang='lat' dir='ltr'><strong>est</strong></span> <span class='ocrx_word' id='word_1_68' title='bbox 1298 1059 1419 1118; x_wconf 89' lang='lat' dir='ltr'><strong>nomina</strong></span> <span class='ocrx_word' id='word_1_69' title='bbox 1442 1055 1581 1122; x_wconf 88' lang='lat' dir='ltr'><strong>arborum,</strong></span> 
     </span>
    </p>

    <p class='ocr_par' dir='ltr' id='par_1_3' title="bbox 296 1156 1615 1644">
     <span class='ocr_line' id='line_1_8' title="bbox 299 1156 1582 1239; baseline -0.005 -17"><span class='ocrx_word' id='word_1_70' title='bbox 299 1170 332 1222; x_wconf 89' lang='lat' dir='ltr'><strong>ut</strong></span> <span class='ocrx_word' id='word_1_71' title='bbox 355 1166 437 1222; x_wconf 89' lang='lat' dir='ltr'><strong>sunt:</strong></span> <span class='ocrx_word' id='word_1_72' title='bbox 461 1161 548 1239; x_wconf 93' lang='lat' dir='ltr'><strong>pinus</strong></span> <span class='ocrx_word' id='word_1_73' title='bbox 571 1156 671 1218; x_wconf 90' lang='lat' dir='ltr'><strong>laurus</strong></span> <span class='ocrx_word' id='word_1_74' title='bbox 694 1175 821 1236; x_wconf 90' lang='lat' dir='ltr'><strong>quercus</strong></span> <span class='ocrx_word' id='word_1_75' title='bbox 843 1173 954 1218; x_wconf 89' lang='lat' dir='ltr'><strong>cornus</strong></span> <span class='ocrx_word' id='word_1_76' title='bbox 976 1157 1057 1218; x_wconf 87' lang='lat' dir='ltr'><strong>licus.</strong></span> <span class='ocrx_word' id='word_1_77' title='bbox 1096 1157 1168 1218; x_wconf 91' lang='lat' dir='ltr'><strong>item</strong></span> <span class='ocrx_word' id='word_1_78' title='bbox 1183 1157 1428 1236; x_wconf 87' lang='lat' dir='ltr'><strong>interrogandum</strong></span> <span class='ocrx_word' id='word_1_79' title='bbox 1452 1167 1501 1226; x_wconf 86' lang='lat' dir='ltr'><strong>est.</strong></span> <span class='ocrx_word' id='word_1_80' title='bbox 1515 1174 1582 1234; x_wconf 93' lang='lat' dir='ltr'><strong>quo·</strong></span> 
     </span>
     <span class='ocr_line' id='line_1_9' title="bbox 297 1256 1583 1340; baseline -0.005 -17"><span class='ocrx_word' id='word_1_81' title='bbox 297 1263 385 1324; x_wconf 91' lang='lat' dir='ltr'><strong>modo</strong></span> <span class='ocrx_word' id='word_1_82' title='bbox 408 1260 619 1321; x_wconf 87' lang='lat' dir='ltr'><strong>discernuntur</strong></span> <span class='ocrx_word' id='word_1_83' title='bbox 642 1258 696 1321; x_wconf 89' lang='lat' dir='ltr'><strong>alia</strong></span> <span class='ocrx_word' id='word_1_84' title='bbox 719 1261 838 1322; x_wconf 90' lang='lat' dir='ltr'><strong>nomina</strong></span> <span class='ocrx_word' id='word_1_85' title='bbox 862 1266 984 1337; x_wconf 83' lang='lat' dir='ltr'><strong>quartae</strong></span> <span class='ocrx_word' id='word_1_86' title='bbox 1007 1257 1214 1322; x_wconf 87' lang='lat' dir='ltr'><strong>declinationis</strong></span> <span class='ocrx_word' id='word_1_87' title='bbox 1236 1261 1403 1340; x_wconf 85' lang='lat' dir='ltr'><strong>participiis</strong></span> <span class='ocrx_word' id='word_1_88' title='bbox 1424 1258 1524 1320; x_wconf 89' lang='lat' dir='ltr'><strong>simdia</strong></span> <span class='ocrx_word' id='word_1_89' title='bbox 1548 1256 1583 1317; x_wconf 87' lang='lat' dir='ltr'><strong>ab</strong></span> 
     </span>
     <span class='ocr_line' id='line_1_10' title="bbox 297 1358 1583 1440; baseline -0.004 -17"><span class='ocrx_word' id='word_1_90' title='bbox 297 1362 360 1434; x_wconf 86' lang='lat' dir='ltr'><strong>his,</strong></span> <span class='ocrx_word' id='word_1_91' title='bbox 384 1361 493 1440; x_wconf 88' lang='lat' dir='ltr'><strong>quibus</strong></span> <span class='ocrx_word' id='word_1_92' title='bbox 515 1360 620 1422; x_wconf 90' lang='lat' dir='ltr'><strong>similia</strong></span> <span class='ocrx_word' id='word_1_93' title='bbox 644 1367 723 1422; x_wconf 92' lang='lat' dir='ltr'><strong>sunt.</strong></span> <span class='ocrx_word' id='word_1_94' title='bbox 756 1359 820 1422; x_wconf 89' lang='lat' dir='ltr'><strong>Hoc</strong></span> <span class='ocrx_word' id='word_1_95' title='bbox 842 1358 1016 1422; x_wconf 90' lang='lat' dir='ltr'><strong>soluendum</strong></span> <span class='ocrx_word' id='word_1_96' title='bbox 1033 1369 1092 1422; x_wconf 88' lang='lat' dir='ltr'><strong>est:</strong></span> <span class='ocrx_word' id='word_1_97' title='bbox 1117 1361 1234 1439; x_wconf 91' lang='lat' dir='ltr'><strong>quando</strong></span> <span class='ocrx_word' id='word_1_98' title='bbox 1250 1365 1370 1423; x_wconf 89' lang='lat' dir='ltr'><strong>nomina</strong></span> <span class='ocrx_word' id='word_1_99' title='bbox 1386 1368 1457 1423; x_wconf 92' lang='lat' dir='ltr'><strong>sunt</strong></span> <span class='ocrx_word' id='word_1_100' title='bbox 1471 1367 1583 1438; x_wconf 87' lang='lat' dir='ltr'><strong>quartae</strong></span> 
     </span>
     <span class='ocr_line' id='line_1_11' title="bbox 297 1462 1615 1544; baseline -0.004 -19"><span class='ocrx_word' id='word_1_101' title='bbox 297 1463 516 1532; x_wconf 87' lang='lat' dir='ltr'><strong>declinationis,</strong></span> <span class='ocrx_word' id='word_1_102' title='bbox 546 1463 602 1524; x_wconf 84' lang='lat' dir='ltr'><strong>lixa</strong></span> <span class='ocrx_word' id='word_1_103' title='bbox 625 1471 693 1524; x_wconf 88' lang='lat' dir='ltr'><strong>sunt</strong></span> <span class='ocrx_word' id='word_1_104' title='bbox 715 1471 745 1524; x_wconf 92' lang='lat' dir='ltr'><strong>et</strong></span> <span class='ocrx_word' id='word_1_105' title='bbox 767 1462 868 1536; x_wconf 80' lang='lat' dir='ltr'><strong>fortia,</strong></span> <span class='ocrx_word' id='word_1_106' title='bbox 898 1479 954 1523; x_wconf 88' lang='lat' dir='ltr'><strong>nec</strong></span> <span class='ocrx_word' id='word_1_107' title='bbox 983 1470 1098 1524; x_wconf 71' lang='lat' dir='ltr'><strong>mount</strong></span> <span class='ocrx_word' id='word_1_108' title='bbox 1125 1462 1252 1544; x_wconf 79' lang='lat' dir='ltr'><strong>syllabas</strong></span> <span class='ocrx_word' id='word_1_109' title='bbox 1274 1464 1305 1524; x_wconf 93' lang='lat' dir='ltr'><strong>in</strong></span> <span class='ocrx_word' id='word_1_110' title='bbox 1328 1482 1363 1525; x_wconf 93' lang='lat' dir='ltr'><strong>us</strong></span> <span class='ocrx_word' id='word_1_111' title='bbox 1384 1463 1415 1524; x_wconf 93' lang='lat' dir='ltr'><strong>in</strong></span> <span class='ocrx_word' id='word_1_112' title='bbox 1438 1481 1454 1524; x_wconf 92' lang='lat' dir='ltr'><strong>a</strong></span> <span class='ocrx_word' id='word_1_113' title='bbox 1476 1465 1505 1524; x_wconf 92' lang='lat' dir='ltr'><strong>in</strong></span> <span class='ocrx_word' id='word_1_114' title='bbox 1523 1479 1581 1529; x_wconf 89' lang='lat' dir='ltr'><strong>um,</strong></span> <span class='ocrx_word' id='word_1_115' title='bbox 1596 1472 1615 1506; x_wconf 68' lang='grc' dir='ltr'><strong>ιι</strong></span> 
     </span>
     <span class='ocr_line' id='line_1_12' title="bbox 296 1561 1582 1644; baseline -0.005 -16"><span class='ocrx_word' id='word_1_116' title='bbox 296 1584 352 1628; x_wconf 91' lang='lat' dir='ltr'><strong>nec</strong></span> <span class='ocrx_word' id='word_1_117' title='bbox 374 1583 498 1644; x_wconf 88' lang='lat' dir='ltr'><strong>genera,</strong></span> <span class='ocrx_word' id='word_1_118' title='bbox 522 1564 574 1626; x_wconf 90' lang='lat' dir='ltr'><strong>sed</strong></span> <span class='ocrx_word' id='word_1_119' title='bbox 598 1583 690 1626; x_wconf 89' lang='lat' dir='ltr'><strong>unum</strong></span> <span class='ocrx_word' id='word_1_120' title='bbox 712 1581 807 1642; x_wconf 87' lang='lat' dir='ltr'><strong>genus</strong></span> <span class='ocrx_word' id='word_1_121' title='bbox 828 1564 919 1624; x_wconf 84' lang='lat' dir='ltr'><strong>lixum</strong></span> <span class='ocrx_word' id='word_1_122' title='bbox 941 1561 1052 1626; x_wconf 91' lang='lat' dir='ltr'><strong>babent</strong></span> <span class='ocrx_word' id='word_1_123' title='bbox 1074 1572 1124 1624; x_wconf 93' lang='lat' dir='ltr'><strong>aut</strong></span> <span class='ocrx_word' id='word_1_124' title='bbox 1139 1565 1316 1625; x_wconf 81' lang='lat' dir='ltr'><strong>femininum</strong></span> <span class='ocrx_word' id='word_1_125' title='bbox 1332 1574 1382 1626; x_wconf 93' lang='lat' dir='ltr'><strong>aut</strong></span> <span class='ocrx_word' id='word_1_126' title='bbox 1397 1563 1582 1627; x_wconf 86' lang='lat' dir='ltr'><strong>masculinum</strong></span> 
     </span>
    </p>

    <p class='ocr_par' dir='ltr' id='par_1_4' title="bbox 291 1664 1647 4306">
     <span class='ocr_line' id='line_1_13' title="bbox 296 1664 1583 1745; baseline -0.003 -17"><span class='ocrx_word' id='word_1_127' title='bbox 296 1671 327 1728; x_wconf 92' lang='lat' dir='ltr'><strong>in</strong></span> <span class='ocrx_word' id='word_1_128' title='bbox 350 1687 399 1739; x_wconf 89' lang='lat' dir='ltr'><strong>us,</strong></span> <span class='ocrx_word' id='word_1_129' title='bbox 424 1675 456 1729; x_wconf 91' lang='lat' dir='ltr'><strong>ut</strong></span> <span class='ocrx_word' id='word_1_130' title='bbox 477 1666 525 1728; x_wconf 92' lang='lat' dir='ltr'><strong>bic</strong></span> <span class='ocrx_word' id='word_1_131' title='bbox 548 1668 628 1727; x_wconf 88' lang='lat' dir='ltr'><strong>uisus</strong></span> <span class='ocrx_word' id='word_1_132' title='bbox 649 1665 740 1727; x_wconf 90' lang='lat' dir='ltr'><strong>buius</strong></span> <span class='ocrx_word' id='word_1_133' title='bbox 762 1667 860 1735; x_wconf 89' lang='lat' dir='ltr'><strong>uisus,</strong></span> <span class='ocrx_word' id='word_1_134' title='bbox 882 1664 962 1745; x_wconf 91' lang='lat' dir='ltr'><strong>quod</strong></span> <span class='ocrx_word' id='word_1_135' title='bbox 986 1665 1073 1726; x_wconf 89' lang='lat' dir='ltr'><strong>etiam</strong></span> <span class='ocrx_word' id='word_1_136' title='bbox 1097 1673 1232 1745; x_wconf 89' lang='lat' dir='ltr'><strong>optutum</strong></span> <span class='ocrx_word' id='word_1_137' title='bbox 1254 1665 1409 1728; x_wconf 91' lang='lat' dir='ltr'><strong>oculorum</strong></span> <span class='ocrx_word' id='word_1_138' title='bbox 1432 1666 1583 1744; x_wconf 81' lang='lat' dir='ltr'><strong>signifieat:</strong></span> 
     </span>
     <span class='ocr_line' id='line_1_14' title="bbox 296 1759 1584 1850; baseline -0.004 -20"><span class='ocrx_word' id='word_1_139' title='bbox 296 1768 414 1850; x_wconf 90' lang='lat' dir='ltr'><strong>quando</strong></span> <span class='ocrx_word' id='word_1_140' title='bbox 436 1788 508 1831; x_wconf 90' lang='lat' dir='ltr'><strong>uero</strong></span> <span class='ocrx_word' id='word_1_141' title='bbox 531 1769 685 1848; x_wconf 89' lang='lat' dir='ltr'><strong>participia</strong></span> <span class='ocrx_word' id='word_1_142' title='bbox 708 1759 778 1828; x_wconf 86' lang='lat' dir='ltr'><strong>sunt</strong></span> <span class='ocrx_word' id='word_1_143' title='bbox 799 1766 905 1827; x_wconf 86' lang='lat' dir='ltr'><strong>similia</strong></span> <span class='ocrx_word' id='word_1_144' title='bbox 929 1765 1099 1828; x_wconf 89' lang='lat' dir='ltr'><strong>nominibus</strong></span> <span class='ocrx_word' id='word_1_145' title='bbox 1121 1769 1152 1829; x_wconf 95' lang='lat' dir='ltr'><strong>in</strong></span> <span class='ocrx_word' id='word_1_146' title='bbox 1174 1787 1210 1829; x_wconf 91' lang='lat' dir='ltr'><strong>us</strong></span> <span class='ocrx_word' id='word_1_147' title='bbox 1232 1767 1414 1838; x_wconf 84' lang='lat' dir='ltr'><strong>desinentia,</strong></span> <span class='ocrx_word' id='word_1_148' title='bbox 1443 1767 1584 1830; x_wconf 89' lang='lat' dir='ltr'><strong>secundae</strong></span> 
     </span>
     <span class='ocr_line' id='line_1_15' title="bbox 295 1866 1583 1950; baseline -0.005 -17"><span class='ocrx_word' id='word_1_149' title='bbox 295 1870 501 1933; x_wconf 85' lang='lat' dir='ltr'><strong>declinationis</strong></span> <span class='ocrx_word' id='word_1_150' title='bbox 528 1879 609 1940; x_wconf 89' lang='lat' dir='ltr'><strong>sunt,</strong></span> <span class='ocrx_word' id='word_1_151' title='bbox 641 1875 675 1931; x_wconf 91' lang='lat' dir='ltr'><strong>ut</strong></span> <span class='ocrx_word' id='word_1_152' title='bbox 697 1869 779 1930; x_wconf 86' lang='lat' dir='ltr'><strong>uisus</strong></span> <span class='ocrx_word' id='word_1_153' title='bbox 802 1869 859 1929; x_wconf 88' lang='lat' dir='ltr'><strong>uisi</strong></span> <span class='ocrx_word' id='word_1_154' title='bbox 882 1886 898 1929; x_wconf 94' lang='lat' dir='ltr'><strong>a</strong></span> <span class='ocrx_word' id='word_1_155' title='bbox 920 1866 1013 1929; x_wconf 89' lang='lat' dir='ltr'><strong>uerbo</strong></span> <span class='ocrx_word' id='word_1_156' title='bbox 1036 1868 1139 1939; x_wconf 87' lang='lat' dir='ltr'><strong>uideo,</strong></span> <span class='ocrx_word' id='word_1_157' title='bbox 1163 1877 1193 1930; x_wconf 87' lang='lat' dir='ltr'><strong>et</strong></span> <span class='ocrx_word' id='word_1_158' title='bbox 1219 1878 1336 1931; x_wconf 92' lang='lat' dir='ltr'><strong>mutant</strong></span> <span class='ocrx_word' id='word_1_159' title='bbox 1363 1887 1458 1950; x_wconf 89' lang='lat' dir='ltr'><strong>genus</strong></span> <span class='ocrx_word' id='word_1_160' title='bbox 1481 1878 1509 1931; x_wconf 88' lang='lat' dir='ltr'><strong>et</strong></span> <span class='ocrx_word' id='word_1_161' title='bbox 1528 1867 1583 1948; x_wconf 79' lang='lat' dir='ltr'><strong>spl-</strong></span> 
     </span>
     <span class='ocr_line' id='line_1_16' title="bbox 295 1970 1616 2042; baseline -0.005 -8"><span class='ocrx_word' id='word_1_162' title='bbox 295 1972 377 2034; x_wconf 88' lang='lat' dir='ltr'><strong>labas</strong></span> <span class='ocrx_word' id='word_1_163' title='bbox 405 1973 600 2034; x_wconf 85' lang='lat' dir='ltr'><strong>terminantes</strong></span> <span class='ocrx_word' id='word_1_164' title='bbox 627 1972 656 2034; x_wconf 92' lang='lat' dir='ltr'><strong>in</strong></span> <span class='ocrx_word' id='word_1_165' title='bbox 684 1989 720 2032; x_wconf 91' lang='lat' dir='ltr'><strong>us</strong></span> <span class='ocrx_word' id='word_1_166' title='bbox 747 1972 777 2031; x_wconf 92' lang='lat' dir='ltr'><strong>in</strong></span> <span class='ocrx_word' id='word_1_167' title='bbox 805 1989 821 2030; x_wconf 93' lang='lat' dir='ltr'><strong>a</strong></span> <span class='ocrx_word' id='word_1_168' title='bbox 849 1973 880 2030; x_wconf 94' lang='lat' dir='ltr'><strong>in</strong></span> <span class='ocrx_word' id='word_1_169' title='bbox 911 1988 975 2039; x_wconf 89' lang='lat' dir='ltr'><strong>um,</strong></span> <span class='ocrx_word' id='word_1_170' title='bbox 1004 1979 1037 2031; x_wconf 91' lang='lat' dir='ltr'><strong>ut</strong></span> <span class='ocrx_word' id='word_1_171' title='bbox 1065 1971 1148 2032; x_wconf 90' lang='lat' dir='ltr'><strong>uisus</strong></span> <span class='ocrx_word' id='word_1_172' title='bbox 1170 1973 1233 2033; x_wconf 89' lang='lat' dir='ltr'><strong>uisa</strong></span> <span class='ocrx_word' id='word_1_173' title='bbox 1257 1972 1368 2042; x_wconf 90' lang='lat' dir='ltr'><strong>uisum,</strong></span> <span class='ocrx_word' id='word_1_174' title='bbox 1397 1970 1616 2034; x_wconf 69' lang='lat' dir='ltr'><strong>similitudines</strong></span> 
     </span>
     <span class='ocr_line' id='line_1_17' title="bbox 295 2070 1583 2156; baseline -0.005 -20"><span class='ocrx_word' id='word_1_175' title='bbox 295 2073 452 2136; x_wconf 89' lang='lat' dir='ltr'><strong>mobilium</strong></span> <span class='ocrx_word' id='word_1_176' title='bbox 481 2075 633 2135; x_wconf 88' lang='lat' dir='ltr'><strong>nominum</strong></span> <span class='ocrx_word' id='word_1_177' title='bbox 662 2071 811 2133; x_wconf 89' lang='lat' dir='ltr'><strong>secundae</strong></span> <span class='ocrx_word' id='word_1_178' title='bbox 839 2070 1055 2156; x_wconf 88' lang='lat' dir='ltr'><strong>declinationis.</strong></span> <span class='ocrx_word' id='word_1_179' title='bbox 1101 2071 1137 2134; x_wconf 89' lang='lat' dir='ltr'><strong>Et</strong></span> <span class='ocrx_word' id='word_1_180' title='bbox 1165 2072 1222 2134; x_wconf 89' lang='lat' dir='ltr'><strong>boc</strong></span> <span class='ocrx_word' id='word_1_181' title='bbox 1254 2073 1410 2135; x_wconf 91' lang='lat' dir='ltr'><strong>sciendum</strong></span> <span class='ocrx_word' id='word_1_182' title='bbox 1434 2071 1583 2152; x_wconf 76' lang='lat' dir='ltr'><strong>estquod</strong></span> 
     </span>
     <span class='ocr_line' id='line_1_18' title="bbox 294 2170 1585 2255; baseline -0.003 -19"><span class='ocrx_word' id='word_1_183' title='bbox 294 2177 392 2238; x_wconf 88' lang='lat' dir='ltr'><strong>omnia</strong></span> <span class='ocrx_word' id='word_1_184' title='bbox 415 2176 535 2236; x_wconf 93' lang='lat' dir='ltr'><strong>nomina</strong></span> <span class='ocrx_word' id='word_1_185' title='bbox 559 2181 681 2252; x_wconf 88' lang='lat' dir='ltr'><strong>quartae</strong></span> <span class='ocrx_word' id='word_1_186' title='bbox 697 2171 708 2255; x_wconf 79' lang='grc' dir='ltr'><strong>ΙΙ</strong></span> <span class='ocrx_word' id='word_1_187' title='bbox 725 2173 747 2234; x_wconf 90' lang='lat' dir='ltr'><strong>i.</strong></span> <span class='ocrx_word' id='word_1_188' title='bbox 766 2170 841 2234; x_wconf 86' lang='lat' dir='ltr'><strong>llll·</strong></span> <span class='ocrx_word' id='word_1_189' title='bbox 858 2170 869 2254; x_wconf 79' lang='lat' dir='ltr'><strong>ll</strong></span> <span class='ocrx_word' id='word_1_190' title='bbox 886 2172 1091 2234; x_wconf 88' lang='lat' dir='ltr'><strong>declinationis</strong></span> <span class='ocrx_word' id='word_1_191' title='bbox 1118 2175 1286 2255; x_wconf 89' lang='lat' dir='ltr'><strong>participiis</strong></span> <span class='ocrx_word' id='word_1_192' title='bbox 1308 2174 1413 2236; x_wconf 89' lang='lat' dir='ltr'><strong>similia</strong></span> <span class='ocrx_word' id='word_1_193' title='bbox 1435 2177 1513 2237; x_wconf 86' lang='lat' dir='ltr'><strong>inter</strong></span> <span class='ocrx_word' id='word_1_194' title='bbox 1534 2175 1585 2236; x_wconf 91' lang='lat' dir='ltr'><strong>bas</strong></span> 
     </span>
     <span class='ocr_line' id='line_1_19' title="bbox 295 2273 1583 2356; baseline -0.001 -19"><span class='ocrx_word' id='word_1_195' title='bbox 295 2277 368 2338; x_wconf 90' lang='lat' dir='ltr'><strong>duas</strong></span> <span class='ocrx_word' id='word_1_196' title='bbox 390 2274 604 2338; x_wconf 88' lang='lat' dir='ltr'><strong>declinationes</strong></span> <span class='ocrx_word' id='word_1_197' title='bbox 627 2275 840 2349; x_wconf 83' lang='lat' dir='ltr'><strong>discurrentia,</strong></span> <span class='ocrx_word' id='word_1_198' title='bbox 870 2273 946 2335; x_wconf 86' lang='lat' dir='ltr'><strong>idest</strong></span> <span class='ocrx_word' id='word_1_199' title='bbox 967 2275 1046 2336; x_wconf 93' lang='lat' dir='ltr'><strong>inter</strong></span> <span class='ocrx_word' id='word_1_200' title='bbox 1068 2283 1202 2356; x_wconf 89' lang='lat' dir='ltr'><strong>quartam</strong></span> <span class='ocrx_word' id='word_1_201' title='bbox 1226 2285 1255 2337; x_wconf 91' lang='lat' dir='ltr'><strong>et</strong></span> <span class='ocrx_word' id='word_1_202' title='bbox 1276 2277 1436 2338; x_wconf 87' lang='lat' dir='ltr'><strong>secundam</strong></span> <span class='ocrx_word' id='word_1_203' title='bbox 1459 2275 1583 2338; x_wconf 88' lang='lat' dir='ltr'><strong>declina·</strong></span> 
     </span>
     <span class='ocr_line' id='line_1_20' title="bbox 295 2374 1583 2452; baseline -0.002 -14"><span class='ocrx_word' id='word_1_204' title='bbox 295 2380 421 2447; x_wconf 82' lang='lat' dir='ltr'><strong>donem,</strong></span> <span class='ocrx_word' id='word_1_205' title='bbox 445 2385 506 2438; x_wconf 90' lang='lat' dir='ltr'><strong>tres</strong></span> <span class='ocrx_word' id='word_1_206' title='bbox 528 2375 643 2440; x_wconf 89' lang='lat' dir='ltr'><strong>litteras</strong></span> <span class='ocrx_word' id='word_1_207' title='bbox 664 2383 733 2437; x_wconf 89' lang='lat' dir='ltr'><strong>ante</strong></span> <span class='ocrx_word' id='word_1_208' title='bbox 755 2395 791 2438; x_wconf 94' lang='lat' dir='ltr'><strong>us</strong></span> <span class='ocrx_word' id='word_1_209' title='bbox 814 2374 941 2444; x_wconf 87' lang='lat' dir='ltr'><strong>babent,</strong></span> <span class='ocrx_word' id='word_1_210' title='bbox 971 2375 1048 2437; x_wconf 90' lang='lat' dir='ltr'><strong>idest</strong></span> <span class='ocrx_word' id='word_1_211' title='bbox 1070 2394 1087 2436; x_wconf 83' lang='lat' dir='ltr'>x</span> <span class='ocrx_word' id='word_1_212' title='bbox 1111 2396 1125 2438; x_wconf 90' lang='lat' dir='ltr'><strong>s</strong></span> <span class='ocrx_word' id='word_1_213' title='bbox 1147 2386 1174 2452; x_wconf 90' lang='lat' dir='ltr'><strong>t,</strong></span> <span class='ocrx_word' id='word_1_214' title='bbox 1197 2386 1231 2438; x_wconf 94' lang='lat' dir='ltr'><strong>ut</strong></span> <span class='ocrx_word' id='word_1_215' title='bbox 1252 2378 1339 2440; x_wconf 85' lang='lat' dir='ltr'><strong>luxus</strong></span> <span class='ocrx_word' id='word_1_216' title='bbox 1360 2381 1441 2440; x_wconf 89' lang='lat' dir='ltr'><strong>uisus</strong></span> <span class='ocrx_word' id='word_1_217' title='bbox 1463 2377 1583 2444; x_wconf 77' lang='lat' dir='ltr'><strong>auditus</strong></span> 
     </span>
     <span class='ocr_line' id='line_1_21' title="bbox 294 2478 1614 2558; baseline -0.001 -20"><span class='ocrx_word' id='word_1_218' title='bbox 294 2496 370 2558; x_wconf 91' lang='lat' dir='ltr'><strong>quae</strong></span> <span class='ocrx_word' id='word_1_219' title='bbox 397 2485 458 2538; x_wconf 90' lang='lat' dir='ltr'><strong>tam</strong></span> <span class='ocrx_word' id='word_1_220' title='bbox 486 2479 606 2539; x_wconf 91' lang='lat' dir='ltr'><strong>nomina</strong></span> <span class='ocrx_word' id='word_1_221' title='bbox 634 2496 723 2558; x_wconf 90' lang='lat' dir='ltr'><strong>quarn</strong></span> <span class='ocrx_word' id='word_1_222' title='bbox 750 2478 906 2557; x_wconf 91' lang='lat' dir='ltr'><strong>participia</strong></span> <span class='ocrx_word' id='word_1_223' title='bbox 936 2482 964 2538; x_wconf 91' lang='lat' dir='ltr'><strong>et</strong></span> <span class='ocrx_word' id='word_1_224' title='bbox 992 2483 1115 2555; x_wconf 86' lang='lat' dir='ltr'><strong>quartae</strong></span> <span class='ocrx_word' id='word_1_225' title='bbox 1148 2478 1359 2541; x_wconf 86' lang='lat' dir='ltr'><strong>declinationis</strong></span> <span class='ocrx_word' id='word_1_226' title='bbox 1386 2497 1443 2542; x_wconf 92' lang='lat' dir='ltr'><strong>nec</strong></span> <span class='ocrx_word' id='word_1_227' title='bbox 1470 2498 1529 2542; x_wconf 92' lang='lat' dir='ltr'><strong>non</strong></span> <span class='ocrx_word' id='word_1_228' title='bbox 1557 2485 1614 2538; x_wconf 66' lang='lat' dir='ltr'><strong>ete</strong></span> 
     </span>
     <span class='ocr_line' id='line_1_22' title="bbox 293 2577 1583 2661; baseline 0.003 -21"><span class='ocrx_word' id='word_1_229' title='bbox 293 2578 443 2640; x_wconf 88' lang='lat' dir='ltr'><strong>secundae</strong></span> <span class='ocrx_word' id='word_1_230' title='bbox 465 2589 535 2642; x_wconf 91' lang='lat' dir='ltr'><strong>sunt</strong></span> <span class='ocrx_word' id='word_1_231' title='bbox 557 2589 587 2641; x_wconf 91' lang='lat' dir='ltr'><strong>et</strong></span> <span class='ocrx_word' id='word_1_232' title='bbox 608 2587 706 2640; x_wconf 89' lang='lat' dir='ltr'><strong>cetera</strong></span> <span class='ocrx_word' id='word_1_233' title='bbox 729 2578 845 2640; x_wconf 88' lang='lat' dir='ltr'><strong>similia.</strong></span> <span class='ocrx_word' id='word_1_234' title='bbox 890 2577 963 2640; x_wconf 90' lang='lat' dir='ltr'><strong>Item</strong></span> <span class='ocrx_word' id='word_1_235' title='bbox 986 2579 1062 2641; x_wconf 90' lang='lat' dir='ltr'><strong>scire</strong></span> <span class='ocrx_word' id='word_1_236' title='bbox 1084 2578 1241 2651; x_wconf 84' lang='lat' dir='ltr'><strong>debemus,</strong></span> <span class='ocrx_word' id='word_1_237' title='bbox 1274 2581 1353 2661; x_wconf 91' lang='lat' dir='ltr'><strong>quod</strong></span> <span class='ocrx_word' id='word_1_238' title='bbox 1375 2579 1447 2643; x_wconf 93' lang='lat' dir='ltr'><strong>illud</strong></span> <span class='ocrx_word' id='word_1_239' title='bbox 1469 2597 1583 2644; x_wconf 88' lang='lat' dir='ltr'><strong>nomen.</strong></span> 
     </span>
     <span class='ocr_line' id='line_1_23' title="bbox 294 2680 1584 2762; baseline -0.002 -20"><span class='ocrx_word' id='word_1_240' title='bbox 294 2681 371 2762; x_wconf 92' lang='lat' dir='ltr'><strong>quod</strong></span> <span class='ocrx_word' id='word_1_241' title='bbox 402 2680 511 2742; x_wconf 86' lang='lat' dir='ltr'><strong>dicitur</strong></span> <span class='ocrx_word' id='word_1_242' title='bbox 538 2680 656 2758; x_wconf 83' lang='lat' dir='ltr'><strong>domus,</strong></span> <span class='ocrx_word' id='word_1_243' title='bbox 692 2689 721 2742; x_wconf 92' lang='lat' dir='ltr'><strong>et</strong></span> <span class='ocrx_word' id='word_1_244' title='bbox 750 2689 871 2758; x_wconf 88' lang='lat' dir='ltr'><strong>quartae</strong></span> <span class='ocrx_word' id='word_1_245' title='bbox 900 2689 929 2741; x_wconf 90' lang='lat' dir='ltr'><strong>et</strong></span> <span class='ocrx_word' id='word_1_246' title='bbox 956 2680 1104 2742; x_wconf 88' lang='lat' dir='ltr'><strong>secundae</strong></span> <span class='ocrx_word' id='word_1_247' title='bbox 1132 2680 1341 2745; x_wconf 87' lang='lat' dir='ltr'><strong>declinationis</strong></span> <span class='ocrx_word' id='word_1_248' title='bbox 1368 2690 1428 2754; x_wconf 88' lang='lat' dir='ltr'><strong>est;</strong></span> <span class='ocrx_word' id='word_1_249' title='bbox 1460 2680 1584 2744; x_wconf 91' lang='lat' dir='ltr'><strong>ablatiuo</strong></span> 
     </span>
     <span class='ocr_line' id='line_1_24' title="bbox 294 2780 1584 2862; baseline -0.004 -17"><span class='ocrx_word' id='word_1_250' title='bbox 294 2785 373 2845; x_wconf 90' lang='lat' dir='ltr'><strong>enirn</strong></span> <span class='ocrx_word' id='word_1_251' title='bbox 395 2781 537 2862; x_wconf 77' lang='lat' dir='ltr'><strong>singulari</strong></span> <span class='ocrx_word' id='word_1_252' title='bbox 560 2782 648 2843; x_wconf 93' lang='lat' dir='ltr'><strong>domo</strong></span> <span class='ocrx_word' id='word_1_253' title='bbox 671 2790 701 2844; x_wconf 92' lang='lat' dir='ltr'><strong>et</strong></span> <span class='ocrx_word' id='word_1_254' title='bbox 723 2786 864 2861; x_wconf 87' lang='lat' dir='ltr'><strong>genetiuo</strong></span> <span class='ocrx_word' id='word_1_255' title='bbox 886 2780 993 2862; x_wconf 86' lang='lat' dir='ltr'><strong>plurali</strong></span> <span class='ocrx_word' id='word_1_256' title='bbox 1022 2782 1178 2844; x_wconf 91' lang='lat' dir='ltr'><strong>domorum</strong></span> <span class='ocrx_word' id='word_1_257' title='bbox 1205 2783 1354 2845; x_wconf 88' lang='lat' dir='ltr'><strong>secundae</strong></span> <span class='ocrx_word' id='word_1_258' title='bbox 1382 2782 1584 2846; x_wconf 88' lang='lat' dir='ltr'><strong>declinationis</strong></span> 
     </span>
     <span class='ocr_line' id='line_1_25' title="bbox 294 2883 1584 2966; baseline -0.005 -19"><span class='ocrx_word' id='word_1_259' title='bbox 294 2895 353 2956; x_wconf 88' lang='lat' dir='ltr'><strong>est;</strong></span> <span class='ocrx_word' id='word_1_260' title='bbox 387 2884 510 2966; x_wconf 90' lang='lat' dir='ltr'><strong>reliquis</strong></span> <span class='ocrx_word' id='word_1_261' title='bbox 542 2893 639 2946; x_wconf 91' lang='lat' dir='ltr'><strong>autem</strong></span> <span class='ocrx_word' id='word_1_262' title='bbox 673 2883 791 2946; x_wconf 86' lang='lat' dir='ltr'><strong>casibus</strong></span> <span class='ocrx_word' id='word_1_263' title='bbox 827 2891 950 2964; x_wconf 86' lang='lat' dir='ltr'><strong>quartae</strong></span> <span class='ocrx_word' id='word_1_264' title='bbox 981 2883 1187 2947; x_wconf 84' lang='lat' dir='ltr'><strong>declinationis</strong></span> <span class='ocrx_word' id='word_1_265' title='bbox 1219 2894 1274 2947; x_wconf 88' lang='lat' dir='ltr'><strong>est.</strong></span> <span class='ocrx_word' id='word_1_266' title='bbox 1317 2885 1394 2948; x_wconf 87' lang='lat' dir='ltr'><strong>ilinc</strong></span> <span class='ocrx_word' id='word_1_267' title='bbox 1425 2885 1584 2948; x_wconf 87' lang='lat' dir='ltr'><strong>Donatus</strong></span> 
     </span>
     <span class='ocr_line' id='line_1_26' title="bbox 294 2984 1615 3066; baseline -0.003 -18"><span class='ocrx_word' id='word_1_268' title='bbox 294 2987 379 3048; x_wconf 88' lang='lat' dir='ltr'><strong>dicit:</strong></span> <span class='ocrx_word' id='word_1_269' title='bbox 418 3003 675 3066; x_wconf 89' lang='lat' dir='ltr'><strong>quaecumque</strong></span> <span class='ocrx_word' id='word_1_270' title='bbox 704 2987 848 3048; x_wconf 87' lang='lat' dir='ltr'><strong>nomina</strong></span> <span class='ocrx_word' id='word_1_271' title='bbox 877 2984 1044 3048; x_wconf 89' lang='lat' dir='ltr'><strong>ablatiuo</strong></span> <span class='ocrx_word' id='word_1_272' title='bbox 1074 3005 1161 3048; x_wconf 90' lang='lat' dir='ltr'><strong>casu</strong></span> <span class='ocrx_word' id='word_1_273' title='bbox 1194 2985 1382 3065; x_wconf 78' lang='lat' dir='ltr'><strong>singulari</strong></span> <span class='ocrx_word' id='word_1_274' title='bbox 1411 3005 1430 3048; x_wconf 96' lang='lat' dir='ltr'><strong>o</strong></span> <span class='ocrx_word' id='word_1_275' title='bbox 1457 2986 1615 3050; x_wconf 64' lang='lat' dir='ltr'><strong>littera·²⁵</strong></span> 
     </span>
     <span class='ocr_line' id='line_1_27' title="bbox 294 3085 1582 3170; baseline -0.002 -21"><span class='ocrx_word' id='word_1_276' title='bbox 294 3090 442 3151; x_wconf 86' lang='lat' dir='ltr'><strong>luerint</strong></span> <span class='ocrx_word' id='word_1_277' title='bbox 464 3089 678 3159; x_wconf 89' lang='lat' dir='ltr'><strong>terminata,</strong></span> <span class='ocrx_word' id='word_1_278' title='bbox 702 3089 914 3166; x_wconf 89' lang='lat' dir='ltr'><strong>genetiuum</strong></span> <span class='ocrx_word' id='word_1_279' title='bbox 937 3085 1120 3167; x_wconf 89' lang='lat' dir='ltr'><strong>pluralem</strong></span> <span class='ocrx_word' id='word_1_280' title='bbox 1142 3089 1177 3150; x_wconf 90' lang='lat' dir='ltr'><strong>iu</strong></span> <span class='ocrx_word' id='word_1_281' title='bbox 1198 3107 1276 3150; x_wconf 85' lang='lat' dir='ltr'><strong>rum</strong></span> <span class='ocrx_word' id='word_1_282' title='bbox 1300 3087 1483 3170; x_wconf 83' lang='lat' dir='ltr'><strong>syllabam</strong></span> <span class='ocrx_word' id='word_1_283' title='bbox 1505 3089 1582 3149; x_wconf 90' lang='lat' dir='ltr'><strong>mit·</strong></span> 
     </span>
     <span class='ocr_line' id='line_1_28' title="bbox 293 3187 1583 3261; baseline -0.002 -11"><span class='ocrx_word' id='word_1_284' title='bbox 293 3197 391 3261; x_wconf 91' lang='lat' dir='ltr'><strong>tunt,</strong></span> <span class='ocrx_word' id='word_1_285' title='bbox 424 3189 591 3252; x_wconf 91' lang='lat' dir='ltr'><strong>datiuum</strong></span> <span class='ocrx_word' id='word_1_286' title='bbox 625 3198 660 3251; x_wconf 90' lang='lat' dir='ltr'><strong>et</strong></span> <span class='ocrx_word' id='word_1_287' title='bbox 692 3187 899 3251; x_wconf 89' lang='lat' dir='ltr'><strong>ablatiuum</strong></span> <span class='ocrx_word' id='word_1_288' title='bbox 928 3189 965 3249; x_wconf 94' lang='lat' dir='ltr'><strong>in</strong></span> <span class='ocrx_word' id='word_1_289' title='bbox 994 3190 1039 3259; x_wconf 88' lang='lat' dir='ltr'><strong>is,</strong></span> <span class='ocrx_word' id='word_1_290' title='bbox 1074 3199 1112 3250; x_wconf 91' lang='lat' dir='ltr'><strong>ut</strong></span> <span class='ocrx_word' id='word_1_291' title='bbox 1140 3189 1182 3251; x_wconf 95' lang='lat' dir='ltr'><strong>ab</strong></span> <span class='ocrx_word' id='word_1_292' title='bbox 1214 3189 1283 3250; x_wconf 90' lang='lat' dir='ltr'><strong>boc</strong></span> <span class='ocrx_word' id='word_1_293' title='bbox 1315 3190 1426 3251; x_wconf 89' lang='lat' dir='ltr'><strong>docto</strong></span> <span class='ocrx_word' id='word_1_294' title='bbox 1458 3189 1583 3252; x_wconf 91' lang='lat' dir='ltr'><strong>horum</strong></span> 
     </span>
     <span class='ocr_line' id='line_1_29' title="bbox 293 3289 1582 3370; baseline -0.004 -17"><span class='ocrx_word' id='word_1_295' title='bbox 293 3292 489 3354; x_wconf 90' lang='lat' dir='ltr'><strong>doctorum</strong></span> <span class='ocrx_word' id='word_1_296' title='bbox 512 3289 572 3352; x_wconf 88' lang='lat' dir='ltr'><strong>bis</strong></span> <span class='ocrx_word' id='word_1_297' title='bbox 594 3299 631 3352; x_wconf 90' lang='lat' dir='ltr'><strong>et</strong></span> <span class='ocrx_word' id='word_1_298' title='bbox 652 3291 695 3352; x_wconf 90' lang='lat' dir='ltr'><strong>ab</strong></span> <span class='ocrx_word' id='word_1_299' title='bbox 718 3291 775 3353; x_wconf 91' lang='lat' dir='ltr'><strong>his</strong></span> <span class='ocrx_word' id='word_1_300' title='bbox 798 3290 932 3354; x_wconf 90' lang='lat' dir='ltr'><strong>doctis:</strong></span> <span class='ocrx_word' id='word_1_301' title='bbox 963 3297 1092 3353; x_wconf 86' lang='lat' dir='ltr'><strong>contra</strong></span> <span class='ocrx_word' id='word_1_302' title='bbox 1122 3291 1215 3354; x_wconf 88' lang='lat' dir='ltr'><strong>hanc</strong></span> <span class='ocrx_word' id='word_1_303' title='bbox 1243 3289 1410 3370; x_wconf 88' lang='lat' dir='ltr'><strong>regulam</strong></span> <span class='ocrx_word' id='word_1_304' title='bbox 1438 3290 1582 3353; x_wconf 81' lang='lat' dir='ltr'><strong>intrent·</strong></span> 
     </span>
     <span class='ocr_line' id='line_1_30' title="bbox 294 3389 1582 3462; baseline -0.003 -8"><span class='ocrx_word' id='word_1_305' title='bbox 294 3413 371 3455; x_wconf 91' lang='lat' dir='ltr'><strong>mus</strong></span> <span class='ocrx_word' id='word_1_306' title='bbox 394 3393 436 3454; x_wconf 95' lang='lat' dir='ltr'><strong>ab</strong></span> <span class='ocrx_word' id='word_1_307' title='bbox 458 3393 525 3454; x_wconf 91' lang='lat' dir='ltr'><strong>bac</strong></span> <span class='ocrx_word' id='word_1_308' title='bbox 547 3392 652 3454; x_wconf 90' lang='lat' dir='ltr'><strong>domo</strong></span> <span class='ocrx_word' id='word_1_309' title='bbox 676 3392 805 3454; x_wconf 90' lang='lat' dir='ltr'><strong>barum</strong></span> <span class='ocrx_word' id='word_1_310' title='bbox 834 3394 1025 3455; x_wconf 92' lang='lat' dir='ltr'><strong>domorum</strong></span> <span class='ocrx_word' id='word_1_311' title='bbox 1055 3392 1112 3454; x_wconf 92' lang='lat' dir='ltr'><strong>bis</strong></span> <span class='ocrx_word' id='word_1_312' title='bbox 1135 3401 1170 3454; x_wconf 89' lang='lat' dir='ltr'><strong>et</strong></span> <span class='ocrx_word' id='word_1_313' title='bbox 1191 3391 1233 3454; x_wconf 88' lang='lat' dir='ltr'><strong>ab</strong></span> <span class='ocrx_word' id='word_1_314' title='bbox 1256 3392 1314 3454; x_wconf 92' lang='lat' dir='ltr'><strong>bis</strong></span> <span class='ocrx_word' id='word_1_315' title='bbox 1336 3392 1520 3462; x_wconf 86' lang='lat' dir='ltr'><strong>domibus.</strong></span> <span class='ocrx_word' id='word_1_316' title='bbox 1544 3389 1582 3452; x_wconf 90' lang='lat' dir='ltr'><strong>ab</strong></span> 
     </span>
     <span class='ocr_line' id='line_1_31' title="bbox 293 3493 1615 3574; baseline -0.003 -20"><span class='ocrx_word' id='word_1_317' title='bbox 293 3494 361 3556; x_wconf 94' lang='lat' dir='ltr'><strong>boc</strong></span> <span class='ocrx_word' id='word_1_318' title='bbox 383 3496 516 3574; x_wconf 89' lang='lat' dir='ltr'><strong>iugero</strong></span> <span class='ocrx_word' id='word_1_319' title='bbox 538 3494 666 3555; x_wconf 89' lang='lat' dir='ltr'><strong>borum</strong></span> <span class='ocrx_word' id='word_1_320' title='bbox 690 3495 855 3572; x_wconf 84' lang='lat' dir='ltr'><strong>iugerum</strong></span> <span class='ocrx_word' id='word_1_321' title='bbox 880 3494 937 3556; x_wconf 92' lang='lat' dir='ltr'><strong>bis</strong></span> <span class='ocrx_word' id='word_1_322' title='bbox 959 3503 994 3555; x_wconf 90' lang='lat' dir='ltr'><strong>et</strong></span> <span class='ocrx_word' id='word_1_323' title='bbox 1015 3494 1056 3556; x_wconf 94' lang='lat' dir='ltr'><strong>ab</strong></span> <span class='ocrx_word' id='word_1_324' title='bbox 1080 3493 1136 3556; x_wconf 89' lang='lat' dir='ltr'><strong>bis</strong></span> <span class='ocrx_word' id='word_1_325' title='bbox 1158 3494 1364 3573; x_wconf 89' lang='lat' dir='ltr'><strong>iugeribus.</strong></span> <span class='ocrx_word' id='word_1_326' title='bbox 1396 3494 1467 3556; x_wconf 88' lang='lat' dir='ltr'><strong>Sed</strong></span> <span class='ocrx_word' id='word_1_327' title='bbox 1488 3496 1615 3556; x_wconf 70' lang='lat' dir='ltr'><strong>scirem</strong></span> 
     </span>
     <span class='ocr_line' id='line_1_32' title="bbox 292 3594 1583 3676; baseline -0.005 -18"><span class='ocrx_word' id='word_1_328' title='bbox 292 3596 485 3666; x_wconf 88' lang='lat' dir='ltr'><strong>debemus,</strong></span> <span class='ocrx_word' id='word_1_329' title='bbox 515 3594 629 3656; x_wconf 90' lang='lat' dir='ltr'><strong>multa</strong></span> <span class='ocrx_word' id='word_1_330' title='bbox 657 3595 801 3676; x_wconf 89' lang='lat' dir='ltr'><strong>quidem</strong></span> <span class='ocrx_word' id='word_1_331' title='bbox 831 3603 982 3658; x_wconf 88' lang='lat' dir='ltr'><strong>ueteres</strong></span> <span class='ocrx_word' id='word_1_332' title='bbox 1004 3595 1115 3659; x_wconf 92' lang='lat' dir='ltr'><strong>aliter</strong></span> <span class='ocrx_word' id='word_1_333' title='bbox 1138 3595 1368 3668; x_wconf 84' lang='lat' dir='ltr'><strong>declinasse,</strong></span> <span class='ocrx_word' id='word_1_334' title='bbox 1397 3603 1435 3658; x_wconf 90' lang='lat' dir='ltr'><strong>ut</strong></span> <span class='ocrx_word' id='word_1_335' title='bbox 1457 3595 1498 3660; x_wconf 85' lang='lat' dir='ltr'><strong>ab</strong></span> <span class='ocrx_word' id='word_1_336' title='bbox 1520 3595 1583 3656; x_wconf 90' lang='lat' dir='ltr'><strong>bac</strong></span> 
     </span>
     <span class='ocr_line' id='line_1_33' title="bbox 292 3696 1581 3778; baseline -0.001 -19"><span class='ocrx_word' id='word_1_337' title='bbox 292 3700 397 3761; x_wconf 91' lang='lat' dir='ltr'><strong>domu</strong></span> <span class='ocrx_word' id='word_1_338' title='bbox 421 3699 548 3760; x_wconf 86' lang='lat' dir='ltr'><strong>harum</strong></span> <span class='ocrx_word' id='word_1_339' title='bbox 573 3696 742 3759; x_wconf 89' lang='lat' dir='ltr'><strong>domuum</strong></span> <span class='ocrx_word' id='word_1_340' title='bbox 765 3697 825 3759; x_wconf 93' lang='lat' dir='ltr'><strong>bis</strong></span> <span class='ocrx_word' id='word_1_341' title='bbox 847 3697 1017 3760; x_wconf 89' lang='lat' dir='ltr'><strong>domibus</strong></span> <span class='ocrx_word' id='word_1_342' title='bbox 1039 3705 1074 3758; x_wconf 90' lang='lat' dir='ltr'><strong>at</strong></span> <span class='ocrx_word' id='word_1_343' title='bbox 1095 3698 1138 3760; x_wconf 92' lang='lat' dir='ltr'><strong>ab</strong></span> <span class='ocrx_word' id='word_1_344' title='bbox 1166 3697 1233 3761; x_wconf 88' lang='lat' dir='ltr'><strong>boc</strong></span> <span class='ocrx_word' id='word_1_345' title='bbox 1261 3702 1394 3778; x_wconf 88' lang='lat' dir='ltr'><strong>ingere</strong></span> <span class='ocrx_word' id='word_1_346' title='bbox 1416 3699 1581 3777; x_wconf 90' lang='lat' dir='ltr'><strong>iugerum</strong></span> 
     </span>
     <span class='ocr_line' id='line_1_34' title="bbox 291 3797 1582 3880; baseline -0.004 -19"><span class='ocrx_word' id='word_1_347' title='bbox 291 3800 494 3877; x_wconf 86' lang='lat' dir='ltr'><strong>iugeribus.</strong></span> <span class='ocrx_word' id='word_1_348' title='bbox 539 3800 670 3860; x_wconf 86' lang='lat' dir='ltr'><strong>Verum</strong></span> <span class='ocrx_word' id='word_1_349' title='bbox 694 3799 916 3880; x_wconf 89' lang='lat' dir='ltr'><strong>euphoniam</strong></span> <span class='ocrx_word' id='word_1_350' title='bbox 940 3801 977 3862; x_wconf 90' lang='lat' dir='ltr'><strong>in</strong></span> <span class='ocrx_word' id='word_1_351' title='bbox 1000 3799 1223 3880; x_wconf 89' lang='lat' dir='ltr'><strong>quibusdam</strong></span> <span class='ocrx_word' id='word_1_352' title='bbox 1246 3799 1482 3862; x_wconf 85' lang='lat' dir='ltr'><strong>dictionibus</strong></span> <span class='ocrx_word' id='word_1_353' title='bbox 1503 3797 1582 3879; x_wconf 93' lang='lat' dir='ltr'><strong>plus</strong></span> 
     </span>
     <span class='ocr_line' id='line_1_35' title="bbox 292 3899 1647 3984; baseline -0.001 -22"><span class='ocrx_word' id='word_1_354' title='bbox 292 3900 481 3963; x_wconf 87' lang='lat' dir='ltr'><strong>interdum</strong></span> <span class='ocrx_word' id='word_1_355' title='bbox 515 3900 642 3963; x_wconf 89' lang='lat' dir='ltr'><strong>ualere</strong></span> <span class='ocrx_word' id='word_1_356' title='bbox 674 3901 901 3972; x_wconf 90' lang='lat' dir='ltr'><strong>inuenimus,</strong></span> <span class='ocrx_word' id='word_1_357' title='bbox 941 3919 1046 3982; x_wconf 90' lang='lat' dir='ltr'><strong>quam</strong></span> <span class='ocrx_word' id='word_1_358' title='bbox 1086 3901 1294 3980; x_wconf 86' lang='lat' dir='ltr'><strong>analogiam</strong></span> <span class='ocrx_word' id='word_1_359' title='bbox 1327 3902 1384 3963; x_wconf 88' lang='lat' dir='ltr'><strong>uel</strong></span> <span class='ocrx_word' id='word_1_360' title='bbox 1417 3899 1581 3980; x_wconf 89' lang='lat' dir='ltr'><strong>regulam</strong></span> <span class='ocrx_word' id='word_1_361' title='bbox 1646 3923 1647 3984; x_wconf 56' lang='grc' dir='ltr'><strong>ι</strong></span> 
     </span>
     <span class='ocr_line' id='line_1_36' title="bbox 292 4003 1613 4085; baseline -0.002 -20"><span class='ocrx_word' id='word_1_362' title='bbox 292 4013 594 4085; x_wconf 90' lang='lat' dir='ltr'><strong>praeceptorum.</strong></span> <span class='ocrx_word' id='word_1_363' title='bbox 638 4003 711 4066; x_wconf 89' lang='lat' dir='ltr'><strong>Item</strong></span> <span class='ocrx_word' id='word_1_364' title='bbox 739 4003 777 4066; x_wconf 90' lang='lat' dir='ltr'><strong>de</strong></span> <span class='ocrx_word' id='word_1_365' title='bbox 809 4003 901 4066; x_wconf 86' lang='lat' dir='ltr'><strong>altera</strong></span> <span class='ocrx_word' id='word_1_366' title='bbox 936 4005 1144 4066; x_wconf 89' lang='lat' dir='ltr'><strong>terminatione</strong></span> <span class='ocrx_word' id='word_1_367' title='bbox 1176 4011 1299 4084; x_wconf 90' lang='lat' dir='ltr'><strong>quartae</strong></span> <span class='ocrx_word' id='word_1_368' title='bbox 1332 4003 1538 4065; x_wconf 90' lang='lat' dir='ltr'><strong>declinationis</strong></span> <span class='ocrx_word' id='word_1_369' title='bbox 1564 4007 1613 4061; x_wconf 72' lang='lat' dir='ltr'><strong>„a</strong></span> 
     </span>
     <span class='ocr_line' id='line_1_37' title="bbox 292 4103 1580 4184; baseline -0.005 -16"><span class='ocrx_word' id='word_1_370' title='bbox 292 4109 373 4169; x_wconf 92' lang='lat' dir='ltr'><strong>linita</strong></span> <span class='ocrx_word' id='word_1_371' title='bbox 402 4124 494 4184; x_wconf 89' lang='lat' dir='ltr'><strong>pauca</strong></span> <span class='ocrx_word' id='word_1_372' title='bbox 523 4105 665 4167; x_wconf 90' lang='lat' dir='ltr'><strong>dicamus.</strong></span> <span class='ocrx_word' id='word_1_373' title='bbox 709 4107 785 4167; x_wconf 91' lang='lat' dir='ltr'><strong>Sunt</strong></span> <span class='ocrx_word' id='word_1_374' title='bbox 812 4108 891 4167; x_wconf 89' lang='lat' dir='ltr'><strong>enim</strong></span> <span class='ocrx_word' id='word_1_375' title='bbox 920 4107 1042 4166; x_wconf 88' lang='lat' dir='ltr'><strong>nomina</strong></span> <span class='ocrx_word' id='word_1_376' title='bbox 1065 4113 1170 4167; x_wconf 89' lang='lat' dir='ltr'><strong>neutra</strong></span> <span class='ocrx_word' id='word_1_377' title='bbox 1191 4105 1286 4184; x_wconf 87' lang='lat' dir='ltr'><strong>rigida</strong></span> <span class='ocrx_word' id='word_1_378' title='bbox 1309 4114 1336 4168; x_wconf 90' lang='lat' dir='ltr'><strong>et</strong></span> <span class='ocrx_word' id='word_1_379' title='bbox 1361 4113 1533 4184; x_wconf 88' lang='lat' dir='ltr'><strong>monoptota</strong></span> <span class='ocrx_word' id='word_1_380' title='bbox 1552 4103 1580 4162; x_wconf 92' lang='lat' dir='ltr'><strong>io</strong></span> 
     </span>
     <span class='ocr_line' id='line_1_38' title="bbox 291 4203 1580 4289; baseline -0.002 -21"><span class='ocrx_word' id='word_1_381' title='bbox 291 4208 433 4288; x_wconf 87' lang='lat' dir='ltr'><strong>singulari</strong></span> <span class='ocrx_word' id='word_1_382' title='bbox 461 4224 603 4276; x_wconf 86' lang='lat' dir='ltr'><strong>numero,</strong></span> <span class='ocrx_word' id='word_1_383' title='bbox 637 4223 712 4284; x_wconf 91' lang='lat' dir='ltr'><strong>quae</strong></span> <span class='ocrx_word' id='word_1_384' title='bbox 746 4203 818 4267; x_wconf 90' lang='lat' dir='ltr'><strong>huic</strong></span> <span class='ocrx_word' id='word_1_385' title='bbox 845 4206 1036 4268; x_wconf 84' lang='lat' dir='ltr'><strong>decimationi</strong></span> <span class='ocrx_word' id='word_1_386' title='bbox 1064 4205 1257 4286; x_wconf 88' lang='lat' dir='ltr'><strong>adsignantur</strong></span> <span class='ocrx_word' id='word_1_387' title='bbox 1289 4214 1413 4289; x_wconf 89' lang='lat' dir='ltr'><strong>propter</strong></span> <span class='ocrx_word' id='word_1_388' title='bbox 1439 4205 1580 4288; x_wconf 90' lang='lat' dir='ltr'><strong>pluralem</strong></span> 
     </span>
    </p>
   </div>
   <div class='ocr_carea' id='block_1_3' title="bbox 290 4387 1647 4902">
    <p class='ocr_par' dir='ltr' id='par_1_5' title="bbox 290 4387 1647 4902">
     <span class='ocr_line' id='line_1_39' title="bbox 357 4387 1579 4491; baseline -0.005 -14"><span class='ocrx_word' id='word_1_389' title='bbox 357 4427 476 4477; x_wconf 78' lang='lat' dir='ltr'><strong>2idibus</strong></span> <span class='ocrx_word' id='word_1_390' title='bbox 494 4425 553 4476; x_wconf 84' lang='lat' dir='ltr'><strong>idus</strong></span> <span class='ocrx_word' id='word_1_391' title='bbox 571 4425 629 4475; x_wconf 86' lang='lat' dir='ltr'><strong>idus</strong></span> <span class='ocrx_word' id='word_1_392' title='bbox 648 4420 676 4476; x_wconf 80' lang='lat' dir='ltr'><strong>id</strong></span> <span class='ocrx_word' id='word_1_393' title='bbox 692 4387 783 4476; x_wconf 71' lang='lat' dir='ltr'><strong>aclibus</strong></span> <span class='ocrx_word' id='word_1_394' title='bbox 819 4425 1011 4477; x_wconf 74' lang='lat' dir='ltr'><strong>ddeclinantur</strong></span> <span class='ocrx_word' id='word_1_395' title='bbox 1052 4427 1110 4478; x_wconf 74' lang='lat' dir='ltr'><strong>lsi</strong></span> <span class='ocrx_word' id='word_1_396' title='bbox 1127 4425 1245 4476; x_wconf 86' lang='lat' dir='ltr'><strong>dicuntur</strong></span> <span class='ocrx_word' id='word_1_397' title='bbox 1291 4427 1432 4490; x_wconf 82' lang='lat' dir='ltr'><strong>bqnasibi</strong></span> <span class='ocrx_word' id='word_1_398' title='bbox 1479 4427 1579 4491; x_wconf 78' lang='lat' dir='ltr'><strong>&#39;lpidus</strong></span> 
     </span>
     <span class='ocr_line' id='line_1_40' title="bbox 291 4491 1580 4561; baseline -0.002 -16"><span class='ocrx_word' id='word_1_399' title='bbox 291 4491 853 4561; x_wconf 61' lang='lat' dir='ltr'><strong>sceqer.Prue.aea0miaep.ur,1a</strong></span> <span class='ocrx_word' id='word_1_400' title='bbox 921 4510 996 4546; x_wconf 87' lang='lat' dir='ltr'><strong>corus</strong></span> <span class='ocrx_word' id='word_1_401' title='bbox 1014 4493 1078 4544; x_wconf 89' lang='lat' dir='ltr'><strong>licus</strong></span> <span class='ocrx_word' id='word_1_402' title='bbox 1146 4491 1297 4560; x_wconf 71' lang='lat' dir='ltr'><strong>squama]</strong></span> <span class='ocrx_word' id='word_1_403' title='bbox 1317 4495 1405 4558; x_wconf 86' lang='lat' dir='ltr'><strong>quinte</strong></span> <span class='ocrx_word' id='word_1_404' title='bbox 1485 4497 1517 4544; x_wconf 86' lang='lat'><strong>10</strong></span> <span class='ocrx_word' id='word_1_405' title='bbox 1535 4493 1580 4542; x_wconf 82' lang='lat' dir='ltr'><strong>me</strong></span> 
     </span>
     <span class='ocr_line' id='line_1_41' title="bbox 292 4563 1647 4632; baseline -0.003 -20"><span class='ocrx_word' id='word_1_406' title='bbox 292 4565 324 4613; x_wconf 84' lang='lat'><strong>14</strong></span> <span class='ocrx_word' id='word_1_407' title='bbox 341 4563 431 4614; x_wconf 86' lang='lat' dir='ltr'><strong>uideor</strong></span> <span class='ocrx_word' id='word_1_408' title='bbox 499 4563 531 4614; x_wconf 79' lang='lat' dir='ltr'><strong>ib</strong></span> <span class='ocrx_word' id='word_1_409' title='bbox 547 4563 738 4614; x_wconf 81' lang='lat' dir='ltr'><strong>terminationes</strong></span> <span class='ocrx_word' id='word_1_410' title='bbox 791 4565 823 4614; x_wconf 80' lang='grc'><strong>16</strong></span> <span class='ocrx_word' id='word_1_411' title='bbox 840 4563 953 4614; x_wconf 70' lang='lat' dir='ltr'><strong>emunda</strong></span> <span class='ocrx_word' id='word_1_412' title='bbox 1006 4565 1037 4616; x_wconf 91' lang='grc'><strong>17</strong></span> <span class='ocrx_word' id='word_1_413' title='bbox 1054 4563 1189 4628; x_wconf 84' lang='lat' dir='ltr'><strong>participia</strong></span> <span class='ocrx_word' id='word_1_414' title='bbox 1242 4565 1273 4616; x_wconf 87' lang='lat'><strong>18</strong></span> <span class='ocrx_word' id='word_1_415' title='bbox 1291 4563 1469 4613; x_wconf 82' lang='lat' dir='ltr'><strong>declinationis</strong></span> <span class='ocrx_word' id='word_1_416' title='bbox 1485 4563 1581 4612; x_wconf 85' lang='lat' dir='ltr'><strong>discor·</strong></span> <span class='ocrx_word' id='word_1_417' title='bbox 1646 4613 1647 4632; x_wconf 15' lang='grc' dir='ltr'><strong>χ</strong></span> 
     </span>
     <span class='ocr_line' id='line_1_42' title="bbox 290 4629 1647 4696; baseline 0 -17"><span class='ocrx_word' id='word_1_418' title='bbox 290 4633 396 4680; x_wconf 86' lang='lat' dir='ltr'><strong>rentiam</strong></span> <span class='ocrx_word' id='word_1_419' title='bbox 482 4633 515 4683; x_wconf 77' lang='grc'><strong>23</strong></span> <span class='ocrx_word' id='word_1_420' title='bbox 533 4631 646 4682; x_wconf 84' lang='lat' dir='ltr'><strong>secunda</strong></span> <span class='ocrx_word' id='word_1_421' title='bbox 730 4631 764 4681; x_wconf 75' lang='lat'><strong>24</strong></span> <span class='ocrx_word' id='word_1_422' title='bbox 781 4629 906 4696; x_wconf 85' lang='lat' dir='ltr'><strong>Donatus]</strong></span> <span class='ocrx_word' id='word_1_423' title='bbox 923 4648 951 4696; x_wconf 84' lang='lat' dir='ltr'><strong>p.</strong></span> <span class='ocrx_word' id='word_1_424' title='bbox 971 4633 1031 4693; x_wconf 82' lang='grc'><strong>378,</strong></span> <span class='ocrx_word' id='word_1_425' title='bbox 1052 4633 1087 4680; x_wconf 82' lang='lat'><strong>30</strong></span> <span class='ocrx_word' id='word_1_426' title='bbox 1171 4633 1204 4684; x_wconf 75' lang='grc'><strong>77</strong></span> <span class='ocrx_word' id='word_1_427' title='bbox 1222 4633 1248 4682; x_wconf 91' lang='lat' dir='ltr'><strong>in</strong></span> <span class='ocrx_word' id='word_1_428' title='bbox 1266 4631 1307 4681; x_wconf 88' lang='lat' dir='ltr'><strong>his</strong></span> <span class='ocrx_word' id='word_1_429' title='bbox 1385 4633 1419 4683; x_wconf 83' lang='lat'><strong>30</strong></span> <span class='ocrx_word' id='word_1_430' title='bbox 1436 4631 1578 4696; x_wconf 80' lang='lat' dir='ltr'><strong>iugerorum</strong></span> <span class='ocrx_word' id='word_1_431' title='bbox 1646 4647 1647 4688; x_wconf 84' lang='lat' dir='ltr'><strong>l</strong></span> 
     </span>
     <span class='ocr_line' id='line_1_43' title="bbox 291 4697 1647 4765; baseline -0.001 -19"><span class='ocrx_word' id='word_1_432' title='bbox 291 4698 408 4747; x_wconf 74' lang='lat' dir='ltr'><strong>Donatus</strong></span> <span class='ocrx_word' id='word_1_433' title='bbox 425 4697 507 4748; x_wconf 79' lang='lat' dir='ltr'><strong>Keilii</strong></span> <span class='ocrx_word' id='word_1_434' title='bbox 555 4701 673 4765; x_wconf 89' lang='lat' dir='ltr'><strong>iugerum</strong></span> <span class='ocrx_word' id='word_1_435' title='bbox 692 4699 1029 4751; x_wconf 73' lang='lat' dir='ltr'><strong>Donatieod.Leid122.</strong></span> <span class='ocrx_word' id='word_1_436' title='bbox 1116 4701 1148 4750; x_wconf 78' lang='lat'><strong>32</strong></span> <span class='ocrx_word' id='word_1_437' title='bbox 1166 4701 1198 4750; x_wconf 87' lang='lat' dir='ltr'><strong>ab</strong></span> <span class='ocrx_word' id='word_1_438' title='bbox 1216 4699 1249 4750; x_wconf 87' lang='lat' dir='ltr'><strong>lao</strong></span> <span class='ocrx_word' id='word_1_439' title='bbox 1268 4701 1357 4764; x_wconf 86' lang='lat' dir='ltr'><strong>ingero</strong></span> <span class='ocrx_word' id='word_1_440' title='bbox 1427 4701 1460 4750; x_wconf 83' lang='grc'><strong>33</strong></span> <span class='ocrx_word' id='word_1_441' title='bbox 1478 4699 1579 4761; x_wconf 85' lang='lat' dir='ltr'><strong>quibus·</strong></span> <span class='ocrx_word' id='word_1_442' title='bbox 1646 4697 1647 4724; x_wconf 68' lang='lat' dir='ltr'><strong>l</strong></span> 
     </span>
     <span class='ocr_line' id='line_1_44' title="bbox 291 4765 1647 4832; baseline 0 -20"><span class='ocrx_word' id='word_1_443' title='bbox 291 4765 350 4812; x_wconf 84' lang='lat' dir='ltr'><strong>dam</strong></span> <span class='ocrx_word' id='word_1_444' title='bbox 368 4767 440 4814; x_wconf 82' lang='lat' dir='ltr'><strong>deest</strong></span> <span class='ocrx_word' id='word_1_445' title='bbox 456 4767 528 4829; x_wconf 82' lang='lat' dir='ltr'><strong>eprad</strong></span> <span class='ocrx_word' id='word_1_446' title='bbox 545 4767 670 4816; x_wconf 82' lang='lat' dir='ltr'><strong>Dnaatom</strong></span> <span class='ocrx_word' id='word_1_447' title='bbox 749 4767 1011 4818; x_wconf 68' lang='lat' dir='ltr'><strong>calumniaturum.</strong></span> <span class='ocrx_word' id='word_1_448' title='bbox 1031 4767 1146 4818; x_wconf 70' lang='lat' dir='ltr'><strong>Dentatus</strong></span> <span class='ocrx_word' id='word_1_449' title='bbox 1163 4769 1244 4820; x_wconf 82' lang='lat' dir='ltr'><strong>Keilii</strong></span> <span class='ocrx_word' id='word_1_450' title='bbox 1277 4768 1469 4816; x_wconf 85' lang='lat' dir='ltr'><strong>meminerimus</strong></span> <span class='ocrx_word' id='word_1_451' title='bbox 1486 4765 1578 4832; x_wconf 85' lang='lat' dir='ltr'><strong>euplro·</strong></span> <span class='ocrx_word' id='word_1_452' title='bbox 1646 4797 1647 4830; x_wconf 47' lang='lat' dir='ltr'><strong>p</strong></span> 
     </span>
     <span class='ocr_line' id='line_1_45' title="bbox 292 4832 1647 4902; baseline 0.002 -21"><span class='ocrx_word' id='word_1_453' title='bbox 292 4833 360 4881; x_wconf 89' lang='lat' dir='ltr'><strong>niam</strong></span> <span class='ocrx_word' id='word_1_454' title='bbox 379 4832 785 4902; x_wconf 75' lang='lat' dir='ltr'><strong>Donctieed.Parialmre1180</strong></span> <span class='ocrx_word' id='word_1_455' title='bbox 853 4835 886 4886; x_wconf 77' lang='lat'><strong>35</strong></span> <span class='ocrx_word' id='word_1_456' title='bbox 903 4833 936 4883; x_wconf 88' lang='lat' dir='ltr'><strong>de</strong></span> <span class='ocrx_word' id='word_1_457' title='bbox 953 4832 1003 4882; x_wconf 87' lang='lat' dir='ltr'><strong>alte</strong></span> <span class='ocrx_word' id='word_1_458' title='bbox 1071 4836 1104 4884; x_wconf 83' lang='grc'><strong>36</strong></span> <span class='ocrx_word' id='word_1_459' title='bbox 1122 4845 1182 4886; x_wconf 87' lang='lat' dir='ltr'><strong>sunt</strong></span> <span class='ocrx_word' id='word_1_460' title='bbox 1198 4837 1224 4885; x_wconf 92' lang='lat' dir='ltr'><strong>in</strong></span> <span class='ocrx_word' id='word_1_461' title='bbox 1292 4837 1325 4886; x_wconf 82' lang='grc'><strong>37</strong></span> <span class='ocrx_word' id='word_1_462' title='bbox 1343 4834 1514 4885; x_wconf 83' lang='lat' dir='ltr'><strong>declinatione</strong></span> <span class='ocrx_word' id='word_1_463' title='bbox 1646 4839 1647 4846; x_wconf 78' lang='grc'>’</span> 
     </span>
    </p>
   </div>
   <div class='ocr_carea' id='block_1_4' title="bbox 1368 4961 1393 4998">
    <p class='ocr_par' dir='ltr' id='par_1_6' title="bbox 1368 4961 1393 4998">
     <span class='ocr_line' id='line_1_46' title="bbox 1368 4961 1393 4998; baseline 0 -4"><span class='ocrx_word' id='word_1_464' title='bbox 1368 4961 1393 4998; x_wconf 78' lang='lat' dir='ltr'><strong><em>s</em></strong></span> 
     </span>
    </p>
   </div>
   <div class='ocr_carea' id='block_1_5' title="bbox 0 0 1662 5559">
    <p class='ocr_par' dir='ltr' id='par_1_7' title="bbox 0 0 1662 5559">
     <span class='ocr_line' id='line_1_47' title="bbox 0 0 1662 5559; baseline 0 0"><span class='ocrx_word' id='word_1_465' title='bbox 0 0 1662 5559; x_wconf 95' lang='lat' dir='ltr'><strong> </strong></span> 
     </span>
    </p>
   </div>
  </div>
 </body>
</html>
