3378 5550
295 358 452 408 cxxxxlv
616 342 809 396 AVCTORES
827 341 995 396 ANONYMI
1012 343 1062 394 DE
1080 342 1259 396 LITTERIS.

295 551 362 595 rum
389 535 525 602 nomina,
556 549 631 612 quos
660 531 808 617 supplicio
836 530 1016 594 alliciebant.
1061 530 1098 592 Ει
1119 529 1230 592 dicitur
1252 529 1333 591 theta
1355 522 1421 591 dard
1443 527 1504 591 τοῦ
1524 532 1593 591 cia·

294 634 401 696 adano
430 636 508 696 idest
530 654 545 696 a
569 643 673 696 morte.
718 633 800 695 Vnde
824 641 854 695 et
876 633 968 696 habet
993 651 1048 714 per
1075 633 1206 694 medium
1236 632 1342 703 telum,
1371 632 1451 694 idest
1480 635 1594 694 mortis

292 738 420 816 signum.
464 737 506 798 lie
530 755 587 816 qua
609 735 777 818 quidam:

496 839 696 901 Omultum
720 845 803 900 ante
827 837 923 899 alias
945 837 1082 898 inlelix
1105 829 1239 898 littera
1264 837 1377 898 theta.

378 942 408 1021 §-
432 938 452 1004 9
480 941 581 1003 Tertia
614 949 662 1002 tau
694 943 818 1020 figuram
853 923 1060 1001 ddmonstrans
1093 938 1259 1001 dominicae
1294 941 1402 1001 crucis.
1446 938 1528 999 Vnde
1557 946 1624 999 ets

293 1042 441 1106 Ilebraice
464 1045 582 1122 signum
605 1045 834 1124 interpretatur.
879 1042 921 1104 lle
949 1061 1006 1123 qua
1029 1041 1143 1103 dictum
1165 1049 1210 1102 est
1232 1043 1264 1102 in
1286 1039 1442 1103 Ezechiele
1464 1025 1590 1118 angelo:

293 1145 412 1207 ‘Transi
426 1163 481 1227 per
496 1145 623 1207 mediam
645 1145 834 1207 Hierusalem
856 1153 886 1207 et
913 1141 998 1224 signa
1022 1145 1093 1207 tlrau
1116 1145 1147 1205 in
1170 1144 1283 1204 lrontes
1307 1145 1441 1204 uirorum
1463 1159 1592 1221 gemen-

293 1249 368 1310 tium
392 1255 422 1309 et
444 1245 632 1310 dolentium’.
671 1246 812 1328 lieliquas
835 1265 907 1310 uero
930 1246 1003 1308 duas
1027 1263 1171 1308 summam
1195 1252 1226 1307 et
1248 1243 1381 1306 ultimam
1404 1243 1463 1306 sibi
1487 1243 1592 1304 uindi-

294 1359 341 1412 cat
358 1351 503 1413 Christus.
533 1348 600 1430 lpse
623 1352 702 1412 enim
725 1351 924 1431 principium,
948 1351 1011 1430 ipsc
1027 1356 1058 1410 et
1074 1349 1156 1417 linis,
1177 1345 1298 1430 dicens:
1323 1345 1396 1425 ‘Ego
1411 1365 1476 1408 sum
1498 1345 1590 1426 alpha

293 1459 324 1513 el
338 1454 390 1516 ω’.
429 1451 686 1516 Concurrentibus
708 1453 788 1513 onim
811 1454 841 1514 in
863 1471 894 1513 se
917 1451 1049 1512 inuicem
1072 1447 1158 1529 alplra
1186 1446 1222 1510 ad
1245 1467 1273 1510 ur
1295 1465 1390 1527 usque
1413 1446 1592 1511 deuoluitur
1609 1467 1639 1506 ro

294 1562 324 1615 et
346 1571 450 1617 rursus
473 1574 499 1617 ω
529 1555 564 1616 ad
594 1554 680 1634 alpha
708 1553 879 1635 replicatur,
907 1559 940 1614 ut
967 1551 1140 1615 ostenderet
1167 1552 1198 1611 in
1225 1567 1257 1612 se
1280 1551 1422 1614 Dominus
1449 1559 1480 1612 et
1506 1551 1589 1612 Initii

293 1657 453 1719 decursum
475 1656 511 1718 ad
534 1659 623 1719 finem
646 1664 675 1718 et
697 1657 765 1718 linis
787 1655 945 1719 decursum
968 1655 1004 1717 ad
1027 1655 1156 1715 initium.

361 1864 459 1926 iquos
478 1861 551 1912 morti
571 1859 776 1927 etsrrbplicioB
810 1860 900 1910 mortis
918 1857 1083 1925 supplicioP
1114 1855 1247 1922 ,supplicio
1265 1855 1309 1906 DE
1361 1855 1551 1908 adliciebantB

293 1931 362 1981 theta
380 1928 496 1982 amotio
548 1930 617 1980 desta
635 1931 810 1995 apolitanaton
829 1927 893 1978 ABG
907 1925 912 1992 1
928 1927 995 1977 theta
1013 1922 1321 1979 aeorrznrmron
1340 1925 1361 1974 D
1381 1924 1386 1991 Ι
1405 1925 1473 2005 eirena
1491 1937 1590 1990 aporu-

294 2013 541 2080 tlruoetonlllteta
558 2013 789 2080 apotitlreuatonF
857 2012 1086 2078 {idestamorte
1103 2009 1246 2079 aigrpuppli
1286 2012 1389 2077 signum
1406 2007 1431 2062 Υ
1448 2010 1479 2060 de
1496 2010 1590 2073 quae

328 2117 486 2184 permedio,
505 2116 670 2168 corn-dium
690 2091 931 2181 Alpermedidc
1004 2089 1176 2180 3qunna
1229 2111 1588 2178 quidumaitDquuidam
1640 2162 1643 2168 ,

294 2187 331 2236 sic
348 2185 422 2236 aitE
491 2182 657 2248 dtlreterpss
742 2185 874 2234 Itertiam
892 2195 934 2232 mn
953 2180 993 2247 ΒΙ
1014 2183 1098 2234 tercie.
1119 2194 1136 2236 ι,
1156 2183 1217 2234 thau
1234 2178 1359 2243 Picentia
1378 2181 1438 2232 thau
1458 2178 1590 2246 Elteruin

292 2251 349 2304 tlau
367 2249 498 2316 Alternia
517 2251 596 2302 aruc
619 2250 624 2314 Ι
647 2251 723 2302 tercia
744 2250 825 2301 toul)
877 2251 1003 2300 dominice
1025 2251 1087 2301 Ber
1138 2251 1233 2302 Tamen
1251 2261 1276 2300 et
1294 2248 1364 2306 Otto,
1385 2248 1451 2298 unde
1468 2259 1493 2298 et
1509 2249 1589 2298 codd.

293 2322 423 2371 lidictum
441 2331 480 2370 est
496 2335 543 2372 om.
563 2319 581 2368 F
633 2318 766 2380 ezechiele,
776 2319 807 2369 'le
824 2323 850 2370 in
866 2334 918 2370 raa.
938 2318 1128 2383 Aliezechielo
1146 2319 1165 2370 G
1180 2319 1184 2382 Ι
1199 2316 1333 2369 iezechiele
1350 2315 1392 2366 Dr
1444 2332 1489 2383 per
1506 2331 1591 2380 nuga-

292 2390 343 2440 qur
362 2388 407 2439 ue
476 2385 660 2439 'lmcdiumc
711 2387 864 2438 iherusalem
883 2383 1048 2452 Dlilnlrr’l'
1099 2399 1142 2438 tau
1160 2385 1222 2438 BGD
1274 2389 1299 2435 in
1318 2385 1424 2444 frontes,
1442 2400 1470 2434 es
1487 2385 1513 2434 in
1530 2399 1589 2434 raa.

292 2456 354 2507 Ciu
374 2446 500 2512 lroutssrus
519 2455 562 2505 DE
630 2456 790 2505 8sumnram
810 2455 964 2506 ultimamll
1015 2455 1196 2506 uendicetlll'
1264 2455 1354 2520 Pipae
1372 2453 1431 2502 linis
1450 2449 1589 2517 BDlipse

293 2536 384 2608 Btllnis
404 2557 514 2624 Clipea
532 2567 556 2607 et
574 2557 632 2607 linis
651 2557 692 2606 lili
715 2556 720 2621 Ι
739 2557 796 2624 ipse
813 2567 852 2608 est
869 2556 928 2606 linis
946 2558 969 2606 Α
1021 2559 1053 2610 10
1070 2557 1277 2608 concurrentibus
1295 2580 1328 2591 -
1346 2568 1370 2606 ω
1388 2557 1415 2605 in
1431 2570 1510 2620 narp.
1529 2554 1550 2603 B

291 2625 463 2678 attsernss
549 2627 580 2676 ll
598 2626 961 2691 rursusoalphal'rursue
979 2627 1064 2688 codd,
1082 2641 1183 2676 rursum
1203 2625 1260 2676 Otto
1329 2623 1398 2673 inicii
1417 2622 1482 2672 lter
1553 2625 1587 2672 12

291 2696 424 2757 decursus,
443 2709 512 2749 carr.
529 2693 664 2745 decursum
683 2693 707 2743 A
758 2695 860 2744 iniciunt
880 2693 943 2742 oue

376 2987 421 3049 Pe
439 3007 461 3066 p
481 2988 583 3049 littera
603 2986 800 3065 Pytaapcrac
826 2985 965 3047 Seruium
993 3001 1109 3062 quoque
1134 2987 1206 3046 iicet
1226 2997 1399 3061 conparare
1420 2982 1464 3042 aa
1492 2981 1582 3056 Vera.

292 3090 365 3152 Aen.
395 3089 444 3152 VI
463 3096 518 3149 136
539 3095 568 3150 et
593 3095 661 3148 477.

376 3192 463 3266 Quod
473 3193 576 3252 altimo
586 3192 653 3253 Ioco
666 3192 739 3252 dedi
748 3191 786 3250 dc
796 3192 966 3252 litterarum
975 3189 1164 3264 formatione
1175 3205 1213 3250 ac
1222 3189 1471 3266 pronuntiatione
1480 3193 1584 3262 caput,

290 3311 326 3357 eo
337 3297 455 3356 ratione
469 3291 545 3356 satis
556 3295 695 3354 dissimili
706 3293 785 3354 idern
800 3299 955 3354 tractatur
966 3299 1183 3370 arpumentum,
1201 3293 1232 3352 in
1244 3306 1304 3367 quo
1319 3291 1440 3351 Maricas
1454 3291 1584 3351 Victori-

291 3415 347 3459 nus
369 3403 511 3459 uersatur
528 3413 562 3473 p.
586 3402 792 3456 2453-2455
814 3396 843 3455 P
859 3405 888 3456 et
912 3393 1112 3456 Terentianus
1134 3395 1264 3455 Maurus
1277 3410 1314 3469 p.
1334 3397 1531 3452 2385-2388
1547 3391 1582 3451 P.

375 3499 412 3560 In
441 3501 487 3560 iris
514 3500 607 3574 ipitur
634 3498 814 3559 tractatibus
844 3500 889 3559 ad
918 3500 1036 3558 litteras
1061 3496 1282 3573 pcrtinentibus
1312 3496 1438 3556 coenan
1467 3495 1586 3555 duobus

290 3603 375 3664 ir'dris
396 3602 609 3677 manuscriptis
632 3617 701 3660 usus
722 3617 786 3661 sum
808 3600 877 3661 coci.
901 3606 958 3658 417
979 3615 1059 3659 saec.
1083 3598 1136 3658 IX
1154 3605 1183 3657 et
1203 3599 1271 3660 cod.
1290 3603 1328 3658 36
1349 3613 1429 3658 saec.
1445 3596 1486 3670 X,
1510 3611 1583 3670 pao·

292 3721 359 3766 ram
381 3701 435 3765 ille
452 3705 584 3780 primun
607 3718 644 3762 ae
666 3702 800 3776 tertium,
824 3702 874 3763 nic
895 3702 1057 3762 secundum
1074 3701 1212 3776 praebet.

377 3807 513 3868 Continet
539 3811 638 3866 autem
665 3804 733 3865 cod.
764 3809 822 3862 417
844 3802 875 3877 s.
901 3800 1022 3862 r-sa
1050 3809 1239 3877 computum:
1283 3787 1432 3862 INCIPIT
1449 3795 1588 3880 compatri

296 3925 471 3988 graecorum
495 3909 559 3968 siue
583 3904 753 3966 latinorum.
799 3902 885 3965 lan‘r's'
911 3900 962 3984 afi's
990 3913 1021 3964 et
1042 3883 1135 3964 dech
1157 3901 1209 3962 llll
1231 3921 1324 3964 nonas
1347 3901 1457 3964 liabent
1478 3901 1584 3963 XVIIII

294 4018 362 4092 post
386 4009 453 4071 idus
476 4017 505 4070 et
528 4007 591 4070 dies
613 4005 706 4068 XXXI
727 4041 768 4052 -
791 4005 870 4068 nulla
894 4007 1013 4087 requies
1035 4023 1175 4098 concessa
1198 4013 1253 4066 esi.
1297 4003 1408 4066 FINIT.
1432 4005 1483 4086 qui
1505 4006 1585 4065 uiuit

173 4103 180 4127 ⁸
291 4115 322 4176 in
346 4119 501 4174 aeternum
524 4111 639 4172 creauit
662 4111 763 4171 omnia
786 4106 884 4169 simul.
928 4107 1029 4170 Utenti
1045 4110 1105 4169 nita
1120 4115 1222 4186 eterna
1239 4105 1349 4186 legenti
1371 4105 1444 4167 fides
1466 4114 1583 4168 crescet

291 4217 323 4277 in
345 4213 400 4275 dria
422 4209 617 4286 aXllN;s.
643 4220 682 4272 34
689 4217 809 4270 ·-44“
829 4213 965 4286 sequitur
987 4217 1133 4272 tractatus
1154 4211 1192 4270 de
1214 4211 1416 4270 astronomia:
1443 4206 1583 4270 INCIPIT

290 4314 340 4377 DE
360 4314 603 4378 nsrnortonm
626 4309 718 4396 (suin
741 4309 823 4395 nli)
845 4314 1033 4374 astronomia
1060 4320 1106 4374 est
1133 4320 1281 4374 astrorum
1311 4320 1356 4373 est
1378 4329 1453 4392 quae
1476 4327 1584 4372 cursus

291 4418 421 4480 siderum
444 4424 475 4479 et
495 4419 605 4496 ligures
627 4425 656 4477 et
679 4415 869 4478 habitudines
891 4415 1042 4476 stellarum
1065 4416 1145 4475 circa
1167 4431 1199 4475 se
1215 4421 1245 4476 et
1260 4416 1341 4475 circa
1363 4421 1473 4474 terram
1496 4411 1583 4474 inda-

290 4519 381 4600 gabili
397 4521 515 4581 ratione
529 4520 682 4600 percurrit
696 4553 737 4562 -
753 4517 916 4599 perductus
931 4524 976 4578 est
990 4516 1105 4578 scilicet
1120 4524 1152 4577 ut
1174 4517 1289 4578 animos
1307 4536 1322 4579 a
1339 4516 1469 4577 terrenis
1490 4513 1584 4576 rebus

291 4621 454 4684 abduceret
476 4629 506 4683 ct
528 4623 558 4683 in
581 4638 709 4701 superna
732 4620 982 4702 contemplatione
1003 4617 1190 4697 perduceret.
1335 4695 1341 4708 ι

374 4725 452 4786 Inde
473 4723 539 4798 af.
564 4730 624 4784 44⁶
645 4725 796 4787 indentur
818 4725 901 4786 uarii
919 4727 1069 4786 tractatas
1096 4723 1307 4783 astronomici:
1339 4723 1361 4782 l.
1383 4717 1442 4781 44·
1465 4717 1583 4780 PRIMO

291 4825 418 4889 lGl'l'Uli
441 4824 543 4887 ΑΝΝΟ
565 4824 852 4888 PRAEPXlidtionis
881 4825 927 4886 leis
956 4808 1031 4884 sexli
1060 4825 1155 4903 prima
1183 4823 1255 4884 hora
1277 4858 1317 4868 —
1340 4823 1361 4883 l.
1384 4817 1445 4882 46¹·
1468 4824 1583 4884 etexit
1683 4857 1688 4872 ‹
