3352 5556
267 323 373 370 (tlaxva
784 303 834 354 Du
852 301 1038 353 FLAVIANO

309 495 372 558 Ede
396 511 514 573 utreque
544 499 668 554 testante
697 487 905 554 Consentio

269 597 561 678 plusquamperfecto
589 603 687 663 caret,
716 595 902 656 Cominio-

268 718 335 761 nus
361 707 460 760 tamen
492 696 618 758 ederem.
639 713 705 756 esse
738 695 810 756 (licit
838 696 901 770 (cs.

270 799 437 876 Guinsredi
458 798 511 874 qui
526 796 642 860 dieitur
656 807 805 874 excerpta
820 805 900 859 auct.

275 901 374 965 Vatia.
404 905 432 964 V
446 920 481 980 p.
508 908 564 960 150
585 902 633 961 ed.
659 899 765 976 Mai).

340 1023 387 1083 VI
410 1021 515 1082 Codex
538 1017 742 1080 Einsidlencis
765 1026 800 1078 15
822 1036 901 1081 saec.

269 1125 303 1186 II
323 1124 367 1183 ad
388 1119 545 1184 Prisciani
572 1121 611 1181 de
637 1119 810 1182 accentibus
831 1119 905 1181 libri

268 1229 398 1315 locum,
418 1223 472 1300 qui
497 1233 541 1284 est
564 1241 598 1300 p.
624 1230 697 1296 526,
723 1229 742 1282 8
770 1225 817 1296 II,
847 1223 904 1283 lroc

183 1338 185 1344 '
269 1328 358 1388 labet
389 1323 526 1402 marcini
559 1323 749 1402 adscriptum
773 1343 809 1402 p.
841 1331 904 1398 108,

269 1447 350 1491 man.
373 1446 454 1489 saec.
478 1427 525 1488 II:
1073 1389 1230 1452 Charisii&
1249 1409 1281 1466 p.
1307 1397 1353 1464 17,
1379 1397 1411 1448 2³

313 1527 468 1610 sinciput]
482 1529 554 1589 Sine
569 1531 666 1608 cap-lte
681 1526 728 1588 niel
742 1531 807 1590 sine
822 1530 904 1609 prin·
973 1529 1009 1587 Vl
1036 1535 1080 1588 cst
1107 1527 1251 1607 sinciput,
1279 1543 1347 1585 eum
1375 1523 1567 1602 intellegatur

270 1633 335 1712 cipe
357 1649 409 1692 seu
433 1631 598 1710 posteriora
625 1633 687 1708 (sic)
709 1649 779 1710 pers
801 1632 905 1710 capitis
932 1639 1074 1692 semotum
1098 1637 1195 1710 ceput.

269 1732 316 1794 uel
341 1741 462 1794 senatus
484 1745 581 1812 ceput.
620 1733 748 1794 Cicero
771 1750 844 1793 uero
860 1733 903 1793 dl·

272 1834 393 1897 midioen
418 1834 538 1914 capitis,
569 1835 774 1896 Flauianus
802 1853 904 1896 sanum

272 1945 361 2018 caput
383 1934 524 1998 dictiue!
548 1937 637 1997 semis
659 1935 764 2016 ceput(

306 2149 310 2162 '
355 2141 417 2202 Sed
437 2148 533 2201 restat
553 2139 619 2202 alia
641 2139 778 2216 quaestio
798 2138 966 2204 litteraria.
1006 2140 1148 2218 Catalopi
1168 2140 1247 2204 enim
1266 2141 1422 2204 Bobiensis
1444 2140 1568 2218 antium?

271 2241 444 2316 (Muratori
467 2241 670 2317 Antr'ouitates
691 2241 823 2304 Italicae
844 2244 913 2318 III,
939 2252 1012 2319 820,
1042 2244 1086 2319 cs.
1119 2245 1151 2304 C.
1179 2243 1309 2306 rumori·
1330 2254 1476 2320 excerpto
1498 2247 1519 2304 l.
1543 2247 1566 2304 l.

267 2365 302 2424 p.
327 2353 365 2406 63
386 2349 467 2420 not.)
490 2342 552 2404 iam
576 2345 687 2406 dudum
702 2343 814 2406 mentio
833 2343 924 2418 facta
944 2354 1013 2406 erat
1034 2349 1094 2406 liae
1116 2349 1146 2406 in
1168 2363 1205 2406 re
1225 2355 1254 2407 et
1275 2344 1568 2420 aIleifferscleeidio

272 2446 358 2520 olim,
390 2443 460 2507 dein
484 2463 503 2506 a
526 2443 629 2506 IIeilio
657 2454 749 2522 atque
777 2447 941 2526 Macellum,
970 2447 1023 2524 qui
1049 2465 1117 2509 cram
1144 2445 1210 2509 aliu
1237 2455 1298 2508 tum
1325 2450 1402 2508 laec
1428 2445 1566 2508 esaon.-

272 2548 409 2611 ‘Librum
431 2549 454 2608 I
474 2545 620 2608 Flauiani
642 2550 680 2607 de
701 2563 845 2609 consensu
866 2547 1020 2611 nominum
1042 2557 1071 2610 et
1094 2545 1316 2632 uerborum'.*)

358 2653 449 2712 Hune
469 2648 568 2725 ipitur
589 2653 686 2710 locum
709 2666 770 2710 uno
791 2666 936 2711 consensu
958 2667 1065 2720 omnes,
1089 2649 1143 2727 qui
1166 2647 1198 2712 in
1220 2653 1279 2712 laec
1301 2649 1477 2726 quaestione
1497 2669 1566 2713 eno

273 2755 378 2815 danda
399 2754 598 2826 sudauerunt,
622 2751 700 2813 satis
718 2751 919 2829 probabiliter
947 2755 990 2812 ad
1017 2752 1152 2829 quintum
1182 2751 1318 2814 Chamsii
1345 2753 1453 2814 librum
1475 2762 1567 2814 rettu-

272 2859 383 2916 lerunt.
428 2851 648 2933 Ouiusopcris
675 2852 770 2916 libros
796 2863 937 2930 quattuor
962 2853 1112 2942 priores„
1138 2873 1213 2931 quos
1239 2872 1260 2914 a
1288 2853 1393 2930 quinto
1418 2853 1567 2917 seiunctas

273 2973 495 3032 nonnumquam
529 2955 696 3032 separatim
730 2974 750 3016 a
783 2955 925 3018 librariis
957 2956 1088 3033 scriptos
1113 2956 1213 3030 fuisse
1239 2955 1381 3018 conicere
1406 2955 1494 3032 licet,
1528 2975 1566 3017 en

275 3059 367 3119 Italos
389 3056 502 3119 diserte
524 3067 713 3119 azumeratas
734 3057 767 3120 in
789 3062 930 3135 catalopo
952 3057 1223 3134 prammaticorum
1250 3057 1419 3134 Hennensi,
1449 3061 1487 3119 de
1508 3077 1566 3134 quo

274 3160 363 3221 huius
387 3158 489 3236 partis
516 3159 620 3236 capite
643 3158 745 3236 primo
767 3159 962 3222 disseruimus
979 3179 1013 3237 p.
1038 3160 1257 3222 OIIXXIIIII:
1285 3161 1329 3220 Ile
1350 3159 1447 3222 Italia
1468 3207 1559 3222 .....

274 3259 422 3323 Flauiani
443 3259 517 3322 libri
538 3262 619 3322 IIII.

358 3365 467 3439 Itaque
495 3380 597 3424 rerum
626 3371 715 3440 atquc
744 3371 908 3440 temporum
936 3363 1048 3427 notitia
1070 3362 1235 3441 paullatim
1258 3361 1420 3441 diffluente
1442 3363 1564 3434 accidit.

274 3475 305 3527 ut
334 3463 470 3526 Clnmsii
497 3463 617 3526 nomine
644 3464 796 3527 obliuione
822 3469 936 3528 obtecto
963 3465 1027 3527 eins
1054 3465 1172 3543 scripto
1199 3468 1287 3526 modo
1312 3464 1486 3528 Geminiani
1514 3485 1564 3528 no

274 3566 355 3628 mine
372 3575 634 3644 proponerentur,
657 3566 744 3629 enicas
764 3567 811 3629 rei
826 3568 946 3630 IIeilius
961 3567 1156 3629 uerisimilem
1171 3584 1296 3629 causum
1311 3566 1450 3629 reddidit
1458 3569 1563 3645 praes.

278 3668 398 3730 Cleonis.
418 3687 451 3746 p.
475 3667 633 3738 XLVIII,
661 3671 749 3730 modo
772 3669 926 3732 Flauiano
948 3669 1070 3732 cuidam
1092 3669 1316 3745 tribuerentur,
1346 3669 1565 3746 quodquidam

276 3789 380 3832 nomen
403 3788 443 3830 ex
471 3769 568 3846 ipsius
592 3769 727 3834 Charisii
751 3770 951 3849 praenomine
977 3774 1137 3844 confictum
1164 3779 1232 3832 eret
1258 3769 1318 3847 da,
1348 3779 1383 3832 ut
1407 3771 1470 3833 iam
1491 3771 1565 3834 satis

275 3870 399 3934 uetustis
427 3871 609 3948 temporibus
636 3876 697 3934 duo
730 3872 791 3934 ieta
824 3873 948 3936 nomina
980 3873 1070 3950 quasi
1095 3875 1179 3934 nulla
1211 3871 1274 3935 nisi
1302 3872 1435 3946 fortuita
1465 3893 1564 3936 rerum

273 3993 395 4037 concurr
417 3973 460 4033 ad
479 3992 542 4035 sese
563 3974 742 4037 accedentia
769 3979 857 4038 modo
884 3975 1047 4038 coniuncta
1073 3974 1366 4049 circumferrentur,
1396 3979 1484 4038 modo
1508 3995 1565 4054 pro

274 4095 307 4138 se
333 4077 472 4153 quodque
500 4076 685 4138 auctoritate
712 4077 858 4154 uiuerent.
912 4079 974 4151 (luo
996 4080 1117 4154 factum
1146 4086 1206 4156 cst,
1237 4085 1269 4138 ut
1296 4076 1358 4139 iam
1385 4077 1418 4140 in
1445 4078 1566 4141 sclroliii

277 4177 481 4239 dunensibus
503 4187 532 4238 et
554 4178 750 4241 Caminianus
770 4189 801 4242 et
815 4180 985 4243 Flauianus
1002 4179 1126 4242 seorsim
1149 4181 1360 4255 laudarentur,
1384 4180 1565 4242 coniunctim

275 4279 308 4340 in
330 4290 397 4340 arte
418 4298 570 4359 anonyma
592 4281 743 4342 Beruensi
759 4301 794 4360 p.
822 4291 891 4345 133.
918 4291 953 4343 29
980 4292 1071 4360 atque
1093 4283 1178 4359 apud
1200 4283 1433 4345 Mulsacltnnum
1455 4291 1484 4344 et
1506 4284 1564 4344 Cle-

344 4582 371 4649 *)
390 4587 465 4636 Recte
484 4587 513 4638 H.
532 4587 627 4638 Kellios
651 4589 736 4638 Herm.
754 4591 764 4639 I
782 4605 808 4656 p.
827 4593 876 4641 333
898 4590 965 4640 hunc
989 4589 1088 4639 tiliolum
1113 4603 1162 4640 non
1188 4592 1221 4641 ed
1243 4591 1430 4641 celeberrimum
1456 4589 1562 4640 codicem

277 4651 469 4718 Neapolitanum
499 4657 624 4720 perticere
650 4671 728 4722 posse
752 4659 829 4722 uidit,
857 4659 953 4724 quippe
976 4659 1020 4721 qui
1043 4658 1116 4708 Bobii
1138 4661 1250 4725 scriptus
1277 4671 1301 4709 et
1328 4673 1416 4708 omues
1443 4660 1564 4709 continent

275 4720 387 4782 quinque
405 4724 491 4780 lituos,
511 4725 534 4770 io
555 4739 662 4786 (quornm
683 4727 871 4777 uniuersitatem
889 4727 939 4776 isto
957 4727 1033 4775 uerba
1052 4727 1156 4775 minime
1178 4728 1320 4792 qrtadreut,
1338 4738 1363 4777 et
1381 4742 1428 4776 suo
1447 4726 1500 4776 loco
1519 4725 1562 4775 So-

275 4789 365 4856 sipntri
384 4792 486 4840 troiulue
503 4793 589 4841 addito
609 4793 632 4842 io
653 4793 741 4842 eodem
761 4795 802 4844 illo
821 4795 937 4859 catalogo
956 4805 1115 4843 enumeretur
1133 4811 1159 4861 p.
1178 4797 1236 4846 821.
