3308 5542
321 371 397 418 xnlt
737 353 788 406 Du
806 353 928 404 ulutatu
946 351 1203 404 uunuuustuvs.

400 541 411 626 ΙΙ
435 549 454 605 i.
472 547 529 606 98³
551 541 563 624 ΙΙ
585 548 621 604 [le
644 563 699 622 que
722 546 805 604 Roma
827 547 932 622 accepit
961 545 1079 603 numeni
1123 545 1159 602 lle
1187 544 1302 602 llomulo
1330 555 1358 601 et
1384 545 1467 602 Reme
1496 541 1623 620 (remulo)

321 633 430 691 (luobus
453 631 600 702 iratribus,
623 634 671 708 qui
694 631 803 689 Romam
826 630 923 704 (roma)
947 629 1174 703 aedilicauerunt,
1197 637 1225 687 et
1246 637 1325 687 antea
1345 629 1412 688 stoa
1429 626 1527 706 (albus)
1550 631 1624 688 dice·

323 719 404 776 iratur
426 725 454 774 et
476 718 597 792 populus
620 713 685 792 (es)
708 717 769 774 cius
792 716 886 773 Albani
909 715 1078 785 dicebantur,
1101 717 1173 773 sicut
1195 715 1307 774 Romani
1330 715 1363 772 dc
1386 715 1477 772 Roma.
1514 713 1621 772 ‘liema'

323 803 400 861 cuius
429 802 540 877 linguae
570 798 636 880 (ua)
660 802 777 860 dicitur?
820 802 937 859 Graecae
966 809 994 856 et
1022 799 1147 858 ‘uirtus'
1173 800 1382 876 interpretatur,
1413 801 1524 858 Romani
1553 818 1622 857 uero

323 887 455 946 sublimes
478 889 537 944 siue
561 895 687 944 tonantes
710 885 828 958 (sublimi
851 887 875 942 si
899 894 963 944 ueto
985 885 1093 956 nantes)
1120 928 1234 944 ......
1263 885 1415 960 ‘incipiunt
1437 884 1568 944 ieliciter'
1594 895 1624 943 et

324 972 440 1048 reliqua.
485 971 709 1048 interrogandum
744 980 800 1043 est,
835 971 900 1046 quid
934 979 977 1029 ost
1009 971 1078 1042 hoc,
1108 972 1132 1027 si
1159 970 1293 1045 prologus
1321 969 1365 1028 nel
1393 971 1541 1046 capitulum
1574 979 1624 1028 aut

324 1065 516 1132 argumentum
539 1059 599 1114 siue
621 1057 755 1134 praelatio
778 1064 824 1114 ant
846 1055 975 1114 salutatio
998 1055 1043 1114 uei
1065 1055 1163 1114 titulus
1186 1055 1245 1112 siue
1267 1056 1455 1130 pronuntiatio
1477 1055 1522 1112 uel
1545 1058 1624 1112 testi·

324 1146 444 1200 menium
476 1143 535 1199 siue
565 1143 688 1216 sumptio
711 1141 754 1199 uel
777 1142 960 1216 consumptio.
1005 1140 1144 1199 Sermonis
1166 1141 1219 1199 iroc
1238 1143 1381 1216 proprium
1404 1149 1447 1198 est
1468 1141 1623 1216 inscriptio,

325 1229 396 1286 sicut
417 1227 535 1302 legimus
558 1226 614 1284 ‘est
635 1226 691 1284 ars'
715 1228 775 1284 siue
798 1227 940 1302 inscriptio
963 1235 1105 1285 auctorum
1126 1224 1150 1296 †
1171 1243 1226 1284 non
1250 1221 1427 1295 mentitus.*)

404 1390 415 1476 ΙΙ
435 1397 451 1456 i.
469 1391 532 1457 98¹³
548 1391 560 1476 Ι]
578 1395 683 1456 ‘Partes
706 1397 863 1469 orationis',
885 1396 957 1454 idest
979 1399 1064 1454 totius
1086 1397 1256 1470 Latinitatis,
1280 1397 1342 1472 quia
1364 1396 1457 1454 Latina
1479 1398 1569 1470 lingua
1596 1407 1626 1454 ct

326 1481 440 1540 uerbum
464 1490 492 1540 et
514 1499 605 1540 sermo
628 1493 655 1541 et
678 1481 795 1557 loquella
818 1482 928 1554 dicitur,
952 1482 1024 1540 sicut
1046 1491 1190 1541 sanctus
1213 1483 1437 1540 Hieronimus
1460 1483 1540 1538 dixit:
1578 1483 1623 1538 Es

323 1567 432 1626 uerbo
456 1569 589 1626 Graeco
612 1568 646 1626 in
670 1567 809 1626 uerbum
832 1567 1009 1640 latinum,
1037 1585 1075 1625 ex
1103 1583 1260 1624 sermono
1282 1567 1410 1625 Graeco
1433 1569 1468 1624 in
1489 1584 1625 1622 sermo·

323 1669 395 1710 nem
419 1651 595 1726 Latinum,
618 1661 647 1711 et
668 1661 700 1710 ut
721 1649 836 1710 dicitur:
873 1651 1070 1710 ‘barbarismus
1093 1661 1136 1710 est
1158 1653 1185 1709 in
1209 1661 1303 1710 nestra
1325 1650 1457 1726 loquella’
1482 1649 1626 1726 (loquela).

323 1738 369 1794 Vel
394 1736 503 1812 ‘partes
527 1737 676 1796 orationis’
701 1737 828 1795 idoneum
851 1737 1039 1796 testimonium
1064 1734 1188 1816 (idoneus
1212 1734 1373 1813 testimonii)
1402 1739 1429 1792 in
1457 1753 1512 1812 quo
1534 1740 1626 1793 conti·

324 1830 424 1879 nentur
439 1816 450 1901 ss
468 1824 486 1880 i.
503 1823 559 1881 99·
576 1817 587 1902 ΙΙ
604 1840 698 1880 omnes
721 1831 814 1899 partes
836 1823 985 1896 orationis,
1008 1833 1053 1881 ut:
1077 1821 1254 1880 ‘Fescennina
1270 1819 1382 1900 (euius)
1400 1821 1445 1878 iile
1465 1822 1531 1879 dixit
1554 1821 1626 1878 hila-

324 1909 392 1965 riter
415 1903 492 1982 (hel)
515 1906 633 1983 loquens
655 1909 678 1966 si
701 1909 733 1966 ad
756 1925 806 1965 nos
830 1907 918 1965 euat’.
948 1921 953 1931 ·

409 1993 483 2063 Quot
504 2001 584 2065 sunt,
614 2011 683 2068 quae
711 1993 755 2051 liic
783 1995 977 2068 grammaticus
999 1993 1169 2065 interrogat?
1213 1992 1284 2050 ldest
1307 1993 1447 2067 seipsum
1471 1993 1627 2064 interrogat

325 2077 473 2136 secundum
489 2080 684 2152 Augustini
706 2095 875 2136 sermonem:
898 2079 968 2154 Ego
992 2086 1025 2135 et
1047 2079 1136 2134 ratio
1159 2080 1259 2152 quasi
1282 2078 1346 2134 duo
1369 2093 1538 2147 essemus,
1555 2095 1625 2150 ego

324 2165 528 2236 interrege,
552 2164 644 2220 ratio
667 2165 749 2220 milri
772 2164 964 2238 respondet
986 2163 1046 2237 (it,
1069 2160 1109 2236 cf.
1132 2161 1205 2236 Aup.
1228 2161 1357 2220 Retract.
1380 2162 1400 2218 Ι
1419 2179 1486 2234 cop.
1504 2167 1538 2218 d:
1565 2161 1627 2219 ‘mc

325 2249 499 2322 interrogans
523 2247 643 2322 mihique
665 2249 835 2323 respondens
859 2257 995 2324 tamqnam
1011 2248 1064 2306 due
1080 2263 1210 2319 essemus,
1228 2250 1298 2304 ratio
1320 2256 1347 2304 et
1369 2265 1439 2322 ego,
1461 2265 1522 2304 enm
1544 2247 1627 2303 solus

324 2330 445 2404 cssem').
484 2328 844 2407 Qualistropusitroplrus)
862 2335 1002 2393 inuenitur
1024 2335 1051 2390 in
1074 2333 1117 2390 liis
1140 2341 1203 2390 ecto
1226 2331 1350 2407 partibus
1379 2333 1530 2390 orationisi
1564 2331 1626 2390 lloc

326 2425 368 2473 est
390 2415 511 2492 dialyton
534 2416 678 2492 (dyaliton)
700 2417 744 2476 uei
767 2420 947 2493 asyntheton,
978 2419 1048 2476 idest
1074 2417 1157 2475 dictio
1179 2435 1273 2475 carens
1296 2417 1551 2488 coniunctionibus,
1574 2427 1624 2474 ut:

529 2503 578 2559 lte
601 2503 693 2560 icrte
716 2505 788 2560 cite
812 2504 982 2576 ilammas,
1004 2504 1082 2562 date
1104 2503 1196 2574 uela,
1218 2502 1385 2576 inpellile
1407 2519 1529 2560 remos.

328 2587 377 2657 (ite
400 2587 445 2644 citi
462 2586 582 2644 iiatnmas
598 2587 668 2644 iente
682 2589 746 2646 date
762 2589 813 2646 tela
830 2588 952 2664 inpellito
968 2607 1069 2660 remos,
1093 2589 1175 2662 Verp.
1191 2589 1260 2644 Aen.
1277 2587 1350 2644 IIII
1362 2587 1438 2660 593).
1469 2587 1624 2656 †Noutrnli

325 2671 388 2728 milti
406 2688 485 2728 unam
500 2681 605 2747 partem
622 2673 778 2746 indicatiui,
802 2691 863 2732 nam
886 2673 1038 2732 ierninalem
1061 2683 1146 2731 totam
1170 2675 1268 2732 trinam
1288 2674 1473 2730 continentem
1490 2673 1625 2730 Latinam.

326 2756 384 2812 ‘ilc’
409 2773 478 2832 quac
500 2775 564 2832 pars
586 2757 719 2816 orationis
742 2761 803 2816 esti
847 2759 1017 2834 Praepositie
1048 2769 1100 2818 cst.
1144 2757 1217 2825 Quot
1239 2758 1302 2816 ltuie
1324 2757 1521 2833 praepositioni
1545 2765 1625 2815 ucci-

325 2843 396 2898 dont
409 2841 494 2914 (omi.
515 2841 693 2918 componitur
707 2844 779 2918 (com
794 2843 869 2917 om),
885 2853 915 2902 nt
930 2844 1034 2902 deduco
1050 2843 1121 2916 (dt),
1136 2851 1164 2902 et
1178 2851 1322 2919 separatur
1336 2841 1413 2915 (us),
1428 2843 1537 2916 qtrundo
1554 2847 1628 2900 easi-

324 2925 375 2984 bus
398 2929 502 2999 seruit,
525 2931 597 2986 sicut
619 2929 820 3004 supradiximus
842 2929 886 2986 ‘de
909 2929 1002 2987 domo’
1026 2927 1070 2987 uel
1094 2929 1138 2986 ‘tle
1160 2927 1307 2986 dennihus'.
1357 2927 1499 2996 Quomodo
1521 2927 1627 2986 dicitur

324 3015 350 3069 in
374 3012 461 3069 tribus
484 3013 604 3088 linguis?
635 3015 673 3070 lla
697 3017 724 3070 in
747 3013 869 3071 Hebraeo
891 3014 1003 3072 dieitur:
1027 3013 1157 3071 ‘madian'
1182 3013 1214 3071 de
1237 3014 1353 3080 iudicio;
1375 3004 1434 3069 ἀπό
1457 3015 1483 3069 in
1507 3013 1626 3086 Graece,

324 3106 354 3154 ut
375 3097 476 3155 dicitur
498 3098 685 3173 apocalypsis,
708 3100 760 3158 hoc
782 3109 823 3156 cst
846 3099 978 3157 reuelatio
1001 3098 1167 3173 (releuatio).

406 3177 460 3241 ‘ilc
483 3183 619 3241 nomine’.
663 3185 724 3242 Sem
753 3177 779 3240 i'n
807 3183 945 3258 liobraeo,
973 3186 1044 3243 idest
1072 3201 1187 3253 nornen,
1217 3184 1259 3241 uel
1289 3186 1446 3240 nominatur
1475 3177 1570 3257 ὄνομα
1596 3187 1627 3240 in

323 3269 440 3340 Graeco,
464 3275 495 3325 ut
517 3267 617 3326 dieitur
639 3261 673 3325 ἐν
694 3261 817 3346 ὀνόματι
838 3266 955 3346 Κυρίου
979 3267 1040 3346 (eno
1063 3263 1272 3343 conrintini),
1296 3269 1367 3326 idest
1390 3267 1437 3344 (id)
1460 3268 1627 3326 innomine

322 3353 433 3409 donnini.
479 3351 597 3409 ‘Nomen
628 3362 670 3410 est
698 3373 760 3428 pars
789 3357 922 3412 orationis
951 3372 1012 3412 oum
1034 3355 1123 3413 casu’
1168 3353 1257 3422 Quare
1284 3371 1340 3410 uon
1371 3354 1439 3410 dixit
1460 3344 1589 3432 Hiliilb
1610 3352 1623 3413 'z'

323 3437 395 3494 ‘curn
420 3435 562 3512 qtrailtate'
586 3447 632 3496 aut
654 3439 777 3512 ‘genero’
802 3442 844 3496 ucl
869 3439 1017 3496 ‘ntttncro'
1042 3457 1089 3497 seu
1114 3437 1242 3512 ‘figura’i
1286 3438 1443 3513 Propterea,
1467 3439 1531 3511 quia
1554 3439 1628 3496 innoc

323 3524 412 3579 omnia
437 3523 550 3580 ttarlnrm
574 3523 655 3580 lrabot
677 3523 767 3596 (ent).
796 3523 885 3592 Quare
908 3543 961 3580 non
986 3525 1052 3582 tlinit
1073 3525 1146 3581 ‘cum
1169 3523 1386 3599 conparationc’,
1410 3522 1483 3598 quod
1505 3521 1626 3582 uorbutn

323 3626 377 3664 oon
401 3607 498 3664 lrabcti
535 3608 699 3683 Propterea,
723 3610 862 3684 quianon
886 3611 975 3667 ortrnia
998 3611 1107 3666 nemina
1131 3617 1323 3684 conparantur.
1354 3609 1471 3683 ‘Corpus
1485 3617 1533 3664 aut
1548 3609 1626 3665 rom’

323 3701 350 3748 ct
373 3693 487 3768 reliqua.
531 3691 599 3760 uoto
623 3694 738 3751 interest
761 3696 832 3753 inter
854 3711 956 3770 corpus
978 3706 1006 3754 et
1029 3697 1104 3751 rcrn?
1133 3695 1219 3752 Ournc
1240 3713 1341 3770 corpus
1363 3701 1457 3770 potest
1479 3708 1523 3749 res
1546 3711 1627 3766 esse,

322 3803 353 3850 ut
375 3795 474 3852 dicitur
494 3794 599 3854 caelum
627 3805 698 3854 terra
720 3795 797 3870 (arn)
820 3813 906 3868 mnre;
939 3813 1009 3872 qnae
1036 3797 1165 3855 uidentur
1187 3805 1233 3853 aut
1261 3797 1409 3854 audiuntur
1430 3779 1543 3870 (intur)
1572 3809 1629 3854 aut

324 3886 474 3954 tanguntur
495 3889 542 3936 aut
565 3890 722 3956 gustantur,
745 3883 898 3957 corporalia
920 3890 1000 3956 sunt,
1028 3883 1075 3940 sed
1099 3900 1154 3940 non
1177 3881 1266 3940 omnis
1290 3878 1353 3960 (es)
1377 3899 1421 3940 res
1443 3899 1542 3958 corpus
1566 3893 1628 3956 est,

324 4053 326 4058 .
348 4049 549 4057 .-—----—-—-—

390 4163 476 4231 *)Cf.
496 4167 837 4222 coti.Et'nsitll.172aaeo.
858 4167 884 4218 X
903 4170 1001 4233 popina
1022 4169 1123 4220 ultimo:
1157 4167 1212 4218 Hoc
1238 4168 1308 4231 quod
1334 4168 1359 4216 in
1387 4167 1471 4233 cupite
1496 4167 1628 4219 librorum

321 4236 453 4302 scribitur,
472 4235 583 4286 diuersis
602 4237 749 4287 nominibus
767 4252 782 4286 n
800 4236 988 4286 doctoribus
1007 4236 1158 4303 appelletur.
1187 4235 1284 4286 Dicitur
1296 4237 1363 4286 enirn
1375 4235 1514 4302 capitulus,
1528 4236 1631 4288 dicitur

322 4303 418 4363 titulus,
436 4305 530 4354 dicitur
547 4304 658 4367 teleneus,
678 4305 770 4355 dicitur
788 4304 928 4370 prologus,
947 4303 1040 4354 dicitur
1057 4305 1185 4370 prelucio,
1203 4305 1295 4354 dicitur
1314 4315 1507 4370 argumentum,
1525 4303 1630 4356 dicitur

322 4373 481 4436 prooemium
504 4373 672 4438 (proemium)
694 4374 786 4424 dicitur
808 4372 897 4422 clunis.
934 4370 1065 4438 capitulus
1088 4373 1181 4423 dieitur
1204 4387 1235 4423 eo
1259 4373 1329 4435 qued
1351 4372 1377 4421 in
1400 4373 1483 4438 capite
1506 4373 1631 4437 ponitur.

322 4437 422 4488 Titulus
440 4453 456 4489 tt
473 4441 563 4491 Titane
580 4442 606 4490 ·i·
624 4456 639 4490 a
657 4441 721 4508 sele,
740 4442 802 4505 quin
819 4441 886 4492 sieut
902 4439 940 4490 sel
960 4442 1045 4491 oriens
1064 4455 1112 4491 sun
1129 4443 1257 4506 presentia
1276 4440 1398 4491 mundum
1416 4440 1565 4500 inluminat,
1587 4443 1628 4492 itu

321 4516 345 4555 et
363 4505 451 4558 titulus
469 4509 602 4571 sequentia
619 4508 741 4560 librorum
759 4509 918 4566 manifestam
937 4523 996 4558 nam
1013 4511 1036 4560 si
1048 4509 1147 4559 titulum
1161 4507 1305 4570 abstuleris,
1318 4509 1432 4572 quiedam
1441 4508 1519 4559 modo
1532 4521 1628 4562 mutus

321 4585 360 4623 est
385 4573 455 4628 liber.
489 4575 552 4626 lude
578 4577 707 4641 quidam
734 4579 764 4627 in
792 4575 936 4644 epistola
962 4593 1010 4628 suu
1036 4577 1070 4626 nd
1091 4576 1241 4628 familiarem
1264 4592 1338 4628 sttrtnr
1366 4576 1444 4627 dixit:
1479 4575 1628 4628 Titulurn

321 4641 439 4693 frontis
458 4643 664 4704 madelinus,
683 4657 767 4696 muta
786 4645 824 4696 iit
842 4645 969 4711 pagina.
1006 4645 1131 4696 Helencus
1155 4645 1231 4695 etiarn
1254 4645 1379 4696 dicituro
1397 4659 1473 4710 greco
1492 4645 1563 4708 quod
1583 4663 1630 4698 est

321 4709 384 4760 elios
403 4711 427 4759 ·i·
447 4710 507 4762 sol.
522 4747 614 4764 .....
639 4713 732 4766 Celere
749 4715 798 4765 iarn
815 4717 866 4780 lapi
882 4721 1014 4780 nequeunt.
1051 4712 1199 4775 Quibuscum
1215 4716 1277 4764 mire
1296 4715 1468 4776 comestioni,
1495 4728 1561 4779 quus
1588 4733 1628 4766 on:

279 4783 283 4794 “
322 4779 427 4897 ssepripii
448 4784 628 4898 ppronprreutario
654 4785 681 4833 in
708 4783 804 4834 Donati
829 4787 910 4834 ortena
937 4783 1055 4832 minorem
1080 4782 1175 4846 publici
1196 4785 1258 4833 iuris
1273 4781 1338 4846 feeit
1356 4782 1392 4836 H.
1411 4781 1510 4832 Keilius
1526 4798 1626 4848 propr,

332 4862 428 4912 orsay.
529 4863 558 4912 p.
576 4851 623 4906 24.
