3354 5580
502 381 542 432 ta*
560 379 646 432 Dori.
663 381 789 432 Ali'l'EAl
808 379 991 434 monitat.
1331 379 1395 442 315

88 572 213 650 antiqui
243 568 381 630 dicebant
412 573 532 632 moenio
562 587 617 649 per
643 588 679 630 oe
708 568 923 650 diphthongon.
974 569 1045 630 lude
1072 579 1103 630 et
1130 571 1245 632 moenia
1273 587 1329 650 per
1356 587 1393 629 oe

87 672 176 751 apud
199 689 254 733 nos
275 671 425 734 scribitur.
468 671 570 732 lnlra
592 671 910 760 tectum,·sedcmus
937 673 968 732 ·i·
995 673 1089 740 intus:
1112 681 1222 734 tectum
1244 671 1354 734 dicitur
1375 681 1495 732 mu

89 773 237 853 tegendo.
391 771 546 834 uantum
572 771 683 834 dieitur
709 793 725 834 a
756 773 940 835 macerandis
967 773 1122 842 carnibus,
1156 773 1208 836 uhi
1240 774 1333 834 boues
1363 783 1393 834 et

90 877 182 956 porci
203 883 392 938 macerantur
403 877 433 936 -i·
445 874 638 938 occiduntur:
661 875 731 936 hinc
746 876 907 938 macellarii
930 874 1081 937 dicuntur.
1110 876 1161 938 [th
1182 877 1391 954 augurium,

63 980 136 1038 5·i·
163 987 290 1058 propter
311 981 473 1054 capum
500 978 585 1039 diues
613 985 660 1038 est
685 977 746 1039 ille.
796 980 961 1057 Augurium
988 977 1097 1038 dicitur
1123 978 1281 1044 dicrimbo.
1309 979 1393 1058 quasi

89 1082 295 1160 auigarrium,
320 1083 350 1140 ·i·
374 1099 390 1140 a
413 1082 526 1158 garritu
548 1081 663 1148 auium,
687 1079 735 1140 uel
758 1082 843 1159 quasi
865 1082 1046 1159 auigcrium.
1072 1099 1108 1140 eo
1130 1079 1210 1162 qcrod
1232 1081 1295 1159 ipsa
1317 1078 1392 1140 dirci-

89 1185 175 1242 natin
205 1183 235 1242 in
264 1179 387 1242 uocibus
413 1190 534 1260 geratur
566 1183 678 1242 auium.
732 1183 828 1244 Pone
857 1181 1040 1252 tribunal,
1072 1181 1157 1242 sedet
1183 1181 1285 1250 lictor,
1316 1181 1393 1242 idest

88 1285 227 1363 uirgiler.
271 1281 415 1346 Tribunal
436 1282 546 1345 dicitur
567 1283 655 1343 sedes
676 1282 798 1345 tribuni.
842 1283 919 1345 Olim
942 1291 1007 1344 erat
1028 1283 1181 1352 tribunus,
1208 1285 1259 1361 qui
1287 1285 1391 1344 tertiae

89 1388 172 1464 parti
196 1386 308 1446 Romae
331 1395 476 1466 praeerat.
520 1385 608 1447 blodo
631 1383 815 1448 millenarius
836 1384 945 1447 dicitur
968 1385 1120 1455 tribunus,
1142 1389 1193 1466 qui
1215 1385 1295 1447 mille
1318 1387 1392 1446 uiris

53 1499 77 1538 ¹0
89 1497 223 1567 praeest.
257 1487 331 1550 lnde
345 1486 475 1548 tribunal
489 1487 600 1549 dicitur
614 1487 702 1548 sedas
716 1486 880 1556 iudiciaria,
903 1490 951 1549 cui
968 1488 1134 1550 iudicantes
1149 1488 1252 1549 sedent
1266 1485 1391 1550 iudices.

207 1589 310 1651 Parias
331 1589 440 1651 dicitur
462 1608 478 1649 a
502 1589 665 1670 parilitate,
691 1591 720 1649 ·i·
743 1589 781 1650 ah
803 1589 986 1670 aequalitate.
1029 1589 1191 1668 Propter
1213 1587 1392 1667 discipli·

90 1711 191 1762 nam,
214 1693 334 1753 uenisti.
373 1690 532 1772 Disciplina
560 1691 670 1752 dicitur
697 1693 899 1768 magisteriam
922 1711 939 1752 a
961 1691 1116 1760 discendo,
1144 1689 1280 1772 eoquod
1303 1689 1390 1770 plena

89 1795 242 1862 discatur:
271 1794 341 1854 binc
363 1801 393 1852 et
414 1791 575 1872 discipulus
597 1811 613 1852 a
636 1793 801 1873 disciplina.
930 1791 1072 1854 Fenestra
1094 1792 1215 1862 dicitur,
1245 1811 1280 1852 co
1309 1789 1389 1872 quod

90 1898 173 1957 intus
188 1895 265 1958 ierat
280 1893 391 1955 lucem:
408 1894 453 1954 tos
468 1896 547 1956 eninr
562 1895 676 1956 Graece
691 1893 740 1954 lux
756 1895 870 1956 Latine.
902 1893 1046 1956 Secund
1056 1913 1111 1956 um
1135 1894 1252 1962 iores,
1274 1892 1384 1954 scribo.
1399 1913 1422 1956 a
1433 1901 1484 1954 ὅ.
1497 1904 1524 1944 ¹⁰

56 2006 76 2042 ¹⁵
90 1997 263 2059 Secundum
286 2004 317 2057 et
338 2015 425 2058 seem
447 2006 478 2056 et
498 1999 578 2058 iuxta
601 1996 681 2058 idem
702 2005 782 2058 sunt.
820 1997 912 2058 Fores
933 1995 1088 2076 pluraliter
1109 2007 1180 2058 sunt
1201 1997 1272 2058 ostia
1288 1995 1391 2056 domo·

89 2117 174 2168 rum,
204 2117 280 2177 qnae
301 2095 517 2180 extrinsecus}
536 2096 594 2160 133
610 2095 622 2179 Ι
638 2100 829 2178 aperiuntur,
859 2097 963 2160 ualuae
987 2117 1075 2170 uero,
1102 2118 1177 2180 quae
1199 2101 1390 2164 intrinsecus,

89 2219 104 2260 a
128 2200 274 2269 uelando,
297 2219 334 2260 ea
356 2200 435 2280 quod
458 2201 569 2264 aalant.
614 2201 703 2262 Post
725 2210 885 2278 tergum,
909 2201 1039 2280 respexit
1055 2218 1129 2261 uror
1143 2199 1230 2262 Loth.
1258 2201 1388 2278 'lergum

90 2306 118 2380 gi
142 2301 283 2372 dorsum,
311 2311 415 2378 tergus
435 2305 565 2380 tergoris
588 2304 629 2363 ·i‘
652 2305 776 2362 corium.
822 2302 943 2363 Trans
972 2303 1105 2381 ripam,
1134 2304 1217 2364 iaclo.
1261 2301 1336 2382 llipa
1359 2308 1389 2362 et

90 2423 141 2464 ora
166 2412 198 2465 et
219 2421 322 2482 margo
343 2403 421 2464 idem
437 2414 492 2465 est.
537 2404 640 2465 Vltro
664 2400 776 2472 lines,
801 2403 930 2464 ciuitatis
952 2405 1051 2482 pergit
1065 2405 1237 2485 episcopus,
1262 2407 1293 2464 ·i·
1309 2401 1385 2466 ultra
1399 2411 1523 2466 affl!

57 2507 249 2566 arermtnos.
294 2504 448 2567 Praeter
469 2504 652 2576 cilicium,
677 2503 789 2566 laborat
811 2507 884 2584 ipse.
929 2505 1065 2568 Officium
1087 2505 1195 2566 dicitur
1209 2504 1247 2566 ah
1269 2505 1387 2572 ellectu,

91 2610 175 2686 quasi
194 2608 356 2681 ‘cilicium',
374 2625 442 2682 aon,
460 2617 490 2668 nt
506 2608 652 2686 quidam
675 2615 788 2687 putant,
811 2605 849 2668 ab
872 2607 993 2668 ‘allicio’
1017 2609 1118 2680 uerbo,
1142 2605 1221 2688 quod
1243 2607 1389 2686 significat

91 2727 201 2778 noceo,
233 2709 328 2770 elficio
351 2727 423 2769 uero
446 2717 489 2768 est
512 2710 635 2789 particio
662 2708 712 2770 uel
742 2707 866 2789 impleo:
895 2707 965 2770 inde
993 2710 1121 2772 officium
1151 2709 1258 2771 dicitur
1280 2727 1297 2768 a
1319 2726 1387 2788 per·

92 2809 230 2871 iaciendo.
275 2810 391 2888 Supra
413 2809 554 2880 caelos,
578 2811 662 2872 sedet
685 2811 831 2872 dominus.
875 2809 995 2872 Caelum
1010 2811 1120 2872 dicitnr
1135 2813 1245 2891 pictam
1260 2829 1275 2870 a
1292 2809 1386 2871 uerbo

92 2911 174 2972 caelo
197 2929 229 2972 as
252 2912 295 2972 ·i·
318 2912 422 2991 sculpo
444 2913 490 2992 pis
512 2913 559 2973 uel
582 2916 673 2993 pingo
695 2915 748 2992 gis.
792 2911 911 2974 Caelum
940 2915 1018 2972 enim
1041 2912 1134 2973 stellis
1157 2919 1202 2974 est
1224 2911 1385 2990 depictum.

57 3013 212 3092 aisque
235 3011 434 3082 Oceanum,
464 3013 612 3092 gubernat
633 3015 780 3076 dominus.
827 3013 904 3093 Ocys
926 3015 1040 3076 Graece
1064 3013 1150 3074 uelox
1173 3014 1290 3076 Latine:
1314 3011 1385 3073 inde

93 3114 229 3176 Oceanus
251 3115 361 3176 dicitur
384 3133 464 3177 mare
488 3135 626 3194 magnum
650 3135 665 3176 a
689 3117 848 3177 uelocitate
877 3116 1037 3186 undarum,
1068 3133 1126 3194 quo
1149 3117 1278 3194 cingitur
1299 3133 1384 3176 mun-

92 3217 153 3276 dus.
201 3215 365 3278 Circitec
393 3235 524 3286 annos,
554 3217 633 3278 llllll
661 3217 749 3280 hahet
777 3217 826 3279 ille
853 3225 989 3279 aetatem.
1041 3218 1168 3280 Circiter
1195 3217 1231 3278 ad
1259 3222 1384 3278 aetatem

93 3321 230 3396 pertinet.
274 3317 393 3380 Penes
415 3319 591 3386 arbitros,
614 3319 713 3380 sedeo.
751 3319 1036 3400 ‘Penes’et‘apud’
1059 3320 1137 3380 idem
1159 3327 1238 3380 sunt.
1274 3317 1385 3380 Arbitri

92 3419 230 3482 dicuntur
256 3420 382 3490 iudices,
412 3423 462 3502 qui
491 3439 545 3482 suo
573 3421 696 3483 arbitrio
727 3439 829 3484 causas
856 3420 997 3482 iudicant.
1048 3420 1211 3482 Arbitrium
1239 3438 1312 3481 uero
1340 3427 1385 3480 est

60 3520 184 3584 ³tliheca
207 3531 336 3603 potestas
357 3521 406 3584 uel
428 3524 573 3584 uoluntas

174 3624 334 3686 Sciendum
363 3631 420 3692 est,
454 3624 532 3704 apud
561 3625 690 3686 Graecos
718 3625 744 3685 x
772 3636 803 3687 et
824 3624 886 3686 Vlll
920 3643 985 3686 esse
1019 3627 1270 3705 praepositiones,
1304 3623 1382 3704 apud

92 3726 210 3788 Latinos
239 3744 310 3786 uero
338 3726 429 3786 multo
462 3725 572 3806 plures.
618 3725 675 3787 Sed
710 3727 765 3788 hoc
798 3726 868 3787 lacit
898 3726 1047 3806 polysema
1082 3725 1255 3803 significatio
1289 3743 1383 3805 paene

93 3828 227 3889 omnihus
249 3829 370 3889 Graecis
392 3828 662 3907 praepositionibus
685 3828 787 3890 indita.
833 3829 921 3890 Verbi
944 3831 1038 3907 gratia
1062 3827 1142 3909 περί
1162 3829 1274 3890 Graeca
1298 3847 1382 3908 pcae-

93 3933 197 4007 positio
224 3929 350 3990 diuersis
377 3929 516 3990 sensibus
544 3930 701 4008 accipitur:
747 3927 919 4010 περιφέρει)
954 3933 1032 3992 enim
1062 3931 1255 4000 circumiere,
1290 3929 1381 4008 περί-

63 4038 214 4110 δὸφρασις
236 4030 472 4102 circumlocutio,
496 4024 632 4112 περὶτὰ
656 4023 734 4111 ὄρος
756 4033 834 4092 circa
858 4041 988 4103 montes,
1013 4028 1090 4112 napi
1105 4025 1219 4112 ἀρχῶν
1240 4030 1276 4091 de
1299 4034 1382 4112 prin·

95 4135 188 4212 cipiis,
214 4129 597 4214 1113411περισσολογία
626 4151 809 4213 superuacua
838 4134 972 4196 adiectio.
1018 4135 1081 4196 lloa
1110 4133 1198 4195 modo
1227 4141 1255 4194 et
1283 4125 1380 4194 nord:

96 4287 318 4296 *nn-*-

158 4389 307 4452 ldgptong
309 4403 340 4436 on
360 4387 445 4436 indoti
521 4389 652 4439 3lionati
668 4392 766 4438 lemma:
790 4389 863 4437 irrxta
880 4388 1012 4438 macellum
1032 4405 1082 4438 ana
1099 4405 1152 4438 cnm
1170 4389 1382 4452 interpretatione

96 4457 202 4506 anacam
223 4461 269 4505 ert.
355 4457 371 4504 5
390 4455 641 4521 proptecclinrscst
726 4455 914 4520 barriga'cinm
1003 4459 1034 4506 10
1051 4453 1151 4520 sedent]
1173 4458 1228 4505 An:
1252 4455 1380 4505 insident?

97 4523 153 4572 Part
170 4523 268 4572 iudices
288 4525 383 4572 Donati
400 4527 498 4573 lemma.
527 4539 613 4588 per
589 4525 710 4588 parietem
728 4525 858 4574 intercidit
875 4527 978 4590 eiusque
995 4526 1134 4589 expositio.
1224 4525 1252 4572 tt
1276 4524 1382 4588 Propter

96 4588 263 4656 disciplinam]
283 4591 317 4653 cf.
337 4592 403 4641 Dan.
421 4609 449 4656 p.
469 4595 529 4655 365,
549 4595 582 4640 20
599 4608 652 4642 mam
670 4593 835 4642 adnotatione
854 4593 941 4644 Keilii.
1011 4595 1043 4643 1³
1063 4594 1157 4643 Iianati
1174 4595 1274 4642 lemma·
1300 4605 1381 4656 propo

96 4656 224 4709 fenestram
244 4660 382 4709 intercidit.
470 4661 501 4710 ih
524 4657 608 4710 liastia
696 4663 726 4710 ii
750 4671 809 4724 post
831 4659 928 4724 iergani
1014 4662 1047 4710 25
1065 4659 1135 4710 ochis
1221 4661 1253 4708 at
1276 4655 1381 4708 Circitcr

96 4725 182 4793 ancras]
200 4728 235 4790 cs.
256 4727 663 4791 Don.p.‚36520cnrnadnat.
683 4728 717 4778 K.
787 4725 967 4792 timcantur]
987 4727 1084 4778 domini
1157 4728 1189 4779 32
1208 4727 1273 4806 polis
1276 4740 1346 4774 somn

97 4807 155 4856 pene
223 4798 256 4846 33
273 4797 357 4860 grecis
425 4791 503 4847 ΠΕΡΙ
523 4810 598 4860 greca
683 4798 716 4848 34
735 4793 844 4860 periiern
915 4795 1047 4861 pertirasis
1137 4799 1170 4848 33
1188 4795 1346 4862 peritooros

97 4863 238 4925 periarchon
307 4863 340 4914 36
357 4869 409 4929 per¹
411 4863 510 4930 ¹ologia
565 4873 621 4913 eata
