3346 5558
482 293 702 346 HIERONYMO
720 291 935 344 AVGVSTINO.
1245 304 1353 354 ccum

149 481 205 542 llis
225 482 386 542 addendus
407 483 515 542 tertius
535 484 620 543 locus
641 483 672 542 in
695 491 778 542 arte
804 496 987 558 anonyma
1010 479 1199 541 dernensi
1218 482 1285 542 cod.
1305 487 1360 540 123

75 583 97 658 s.
118 589 196 657 ην,
225 585 316 644 leuius
342 585 416 644 libri
435 600 470 661 p.
496 589 566 651 tec,
591 589 627 642 12
652 590 804 656 seruatus,
835 601 920 660 quem
948 590 979 643 et
999 585 1095 660 ipsum
1116 583 1234 644 Keilius
1255 585 1276 643 l.
1298 585 1360 642 te

76 687 167 746 codice
188 686 409 761 Bamberoensi
428 687 531 756 edidit,
554 692 584 745 et
604 693 742 763 quartus,
765 703 851 761 ouem
872 687 982 746 ibidem
997 687 1115 746 Keilius
1136 702 1153 744 e
1173 686 1279 746 codice
1299 687 1358 744 Vu-

76 781 228 848 lediniano
256 789 294 848 Ill
314 795 341 848 t.
366 795 384 846 3
408 788 526 865 publici
548 789 625 848 iuris
647 785 736 860 [ecit.
780 786 871 848 Hunc
897 789 1007 861 icitur,
1035 789 1107 862 quia
1128 788 1225 848 Keilii
1242 787 1360 847 libellus

76 907 170 950 mcor
191 899 226 950 ut
247 892 279 950 in
302 893 432 952 manium
454 893 589 951 uirorum
611 891 768 952 doctorum
790 905 898 951 monus
921 891 1084 966 ponentro
1103 891 1248 969 potuerit,
1272 887 1359 962 infra

76 999 213 1066 repetam:

147 1092 356 1172 Peperinus
383 1093 468 1164 «licit,
498 1093 576 1172 quod
605 1095 784 1172 ‘opimum’
809 1103 838 1153 et
859 1093 1055 1155 ‘maximum’
1085 1110 1138 1173 pet
1168 1093 1239 1154 uin
1262 1091 1358 1153 medic

78 1193 172 1272 syllaba
194 1194 406 1273 scribebantur
429 1195 506 1276 apttd
529 1204 664 1258 ueteres:
687 1195 739 1257 sed
763 1213 869 1256 sonum
892 1197 900 1255 i
924 1194 1074 1257 habebunt
1097 1193 1251 1272 (habehat,
1274 1211 1357 1256 corr.

77 1297 205 1376 lleilius};
231 1296 298 1356 ideo
320 1297 329 1355 i
352 1295 492 1358 scribitur
513 1299 543 1358 in
560 1297 607 1358 his
622 1297 800 1359 nominibus.
847 1299 882 1358 vt
903 1299 968 1375 ipse
984 1297 1070 1358 dicit:
1093 1297 1105 1357 Ι
1128 1295 1225 1357 littera
1247 1297 1278 1356 in
1292 1292 1358 1357 loco

78 1399 222 1459 ulitturae
247 1400 351 1476 posita,
376 1401 452 1462 sicut
468 1401 638 1480 ‘optinum’
662 1407 691 1460 et
713 1402 898 1462 ‘maximum'
922 1399 1057 1467 dicimus,
1080 1417 1155 1479 quae
1171 1399 1258 1478 (quin,
1275 1417 1357 1461 corr.

77 1501 187 1576 lluiitts)
211 1503 329 1578 antiqui
351 1503 527 1582 ‘optumum’
552 1501 746 1564 ‘maxumum’
770 1500 915 1563 dicebaut.

145 1603 207 1663 Sed
231 1605 335 1664 ultima
356 1605 451 1664 uerba
466 1611 615 1680 corrupta
629 1612 714 1665 sunt:
736 1619 807 1664 nam
822 1605 1016 1666 scribendum
1030 1604 1194 1665 secundum
1209 1621 1255 1674 ea,
1279 1620 1359 1679 quae

76 1713 305 1767 antecesserunt:
332 1722 412 1780 quae
439 1708 559 1782 antiqui
584 1705 761 1784 ‘optumum’
792 1706 990 1767 ‘maxumum'
1024 1707 1259 1780 scribebant,
1293 1707 1358 1767 sed

77 1807 278 1882 'optimum'
307 1807 537 1868 ‘maximum'
565 1808 714 1869 dicebant.
764 1807 808 1885 Iis
835 1824 924 1880 uero,
955 1825 1034 1883 quae
1060 1809 1099 1868 de
1125 1810 1182 1868 isto
1204 1809 1358 1888 Peperine

76 1913 178 1972 lleitius
200 1911 382 1987 disputante,
406 1926 466 1970 non
487 1909 583 1970 babeo
604 1911 688 1985 quod
708 1910 838 1983 addam,
863 1912 924 1970 nisi
942 1910 1014 1984 boc,
1039 1911 1138 1970 uirum
1158 1912 1356 1986 praestantib-

76 2015 164 2072 sirnum
182 2013 324 2087 sortasse
344 2013 544 2084 confidentius
566 2012 700 2072 debuisse
720 2014 911 2086 contendere,
934 2013 1061 2072 eundem
1082 2028 1145 2072 esse
1165 2012 1313 2072 bominem
1328 2019 1357 2072 et

76 2115 247 2190 lucerinum
270 2121 403 2174 nostrum
425 2124 453 2174 et
475 2114 685 2190 Papirianum,
708 2131 749 2174 ec
763 2116 849 2175 cuius
863 2114 1085 2192 ortbocrupltic
1106 2121 1254 2191 excerpta
1276 2115 1359 2175 dedit

77 2216 269 2278 mnodum.
316 2215 394 2276 llam
416 2233 476 2277 non
499 2217 638 2289 uticanis
659 2217 819 2276 doctrinae
846 2223 933 2290 sunt,
962 2232 1040 2291 quae
1067 2217 1217 2293 Paperini
1239 2218 1358 2278 nomine

46 2358 50 2367 -
75 2319 335 2392 cicumseruntar,
357 2319 538 2394 praesertim
560 2334 638 2394 quae
659 2318 698 2377 de
718 2316 917 2394 circumflexo
938 2326 1063 2379 accentu
1083 2326 1113 2379 et
1134 2321 1172 2379 de
1193 2320 1357 2395 ‘optumus’

45 2408 50 2459 ¹
73 2417 163 2492 [uma
185 2438 207 2480 a
232 2421 386 2480 ueteribus
407 2427 558 2497 usurpata
579 2421 662 2480 dicta
684 2425 753 2480 utut
773 2436 828 2480 nec
850 2437 909 2482 non
933 2436 1012 2495 quoe
1038 2422 1076 2480 de
1097 2423 1248 2482 nominum
1267 2427 1358 2495 atque

74 2527 299 2600 municionum
321 2523 494 2599 differentia
516 2523 665 2584 subtiliter
687 2522 864 2598 disputanti.
909 2522 1028 2600 licque,
1059 2529 1092 2582 ut
1119 2524 1157 2583 de
1174 2522 1283 2583 crebra
1305 2539 1356 2582 no

76 2626 170 2686 niutan
192 2627 395 2686 inmutatione
416 2624 614 2686 librariorum
629 2625 819 2699 neqteqentio
840 2627 889 2685 uel
902 2631 1068 2700 bunuorum
1082 2640 1166 2685 more
1175 2631 1357 2701 penetrato

49 2793 50 2796 Ἴ
77 2731 195 2802 taceaco,
228 2727 341 2788 nullius
366 2727 425 2786 bac
452 2728 485 2788 in
519 2743 614 2787 causa
646 2727 787 2787 momenti
811 2743 875 2788 esse
902 2726 1039 2800 uidetur,
1077 2726 1159 2802 quod
1183 2728 1215 2786 in
1242 2728 1359 2801 aliquot

76 2825 219 2889 inisduni
235 2829 388 2889 codicibus
402 2829 421 2888 Ι
429 2845 464 2904 p.
481 2835 528 2902 tt,
546 2835 564 2886 2
580 2829 742 2905 Papiniani
754 2845 861 2890 nomen
877 2829 1088 2905 ‘paumanus'
1102 2831 1248 2904 scriptum
1263 2835 1314 2887 est.
1323 2824 1357 2908 *)

145 2965 370 3042 Hieronymi
396 2967 516 3026 nominc
537 2966 736 3041 praescripto
768 2965 828 3025 dno
854 2971 962 3026 entant
989 2962 1102 3037 locis.
1132 2970 1167 3023 9⁰
1193 2963 1274 3037 ets.
1304 2960 1358 3022 27ι

78 3063 119 3132 (de
138 3067 318 3141 oduerbio):

147 3169 166 3228 t.
190 3166 233 3228 9⁸
260 3167 342 3229 Vnde
370 3165 508 3228 occidunt
534 3167 697 3230 accitlcutin
726 3167 860 3248 partibus
890 3170 1052 3230 orationist
1089 3167 1154 3230 Nou
1178 3187 1213 3228 cx
1235 3168 1356 3246 iugenio

76 3270 202 3348 sapientis
226 3268 364 3340 hominis,
387 3270 438 3331 scd
461 3270 493 3332 in
516 3277 620 3332 natura
640 3272 765 3351 partium
788 3279 875 3351 atque
897 3279 1100 3332 creaturarum
1116 3277 1194 3340 sunt,
1219 3277 1250 3330 ut
1272 3267 1355 3330 ilie·

78 3387 240 3452 ronymus
270 3370 357 3433 dicit:
392 3371 562 3434 incidentia
592 3374 825 3451 uniuscuiusque
859 3374 952 3453 partis
980 3391 1039 3434 nou
1068 3374 1252 3434 extrinsecus
1280 3372 1356 3431 acci·

77 3471 144 3542 dunt,
167 3473 419 3556 quemadmodum
443 3473 534 3536 lobiis
556 3482 586 3535 ct
608 3475 700 3554 frigus
722 3475 846 3545 bomini,
869 3493 945 3555 quae
962 3477 1146 3537 extrinsecus
1169 3473 1306 3535 accidunt
1328 3481 1357 3533 et

61 3591 153 3654 coepe
175 3576 338 3650 recedunt,
375 3577 427 3637 scd
455 3576 608 3658 plenitudo
630 3587 660 3639 et
681 3579 827 3659 perfectio
857 3580 1091 3656 uniuscuiusque
1114 3578 1207 3658 portis
1229 3593 1283 3656 per
1305 3592 1356 3636 sua

78 3678 228 3740 accidentia
244 3676 426 3756 intellegitur
446 3687 532 3759 atque
548 3678 721 3740 dinoscitur.
756 3677 937 3741 Nonnulli
961 3697 1033 3742 uero
1056 3687 1168 3760 putant,
1185 3676 1264 3757 quod
1279 3679 1356 3739 acci·

80 3775 162 3841 dende
186 3782 315 3861 partium
339 3781 483 3841 orationis
506 3782 689 3842 extrinsecus
711 3780 863 3852 accidunt,
893 3781 944 3842 sed
968 3781 1109 3843 falluntur
1131 3780 1186 3841 huc
1209 3779 1355 3862 putando:

80 3897 133 3942 nem
161 3884 282 3944 nomina
310 3881 507 3944 accidentium
536 3891 566 3943 ut
592 3890 752 3963 potestates
783 3885 910 3964 pontium
940 3883 1016 3946 idem
1040 3881 1183 3962 colligunt
1205 3885 1356 3964 insepara-

81 3978 172 4046 titur.

132 4172 248 4236 indque
300 4172 467 4236 hieronymus
535 4169 775 4239 inuidentium.
795 4174 994 4240 Aumatimuin
1011 4181 1069 4225 crte
1087 4189 1213 4240 mcnyma
1231 4172 1359 4224 Beruenti

80 4241 152 4312 nii,
169 4244 203 4291 26
219 4257 274 4309 neq.
379 4240 497 4303 indque
514 4240 670 4306 denoscitur,
688 4257 756 4293 corr.
776 4243 831 4292 diu·
901 4259 926 4306 q.
943 4242 1097 4307 accidentia,
1116 4258 1185 4300 com.
1204 4243 1274 4306 quod
1342 4242 1358 4292 8
1438 4247 1444 4262 ·

81 4313 195 4408 stifft

136 4510 160 4575 ³)
180 4516 226 4564 Ad
237 4515 362 4581 Peperini
378 4517 458 4566 locuta
473 4514 536 4578 Μ·
555 4521 703 4579 excerptum
716 4517 809 4567 Petmu
820 4517 914 4566 daniel
929 4516 993 4567 baec
1009 4516 1118 4580 marcini
1134 4515 1287 4582 amorium:
1305 4517 1357 4565 ‘An

81 4590 110 4625 &t
129 4583 169 4642 qui
193 4583 271 4648 uulgo
294 4583 413 4649 Papirius
435 4582 630 4634 Praetextatus?
667 4584 727 4634 Mihi
754 4599 816 4634 sane
843 4585 963 4634 uidetur)
999 4581 1085 4644 Quinti
1106 4585 1234 4634 cniusdam
1255 4585 1359 4650 Papirii

79 4643 231 4711 transenna
247 4667 329 4716 imper
345 4668 381 4702 esc
398 4652 486 4702 codice
507 4650 633 4702 Vaticano
652 4653 709 4706 Pal.
731 4656 799 4703 1753
815 4668 884 4706 suec.
905 4650 950 4702 IX
970 4653 1052 4702 denuo
1075 4653 1155 4702 edidit
1178 4649 1358 4703 Wilutonneiu't

80 4717 225 4844 grintina.
243 4718 348 4770 xxm
362 4737 390 4785 p.
409 4721 468 4770 lot.
504 4721 543 4769 De
569 4720 670 4784 Papirii
693 4723 811 4786 anniculo
833 4721 869 4783 of.
887 4735 967 4785 cupro
984 4721 1070 4783 maes.
1089 4723 1173 4786 portu
1191 4719 1359 4772 Nitenti
