3354 5580
632 377 838 432 nxunnrru.
1241 349 1243 356 ’
1320 374 1378 438 161

152 567 201 618 DE
219 565 417 630 Qvarrvou
434 564 560 619 CAVSIS
579 565 677 628 QVAE
695 565 895 618 EFFIOIVNT
913 563 1039 617 VOOEM
1056 561 1329 614 Artumvnn'rttt.

171 685 318 758 Quattuor
338 692 406 748 sunt
428 686 526 747 officia
549 685 712 748 secundum
728 686 991 765 Augustinum
1016 701 1090 762 quae
1112 681 1294 745 articulatam
1319 682 1382 742 elii·

86 789 169 850 ciunt
194 806 315 858 uocem,
346 788 402 849 hoc
429 796 475 850 est
503 806 554 850 aer
575 787 675 867 lingua
699 789 803 849 dentes
824 783 910 848 labia.
955 784 1021 847 Non
1044 787 1123 847 enim
1146 793 1228 846 extra
1252 803 1299 854 os,
1329 783 1381 845 sed

87 891 164 952 iutra
193 907 252 950 uox
281 891 423 969 gignitur.
467 889 779 953 ludel‘riscianus
808 889 894 950 dicit:
922 887 998 949 ‘lloc
1020 895 1120 950 autem
1142 885 1272 948 ostendit
1294 887 1381 948 etiam

63 991 182 1071 sipsius
204 991 295 1072 palati
317 990 421 1072 pulsus
436 1002 465 1054 et
481 991 601 1071 linguae
624 991 672 1054 uel
695 990 851 1062 labiorum,
877 1007 911 1050 ex
935 989 1042 1068 quibus
1064 1007 1122 1050 uox
1145 986 1298 1050 articulata
1323 987 1385 1048 elli·

89 1095 183 1165 citur,
211 1091 265 1154 sed
293 1095 325 1155 in
353 1092 471 1178 leuibus
498 1095 627 1156 exterior
653 1093 686 1154 ttt
714 1093 833 1172 pulsus,
861 1095 892 1153 in
920 1093 1033 1172 asperis
1061 1093 1198 1162 interior,
1226 1093 1256 1152 in
1279 1089 1386 1152 mediis

86 1197 167 1256 inter
187 1203 347 1272 utrumque
367 1195 612 1273 supradictorum
634 1197 755 1258 locum?

51 1365 129 1408 ἔξ·

172 1466 275 1530 Oratio
297 1466 404 1528 dicitur
426 1466 553 1528 elocutio
577 1466 660 1546 quasi
683 1467 744 1527 oris
766 1467 856 1534 ratio,
886 1483 921 1526 eo
945 1465 1024 1546 quod
1047 1484 1100 1526 occ
1123 1473 1153 1526 et
1175 1466 1289 1526 ratione
1311 1483 1383 1526 con·

87 1569 178 1631 sistat.
224 1567 326 1631 Oratio
349 1576 379 1630 et
400 1585 596 1647 unaquaeque
624 1586 672 1629 ars
700 1566 831 1630 liberalis
860 1565 918 1628 dici
946 1574 1051 1648 potest.
1098 1567 1201 1629 Oratio
1224 1566 1332 1628 dicitur
1355 1573 1385 1628 et

59 1669 163 1732 eliber
190 1669 293 1732 solerti
320 1670 419 1734 studio
450 1669 557 1731 editus.
601 1668 677 1740 Quid
707 1677 751 1730 est
778 1670 890 1731 oratioi
934 1669 1038 1731 Oratio
1066 1677 1111 1730 est
1137 1675 1286 1730 structura
1316 1687 1384 1730 uer·
1471 1711 1473 1714 -

90 1771 193 1834 borum
218 1791 286 1835 cum
309 1769 397 1852 plena
419 1773 636 1851 significatione
658 1789 773 1832 sensus.
811 1769 1019 1841 Quaerendum
1042 1779 1094 1839 est,
1118 1771 1260 1833 orationis
1274 1787 1384 1848 genera

90 1882 158 1952 quot
178 1874 275 1936 sunti‘
311 1870 456 1954 Quinque.
501 1873 554 1935 list
576 1873 655 1934 enim
678 1872 814 1953 copulata
837 1879 867 1934 et
887 1869 976 1952 ligata
999 1874 1029 1934 in
1053 1874 1171 1944 metris,
1195 1870 1328 1934 absoluta
1351 1873 1385 1933 in

90 1993 185 2053 prosa,
216 1973 375 2037 allocutiua
398 1977 429 2036 in
452 1975 600 2056 epistolis,
625 1973 805 2055 disputatiua
828 1975 857 2036 in
880 1973 1019 2053 dialogis,
1043 1972 1166 2037 relatiua
1189 1975 1220 2036 in
1242 1973 1384 2036 historiis.

90 2074 334 2156 loterrogandum
363 2086 423 2149 est,
452 2079 549 2140 oratio
577 2073 689 2157 quibus
712 2076 809 2138 modis
831 2075 889 2136 dici
911 2079 1025 2156 potest?
1058 2077 1239 2164 ¹Secundum
1261 2077 1383 2154 Augu·

59 2180 224 2241 ustinum
247 2177 380 2242 duobus:
410 2179 529 2258 quando
551 2178 658 2260 aliquid
682 2175 900 2242 rationabiliter
922 2177 1085 2258 loquimur,
1115 2179 1163 2242 uel
1186 2178 1305 2260 quando
1330 2196 1384 2257 pro

91 2281 216 2359 peccatis
239 2278 289 2341 uel
311 2298 367 2359 pro
390 2282 449 2342 uita
473 2280 562 2343 deum
586 2299 732 2360 rogamus.
777 2282 862 2342 Scire
884 2279 1036 2350 debemus,
1063 2281 1130 2358 quis
1151 2284 1283 2360 primurn
1305 2279 1384 2361 apud

92 2381 218 2446 Graccus
239 2382 371 2444 studium
394 2385 537 2445 orationis
559 2383 682 2444 inuenit.
720 2380 854 2464 †Serou.
893 2382 976 2462 Apud
994 2383 1116 2444 Latinos
1138 2383 1224 2461 quist
1260 2382 1382 2463 Appius,

92 2487 138 2562 qui
164 2491 270 2547 contra
297 2483 423 2566 Pyrrum
455 2484 553 2546 studio
587 2485 731 2546 orationis
759 2483 852 2546 libros
879 2488 1044 2564 conposuit
1097 2485 1159 2546 lloc
1188 2483 1320 2546 breuiter
1347 2485 1385 2546 de

92 2588 221 2650 oratione
249 2586 359 2649 dixisse
387 2586 522 2662 sufficiat.
568 2586 765 2648 Transeamus
793 2586 828 2648 ad
858 2588 964 2650 artium
994 2586 1200 2669 etymologiam
1229 2595 1259 2648 et
1287 2585 1384 2648 discu-

61 2689 207 2760 ntiamus‚
236 2688 315 2751 unde
338 2706 388 2750 ars
410 2689 489 2750 dicta
512 2696 564 2756 est.
587 2685 635 2749 uel
658 2687 710 2750 ubi
733 2691 887 2768 proprium
912 2689 1009 2750 locum
1032 2697 1140 2760 teneat,
1164 2697 1214 2750 aut
1234 2689 1261 2750 si
1283 2688 1314 2749 id
1336 2691 1383 2760 sit,

92 2792 204 2868 qnando
227 2793 389 2871 cogitatur,
413 2791 565 2870 quidest,
589 2791 708 2870 quando
731 2789 871 2852 scribitur
894 2797 944 2852 aut
965 2791 1083 2872 quando
1106 2793 1137 2853 in
1160 2809 1249 2871 opere
1273 2807 1383 2870 cogno·

93 2895 194 2965 scitur,
225 2911 262 2955 an
285 2891 363 2954 aliud
388 2890 508 2973 aliquid.
553 2893 673 2956 Scimus
696 2895 789 2970 enirn,
814 2893 892 2973 quod
914 2895 994 2954 inter
1016 2891 1185 2954 liberalium
1208 2895 1315 2954 artium
1339 2891 1384 2954 di·

93 2995 226 3076 sciplinas
249 3015 298 3058 ars
320 2997 510 3074 grammatlca
532 2997 628 3074 primu
652 3003 706 3058 est.
744 2994 827 3056 Vnde
849 2995 926 3056 scire
949 2993 1101 3067 debemus,
1126 3012 1219 3073 quare
1240 3013 1290 3058 ars
1307 2994 1384 3056 dicta

92 3097 133 3156 sit.
175 3100 232 3160 dra
259 3097 336 3158 dicta
366 3104 413 3158 est
440 3095 477 3157 ab
505 3105 587 3165 artu,
615 3096 693 3158 idest
714 3115 729 3157 a
753 3096 1000 3176 constringendo,
1030 3115 1066 3160 eo
1095 3095 1173 3174 quod
1202 3098 1274 3159 artis
1297 3115 1383 3177 prae-

62 3201 180 3276 scopus
213 3203 320 3260 cuncta
354 3200 546 3277 constringat.
598 3197 674 3269 Quid
708 3200 786 3260 enirn
821 3200 912 3260 artius
946 3217 1013 3260 esse
1040 3205 1137 3279 potest
1164 3197 1212 3260 uel
1241 3199 1382 3267 strictius.

94 3315 174 3374 quam
203 3299 323 3382 quando
349 3318 401 3363 sex
430 3299 546 3362 casibus
575 3307 605 3362 et
633 3299 731 3362 tribus
759 3299 1017 3379 coniugationibus
1043 3308 1103 3362 tota
1130 3299 1271 3362 Latinitas
1299 3317 1383 3360 coar·

94 3403 184 3465 nunt
222 3401 275 3464 Vel
304 3411 384 3464 certe
412 3421 462 3464 ars
484 3402 561 3465 dicta
584 3402 801 3483 conprehensio
823 3409 1052 3482 praeceptorum
1075 3401 1110 3464 ad
1134 3401 1289 3464 utilitatem
1312 3418 1384 3462 usus

95 3503 285 3566 commodata.
329 3503 489 3566 Sciendum
519 3511 579 3575 est,
609 3503 689 3584 quod
718 3523 767 3566 ars
796 3506 950 3584 proprium
978 3502 1077 3567 locum
1105 3511 1187 3566 tenet
1214 3506 1245 3564 in
1275 3510 1382 3573 mente,

96 3621 155 3666 cunr
177 3607 335 3683 cogitatur.
372 3605 445 3668 llam
469 3605 586 3687 quando
607 3608 777 3684 conscripta
793 3605 894 3687 luerit,
916 3607 1040 3687 species,
1064 3623 1124 3668 non
1139 3625 1187 3668 ars
1203 3606 1382 3668 nominatur.

65 3889 85 3932 ιο
170 3877 257 3940 ldodo
279 3875 448 3948 uideamus,
471 3895 564 3957 quare
587 3875 662 3938 dixit
683 3881 765 3938 ‘cum
787 3879 869 3939 casu’
892 3885 1006 3940 tantum
1030 3878 1196 3959 etreliqua
1219 3879 1283 3940 eius
1306 3880 1383 3940 acci·

96 3975 186 4042 dentia
207 3981 314 4050 tacuit;
338 3979 416 4061 quod
441 3978 497 4042 hoc
519 3979 631 4042 studuit
654 3981 818 4042 Donatus
840 3980 950 4050 dicere,
974 3999 1038 4042 esse
1061 3998 1127 4042 curn
1151 3981 1279 4050 nomine,
1303 3978 1382 4060 quod

96 4083 199 4143 nomini
226 4100 347 4172 semper
373 4081 489 4144 accidit.
534 4080 654 4143 Nullum
684 4085 763 4144 enim
792 4100 901 4144 nomen
928 4083 1059 4144 inueniri
1087 4088 1187 4163 potest
1214 4082 1278 4143 sine
1301 4097 1381 4152 casu,

155 4321 170 4370 2
188 4317 228 4370 Au
249 4315 374 4384 ustinum]
395 4317 453 4370 Non
469 4324 544 4370 extat
562 4333 643 4386 nepus
661 4319 732 4384 apud
748 4318 858 4370 Keilium
878 4336 958 4387 neque
976 4321 1047 4385 apud
1069 4320 1211 4372 Weberum.
1277 4318 1382 4368 4Pris-

97 4337 246 4502 ἓίειέιιυᾙὲ
259 4385 278 4438 1
292 4403 321 4454 p.
339 4389 439 4507 207312
542 4387 557 4438 ὅ
575 4402 608 4437 cx
626 4387 771 4505 ‘¹⁰³¹’de
789 4385 908 4505 eflicitlur]
927 4391 1002 4440 Haec
1020 4391 1111 4440 demut
1126 4389 1198 4455 apud
1214 4388 1382 4438 priscianum.

139 4465 317 4576 illut.
334 4525 387 4574 κω
401 4465 621 4580 {rituti}
636 4470 716 4573 iupra
737 4467 1042 4588 ¹⁰l⁰‘l¹⁰s.⁰1⁰l¹l¹l⁰d‘s.
1062 4527 1103 4575 a.
1174 4523 1254 4572 aaa
1272 4519 1347 4572 aar
1452 4517 1456 4528 ·

98 4585 196 4642 elocutio
214 4591 301 4644 onnss
370 4591 525 4642 consistitB
607 4591 929 4652 transemundum
998 4593 1030 4642 14
1048 4592 1141 4655 quibua
1159 4590 1243 4640 modis
1262 4591 1382 4642 oratioB

126 4662 268 4724 agustinum
286 4660 311 4709 Α
380 4661 412 4710 li
430 4673 519 4726 grecos
538 4659 582 4710 AB
651 4661 726 4726 opius
744 4660 788 4710 ΑΒ
866 4662 899 4712 18
916 4661 1028 4726 pirrum,
1047 4675 1116 4712 corr.
1135 4659 1281 4725 pyrrumll
1351 4661 1383 4710 19

98 4725 294 4796 aethimologiam
313 4727 357 4777 ΑΒ
442 4729 474 4778 21
493 4727 563 4790 quod
581 4725 657 4778 estB
741 4729 774 4778 22
792 4727 891 4791 quinB
976 4729 1010 4780 25
1027 4727 1218 4793 constringatur
1238 4727 1281 4778 ΑΒ
1349 4729 1384 4778 26

98 4791 269 4847 choarmturii
321 4797 354 4848 27
371 4795 572 4861 conpraehensio
592 4793 620 4844 B·
673 4793 706 4846 28
724 4795 823 4860 quiaB
876 4797 909 4847 29
927 4797 1111 4848 conscribtnit
1179 4798 1213 4847 30
1231 4797 1255 4847 A
1272 4797 1384 4860 f·¹⁴⁹¹;

99 4859 154 4926 Bs.
172 4865 213 4916 ⁵⁵.
283 4863 465 4914 accedentiuB
534 4867 564 4916 31
585 4863 683 4926 qninB
751 4867 784 4916 32
802 4865 935 4915 acceditB

120 4941 207 4990 (imit.
219 4957 272 4992 ur.
284 4948 368 4990 surra».
1149 4951 1179 4998 ll
