3352 5556
267 366 409 424 cnxxtt,
804 352 1030 410 PRISGMNEA.

265 557 363 610 cetero
432 544 474 608 28
505 557 535 608 ct
556 563 663 608 aurora
733 542 776 608 29
804 555 896 608 tracta
925 546 1056 624 singutas
1078 553 1179 627 portes
1200 563 1259 608 om.
1331 543 1371 606 31
1401 547 1479 607 enim
1502 563 1561 607 om.

265 647 307 710 32
330 648 513 710 oceanitidis
577 645 619 710 33
641 648 814 710 oceanitidis
878 651 1102 727 gisorgicoroni
1126 658 1183 710 etc.

354 752 472 812 Desinit
494 753 552 811 lioc
570 749 778 826 srapmentum
801 755 832 812 in
849 768 885 827 p.
910 757 976 826 511,
1002 757 1040 810 20
1060 753 1100 813 K.

825 1119 909 1186 cnr.
932 1118 998 1186 111.

314 1275 374 1342 Da
403 1273 625 1342 Pnlsotnnt
654 1271 980 1341 COMMENTARIO
1007 1272 1286 1340 EINSIDLENSI
1312 1271 1514 1349 ALIISQVE

508 1392 680 1461 GLOSSIS
702 1392 977 1460 PRISCIANEIS
998 1391 1315 1460 BERNENSIBVS.

357 1567 575 1634 commentarii
596 1567 755 1631 cniusdam
782 1567 815 1629 in
839 1566 1029 1630 Mannum
1057 1565 1258 1629 Einsidiensis
1284 1571 1460 1629 mentionem
1484 1563 1565 1640 feeit

271 1672 425 1735 Martinus
454 1669 601 1734 Hertzius
621 1670 731 1748 praes.
760 1672 781 1731 Ι
809 1689 841 1748 p.
864 1671 933 1734 XX
937 1671 1036 1733 VIIII
1062 1674 1121 1743 ita,
1157 1678 1189 1732 ut
1216 1687 1256 1732 em
1286 1668 1565 1746 interpretamentis

268 1775 444 1855 Scotorum,
465 1776 601 1842 Donato,
624 1773 752 1847 Seruio,
776 1773 887 1842 Paulo,
911 1773 1015 1847 Beda,
1045 1769 1116 1832 aliis
1143 1789 1210 1832 enm
1231 1769 1480 1833 consarcinatum
1502 1787 1565 1830 esse

269 1875 393 1939 diceret.
438 1878 534 1952 Atque
561 1875 618 1936 lioc
640 1884 722 1936 recte
743 1872 911 1949 intellexit,
942 1891 1123 1951 quamquam
1144 1871 1246 1934 nescio
1273 1889 1314 1934 an
1342 1891 1404 1934 non
1430 1871 1567 1934 seuerius

268 1977 366 2056 aperit
394 1977 445 2040 uir
473 1979 676 2051 doctissimas,
706 1975 760 2052 qni
783 1975 937 2052 penninae
962 1978 1136 2052 solidaeque
1157 1972 1319 2036 doctrinae
1340 1972 1472 2050 nestipia
1493 1991 1564 2034 nus·

270 2099 360 2156 quam
380 2081 452 2153 sere
473 2095 626 2155 apparere
647 2079 851 2139 contenderet.
896 2077 976 2138 Nam
1003 2076 1059 2138 etsi
1088 2093 1186 2152 nupas
1212 2074 1309 2138 inesse
1335 2093 1397 2138 non
1418 2085 1463 2138 est
1484 2076 1568 2152 quod

268 2199 427 2259 nepemus,
456 2189 557 2240 tamen
585 2183 628 2241 ad
653 2181 892 2256 capnoscendam
922 2177 1006 2242 illius
1028 2177 1140 2240 aetatis
1161 2177 1240 2240 artis
1258 2181 1479 2254 prammaticae
1500 2185 1566 2238 tra-

268 2285 401 2345 ctandae
427 2280 578 2343 rationem
606 2278 840 2344 commentarius
865 2279 922 2342 iste
950 2299 1010 2344 nori
1037 2280 1104 2342 sine
1131 2279 1236 2357 aliquo
1256 2289 1404 2342 momento
1426 2297 1490 2340 esse
1510 2279 1566 2338 ia·

270 2386 383 2448 bandus
405 2391 458 2446 cst.
506 2383 719 2459 Quamobrem,
742 2390 905 2460 postquam
926 2400 992 2444 eum
1013 2382 1148 2445 codicem
1164 2400 1226 2459 per
1247 2381 1464 2459 ansuinum,
1493 2382 1566 2441 dnm

271 2489 357 2566 apud
382 2486 547 2548 monaclios
576 2483 782 2548 Einsidlenses
808 2499 908 2545 moror
941 2483 1029 2545 libris
1055 2482 1255 2562 inspiciendis
1283 2499 1408 2560 operam
1435 2500 1565 2557 nauans,

271 2591 370 2650 denno
387 2585 561 2665 perquisiui
582 2594 674 2662 atquc
692 2585 902 2665 pertractant,
933 2603 994 2648 non
1017 2603 1125 2663 pauca
1147 2589 1272 2648 inuenta
1292 2595 1381 2662 nint,
1409 2602 1487 2662 quaa
1507 2601 1567 2644 me-

271 2696 390 2752 moratu
412 2707 472 2752 non
495 2687 624 2764 indipnn
647 2688 836 2750 uiderentur.
1094 2755 1098 2767 ¹

356 2784 440 2853 inest
453 2789 549 2867 ipitur
563 2793 594 2852 in
610 2789 716 2852 codice
738 2789 926 2852 Einsidlensi
939 2798 986 2864 32,
1010 2809 1090 2853 saec.
1108 2791 1246 2852 X-Xl
1258 2792 1441 2852 sclioliorum
1455 2806 1569 2866 corpus

272 2897 403 2970 undique
429 2911 470 2954 en
497 2891 614 2970 aliquot
642 2891 801 2955 Prisciani
828 2891 998 2968 codicibus,
1036 2891 1089 2969 qni
1116 2891 1240 2955 nontin
1266 2890 1491 2968 marpinalilius
1519 2893 1570 2952 uel

272 2994 523 3057 interlineariius
545 2999 648 3057 anati
667 3003 765 3066 erant,
787 3004 961 3071 conpestum
984 3003 1074 3072 atque
1095 2992 1162 3055 sine
1184 2997 1246 3056 uilo
1267 3011 1370 3055 rerian
1391 2992 1501 3055 ordine
1521 2990 1569 3052 ita

272 3096 527 3173 consarcinatnin,
551 3105 584 3158 ut
604 3096 752 3158 librorum
768 3099 1016 3176 exponendorum
1030 3095 1124 3158 semes
1137 3099 1312 3173 compluries
1332 3097 1372 3156 alr
1385 3092 1453 3172 ipso
1467 3095 1569 3170 operis

273 3199 366 3262 initio
387 3207 583 3276 repeteretur,
606 3217 665 3274 auo
683 3199 803 3274 sactum
825 3209 879 3278 est,
902 3207 934 3261 nt
956 3201 1076 3260 eaedem
1097 3215 1189 3276 saepe
1203 3195 1409 3276 expositiones
1425 3193 1570 3273 plurilins

272 3300 347 3364 iocis
375 3299 508 3362 iteratae
535 3303 688 3377 teporatur.
732 3302 848 3363 Endera
869 3309 913 3362 est
935 3299 1016 3362 ratio
1038 3303 1171 3362 aliarum
1192 3303 1362 3377 plastarum
1384 3299 1571 3360 Piiseiuncis

275 3401 519 3484 subiunctaium,
546 3420 624 3478 quae
651 3403 694 3462 ad
723 3401 846 3464 diuersa
873 3401 1065 3464 diuersorum
1087 3411 1244 3465 auctorum
1264 3400 1383 3479 scripta
1401 3398 1568 3477 pertinent.

274 3508 320 3568 De
340 3503 450 3567 ceteris
471 3503 605 3584 scriptis,
630 3522 708 3582 quae
729 3501 763 3566 i'n
784 3523 820 3568 eo
840 3504 919 3568 li‘liro
940 3503 1148 3579 contineatur,
1173 3502 1340 3580 aliqnando
1361 3502 1396 3565 in
1419 3497 1570 3563 analectis
1599 3557 1603 3564 .

274 3607 513 3670 Einsidtensibus
533 3623 665 3682 apamiis.
1411 3621 1417 3634 ¹

359 3707 540 3770 Mamaea
567 3707 664 3785 ipitur
692 3707 809 3770 sclioli'ei
836 3711 1000 3770 maximam
1022 3717 1146 3786 partem
1173 3715 1313 3770 constant
1334 3725 1380 3769 ea·
1406 3703 1570 3769 inusitata-

275 3829 342 3874 rum
371 3829 476 3873 uocum
505 3812 554 3874 uel
580 3809 765 3872 locutionum
791 3808 1090 3888 interpretationibus
1118 3813 1166 3872 uel
1192 3813 1270 3871 adea
1296 3827 1399 3872 rernm
1420 3811 1567 3886 ipsumam,

276 3916 314 3974 de
335 3912 443 3990 quilius
464 3915 550 3990 apud
570 3911 761 3974 Priscianum
790 3915 840 3974 uei
867 3923 1006 3974 auctaas
1028 3911 1182 3974 Prisciani
1203 3916 1317 3989 apicum
1361 3912 1430 3972 lam
1450 3927 1491 3970 ea
1511 3906 1571 3969 itta

272 4013 445 4093 farrapirie
465 4032 502 4074 ea
518 4031 699 4092 proponam,
723 4031 801 4092 quae
822 4019 853 4076 in
876 4013 1032 4076 Prisciani
1052 4017 1151 4076 ueiii's
1172 4013 1268 4094 ipsius
1289 4022 1344 4075 aut
1365 4016 1570 4090 interpretan-

277 4120 323 4180 dis
345 4125 399 4179 aut
420 4118 610 4179 recensendis
632 4125 804 4179 mereamur.
1006 4121 1008 4129 ’

363 4219 460 4298 thtP
494 4235 614 4298 Gnoso
648 4235 698 4296 EX
731 4234 848 4297 PRIMO
881 4234 995 4298 LlBRO
1023 4221 1108 4298 PRN.
1157 4234 1408 4316 Constantinopoli
1440 4233 1571 4312 scripsit.

277 4339 475 4402 Caesoriensis
502 4357 517 4398 a
548 4337 684 4400 Caesario
715 4337 882 4398 deriuatuni
911 4347 955 4399 est
982 4338 1103 4399 ciuitate
1131 4339 1328 4406 Graecorum,
1356 4339 1387 4398 io
1416 4355 1473 4418 qua
1501 4334 1572 4396 iicet

278 4441 425 4510 Romano,
454 4448 486 4501 ut
509 4439 628 4509 dicunt,
657 4442 800 4518 sangnine
829 4439 935 4501 ductus
964 4448 1050 4501 natus
1079 4449 1137 4510 est,
1166 4440 1218 4501 ubi
1241 4449 1271 4501 et
1292 4438 1395 4500 didicit
1417 4448 1447 4499 et
1467 4447 1570 4520 posteo

280 4543 393 4624 (postea
414 4543 493 4624 cod.)
524 4543 778 4624 Constantinopoli
807 4541 907 4604 docuit
934 4551 1021 4619 atque
1048 4540 1090 4603 ihi
1119 4541 1199 4605 huna
1227 4539 1335 4602 libram
1358 4540 1470 4603 iuliano
1491 4543 1570 4621 Apo·

279 4653 373 4706 statne
395 4647 523 4723 scripsit.

364 4747 374 4806 i
398 4766 426 4826 p.
444 4745 472 4816 1,
489 4743 563 4808 911:
588 4745 775 4826 scrupulosis
789 4743 1026 4828 quaestionibus]
1052 4745 1194 4808 Metaiora
1218 4754 1261 4808 est
1285 4755 1375 4809 tracta
1399 4745 1448 4827 (sit
1462 4753 1573 4806 tractim

159 4907 174 4937 ⁸
278 4845 358 4932 cod.)
382 4848 418 4908 ab
443 4849 569 4922 iini·eno;
598 4849 755 4934 scrupulus
779 4860 824 4912 est
846 4853 924 4912 enim
948 4849 1051 4912 inanis
1074 4848 1206 4933 lapillus,
1234 4849 1313 4910 sindo
1334 4848 1518 4930 iscrnputum
1542 4857 1574 4910 et
