3378 5550
286 315 358 362 CXX
674 299 723 349 Du
742 297 987 350 Dlssounn'rln
1006 297 1197 348 SERMONIS.

287 493 330 550 ad
350 499 482 550 nostram
506 495 635 550 oetatem
659 505 767 548 eernere
788 495 817 546 et
837 503 1041 566 synonyma
1062 494 1091 546 ct
1113 485 1393 560 differentiae,
1423 485 1482 562 ita,
1511 505 1579 548 eum

288 589 444 654 Ciceronis
466 589 586 650 nomine
608 587 759 666 inscripta
780 607 1011 668 synonymorum
1033 588 1172 652 collectio
1193 589 1462 664 circumferretur,
1491 587 1579 666 diffc-

287 693 456 756 rentiurum
479 709 597 768 quoquc
617 709 683 751 cum
708 690 809 766 fuisse
836 697 991 752 ouctorem
1018 690 1166 753 librerias
1193 689 1295 752 neseio
1323 689 1391 767 quis
1411 690 1581 768 nuptiatis

287 792 383 876 cst,*)
403 792 585 855 simillimae
611 802 679 854 suut
705 791 786 868 iilis,
816 809 892 870 quas
921 791 1114 854 Dubrcuitius
1146 813 1226 855 anuo
1258 801 1331 854 toot
1358 792 1437 854 iuter
1464 792 1582 856 Isidori

288 915 397 976 rurore,
429 895 634 970 Gotbofredus
666 913 746 957 nuno
774 903 846 972 post
881 893 914 955 in
946 893 1071 971 tinnire
1102 895 1233 958 Latinae
1265 904 1423 958 suetorum
1452 913 1582 972 corpore

288 1002 419 1078 append.
443 1017 478 1076 p.
504 1003 649 1057 71-1116
672 995 873 1074 (popinarum
900 995 1018 1060 nunni
1043 1017 1104 1060 nou
1132 1006 1214 1060 recte
1237 997 1334 1075 positi
1354 1007 1439 1073 sunt,
1469 996 1583 1074 qnippe

288 1121 354 1164 cum
377 1119 397 1160 o
418 1117 543 1162 numero
559 1099 683 1160 LXXX
702 1097 804 1160 statim
819 1101 1032 1162 adnumerum
1055 1101 1207 1162 LXXXX
1210 1103 1225 1162 I
1246 1105 1436 1176 transeatur)
1458 1101 1490 1161 S.
1508 1102 1580 1161 Ger-

290 1204 381 1280 uusii,
406 1205 450 1263 ud
459 1209 643 1280 postremum
660 1201 810 1262 decoratus
825 1199 856 1262 in
873 1201 988 1262 Isidori
1003 1219 1126 1278 operum
1141 1211 1220 1264 tomo
1242 1203 1306 1262 VII
1317 1205 1449 1279 append.
1466 1203 1585 1263 XXIII

286 1329 320 1386 p.
347 1313 513 1368 teo-tte
540 1302 703 1366 ediderunt
708 1324 720 1374 ;
749 1321 928 1378 quomqunrn
955 1323 1050 1380 neque
1077 1297 1186 1366 ordine
1214 1322 1309 1380 nequeo
1337 1322 1461 1364 numero
1491 1321 1586 1380 uenire

289 1410 480 1486 sinoulorum
509 1424 611 1466 rerum
629 1403 840 1484 explicatione
859 1398 960 1482 pIane
974 1405 1054 1466 inter
1072 1425 1103 1466 se
1123 1387 1322 1468 conserriiunt.
1363 1407 1492 1479 Quorsum
1507 1405 1583 1466 Bre-

291 1511 390 1586 uilius,
415 1509 502 1571 cuius
523 1506 685 1568 editionem
703 1510 852 1570 Areualus
865 1517 996 1569 secutum
1011 1527 1074 1588 sese
1088 1527 1151 1570 esse
1165 1508 1230 1586 ipse
1250 1515 1376 1570 testatur
1389 1512 1410 1570 l.
1426 1511 1446 1568 l.
1458 1527 1493 1586 p.
1511 1515 1583 1581 126,

289 1633 355 1676 enm
378 1609 582 1674 collectionem
605 1611 643 1670 ab
665 1608 733 1686 ipso
755 1611 876 1672 Isidoro
897 1609 1045 1689 scriptam
1067 1629 1129 1672 csse
1151 1619 1245 1682 ratus,
1270 1619 1372 1688 utpote
1392 1627 1483 1688 quam
1503 1608 1587 1670 inter

289 1715 407 1779 Isidori
429 1730 524 1791 opera
547 1730 567 1772 n
590 1711 775 1790 Marpnrino
796 1714 834 1773 de
855 1715 887 1774 la
903 1712 1003 1790 Bipue
1024 1731 1106 1774 anno
1125 1721 1200 1773 1580
1221 1711 1306 1774 edito
1319 1719 1427 1774 extare
1448 1710 1583 1786 uidisset,

290 1837 368 1894 erem,
393 1825 556 1892 autequam
578 1833 652 1891 opus
674 1815 717 1874 nd
733 1817 823 1888 finem
847 1824 996 1892 ucrperct,
1019 1815 1146 1892 penuini
1166 1812 1269 1892 operis
1284 1813 1455 1878 Isidoriuni
1468 1813 1587 1876 nescius

289 1920 416 1998 fuisset,
443 1935 524 1995 ponc
550 1916 703 1994 oripiuum
731 1916 825 1979 libros
847 1937 882 1996 p.
907 1925 962 1978 281
982 1937 1042 1994 seq.
1073 1927 1217 1995 tanquam
1241 1916 1405 1994 primum
1432 1915 1588 1978 Isidori

291 2019 535 2098 Hispalensis
563 2017 750 2097 Episcopi
777 2021 821 2080 dc
847 2019 1101 2094 differentiis
1126 2019 1209 2082 siue
1232 2023 1479 2097 proprietate
1500 2036 1587 2080 uer-

292 2128 421 2187 borum
450 2121 591 2183 tibrum
617 2120 730 2195 edidit,
765 2127 819 2184 eui
842 2121 1066 2200 spiritales,
1096 2139 1174 2198 quac
1201 2123 1359 2195 dicuutur,
1389 2119 1587 2194 differen-

291 2232 366 2289 tius
387 2223 478 2302 quasi
499 2226 628 2284 alterum
649 2222 784 2284 subiecit.
830 2224 1035 2297 Gotbofredus
1062 2241 1136 2286 reero
1159 2221 1291 2284 Breuitii
1312 2221 1468 2297 editionis,
1496 2239 1589 2298 quam

293 2339 345 2390 11111
367 2327 523 2403 ionorauit
550 2333 604 2386 oret
632 2325 779 2401 r'pnorurc
805 2345 837 2386 se
858 2324 1029 2404 simulauit,
1057 2327 1140 2386 nullo
1166 2327 1266 2387 babitu
1294 2333 1433 2403 respectu
1454 2327 1503 2385 ‘ab
1525 2342 1587 2384 um-

287 2431 427 2510 plissimo
456 2427 525 2490 uiro
553 2428 667 2488 Incobo
695 2427 868 2504 Bouporsio
895 2431 996 2505 tepoto
1023 2426 1121 2504 repio’
1145 2430 1222 2490 Iraee
1242 2445 1341 2490 seeum
1363 2425 1589 2490 eommum’enta

292 2551 355 2594 esse
371 2533 478 2610 putam
498 2529 657 2606 professes
679 2537 732 2590 est.
777 2531 840 2590 Sed
860 2530 1063 2608 iquorabutur
1084 2548 1177 2607 usaue
1198 2531 1242 2592 ad
1254 2528 1438 2610 buuefldiem
1460 2537 1489 2589 et
1502 2537 1590 2589 aetus

292 2633 367 2698 libri
392 2630 601 2708 Bonparsiani
621 2637 712 2708 utque
729 2629 800 2709 'ipsc
826 2633 879 2710 qui
906 2652 942 2694 cn
969 2635 1142 2695 continebat
1170 2635 1269 2694 eadere
1296 2635 1349 2694 ubi
1368 2639 1452 2693 esset.
1499 2631 1589 2702 (luem

294 2756 361 2799 eum
384 2734 439 2797 diu
457 2733 581 2808 frustra
603 2733 817 2810 qrrncsiuissem
840 2735 1049 2797 bibliothecam
1066 2735 1249 2797 Bnmeusem
1266 2735 1498 2813 perscrutando,
1522 2741 1589 2793 tau·

296 2843 362 2900 dem
390 2835 507 2899 inueni.
554 2837 609 2898 Est
635 2837 734 2898 rodere
763 2845 821 2896 22t
848 2843 969 2899 saecuto
998 2836 1116 2900 decimo
1137 2835 1319 2899 nitidissime
1338 2835 1472 2913 scriptus
1493 2833 1589 2897 couti-

296 2959 368 3002 neus
391 2937 507 3001 Isidori
528 2937 681 3016 oripinum
703 2936 797 3001 libros
819 2941 897 3014 XX,
927 2942 966 3000 de
992 2941 1102 3002 mundo
1126 2939 1251 3013 tibrum,
1282 2937 1477 3017 differentias
1497 2935 1590 3014 spiri-

296 3046 379 3116 tales,
397 3041 531 3102 eiusdem
547 3039 663 3102 Isidori
677 3037 729 3124 **)
743 3043 781 3102 de
796 3041 862 3104 uita
883 3051 912 3103 et
934 3043 1017 3104 obitu
1033 3051 1159 3120 patrum
1185 3039 1309 3118 aliaque
1329 3039 1447 3118 scripto
1470 3039 1591 3100 minora

296 3142 479 3219 tbeolopicn,
505 3141 651 3204 Eucherii
670 3147 797 3220 plassas,
823 3143 977 3207 Ciceronis
997 3161 1174 3224 synonyma,
1199 3142 1328 3220 denique
1344 3140 1498 3218 plessaria
1520 3161 1590 3204 con·

218 3241 222 3250 ’
291 3245 410 3326 pluria,
427 3262 554 3320 priorum
570 3245 653 3320 quod
666 3243 769 3308 ultimo
784 3250 850 3308 toeo
864 3251 1042 3309 collocutum
1057 3255 1109 3321 cst,
1132 3245 1263 3308 omnium
1278 3243 1443 3307 maximum
1460 3245 1595 3304 XXVII

292 3347 376 3423 folia
407 3345 501 3424 inptct
521 3346 692 3421 praemisso
719 3348 937 3410 INCIPIUNT
963 3349 1120 3410 GLOSAE
1150 3347 1196 3423 (f.
1229 3346 1298 3408 tbi*
1325 3350 1382 3412 eol.
1409 3348 1466 3423 II)
1495 3343 1591 3407 titulo.

297 3445 500 3527 Differentiae
520 3447 609 3525 ipsae
630 3447 660 3521 f.
687 3455 762 3508 112·
782 3453 839 3512 cot.
863 3451 882 3510 I
904 3483 940 3494 -
962 3450 991 3524 f.
1017 3458 1093 3511 186ιι
1114 3455 1171 3513 eol.
1196 3453 1232 3512 II
1259 3455 1420 3527 tenuntur:
1452 3446 1591 3509 tuctur

299 3551 345 3614 DE
369 3545 640 3626 unotonturn'ru
663 3547 879 3634 sunuoluvn
896 3584 903 3599 ·
920 3551 991 3613 VEL
1014 3533 1139 3634 nunu}
1159 3551 1233 3614 Inte!
1256 3550 1398 3633 pollicere
1415 3557 1445 3612 et
1466 3551 1590 3630 promit·

298 3668 361 3716 tere
383 3653 440 3714 hoc
461 3653 587 3714 interest
612 3687 655 3698 --
683 3652 763 3714 Inter
791 3655 926 3716 hominus
948 3663 978 3716 et
1001 3653 1110 3718 bestius
1131 3655 1189 3716 huc
1210 3656 1348 3724 interest,
1377 3651 1456 3734 quud
1478 3651 1592 3714 bestiae

300 3774 396 3833 {nentri
425 3745 546 3836 seiriunt
575 3775 606 3854 (r
629 3775 701 3834 add.
724 3791 763 3834 m.
787 3774 838 3854 ΙΙ)
869 3773 1003 3837 homines
1032 3749 1146 3835 ratione
1175 3773 1272 3852 (carr.
1302 3773 1410 3834 rationi
1437 3791 1477 3834 m.
1505 3773 1557 3851 ΙΙ)
1586 3771 1590 3848 I

298 3874 469 3938 exsulum
489 3872 494 3955 Ι
512 3872 705 3938 beurunes
723 3871 745 3957 1.

367 4111 402 4179 *)
420 4111 579 4176 Quamquam
597 4113 624 4162 id
642 4128 744 4178 quoque
762 4115 869 4180 cogitari
887 4125 987 4181 potest,
1006 4114 1151 4165 Ciceronem
1170 4115 1246 4164 istum
1264 4114 1360 4164 Venerii
1378 4113 1487 4163 amioum
1506 4127 1595 4162 terrers

299 4182 499 4233 differentiarum
517 4182 691 4232 collectionem
709 4182 864 4242 instituisse,
888 4195 916 4234 ut
932 4185 1047 4234 Isidorus
1065 4197 1116 4232 nun
1136 4197 1280 4246 synonyma
1298 4193 1394 4232 tuntum
1412 4183 1482 4243 eius,
1506 4197 1594 4230 uerum

299 4252 376 4301 etism
399 4250 554 4300 differentius
578 4250 691 4300 imitatus
714 4266 772 4301 esse
794 4252 919 4306 uidentur.
956 4251 1021 4302 Num
1043 4265 1187 4315 synonyma
1209 4262 1278 4301 certe
1296 4249 1425 4301 Ciceronis
1444 4250 1476 4298 ub
1494 4249 1595 4299 Isidoro

301 4333 423 4384 expressa
442 4317 523 4370 tuisse
540 4319 597 4384 ipse
615 4329 722 4368 testatus
741 4331 780 4369 est
796 4335 932 4385 synonym.
951 4320 994 4370 Iib.
1012 4321 1023 4369 I
1040 4319 1121 4386 praei.
1141 4319 1213 4380 (Isid.
1228 4334 1290 4384 opp.
1309 4319 1348 4372 ud.
1363 4318 1465 4368 meust.
1484 4328 1546 4367 tom.
1559 4317 1595 4366 VI

300 4402 326 4452 p.
345 4384 406 4452 472)
425 4387 465 4436 tris
484 4387 581 4437 uerbis:
618 4387 711 4437 ‘Venit
730 4403 811 4454 nuper
833 4389 865 4438 ad
888 4403 979 4438 munus
998 4403 1067 4438 meus
1086 4387 1212 4450 quaedum
1230 4386 1350 4438 schedula
1369 4386 1498 4437 Ciceronis
1515 4399 1595 4447 quum

301 4468 444 4518 synonyma
462 4455 562 4514 dieunt,
587 4455 659 4504 cuius
678 4453 788 4505 Iorrnuls
805 4458 934 4522 persuasit
950 4457 1035 4507 unimo
1054 4456 1184 4519 quoddam
1202 4455 1338 4506 lamentum
1356 4454 1418 4504 1111111
1436 4453 1476 4504 uei
1494 4453 1596 4503 miseris

301 4521 430 4572 deridere)
449 4520 536 4585 Neque
554 4524 620 4572 enirn
638 4535 705 4574 reete
724 4523 838 4574 bissinus
856 4525 915 4575 otim
934 4523 1107 4591 (Putrologiae
1124 4535 1186 4574 tom.
1205 4526 1238 4576 83
1256 4539 1282 4589 p.
1295 4523 1345 4573 aut
1363 4523 1404 4573 ed.
1417 4521 1513 4588 Migue)
1532 4521 1596 4571 iIIud

301 4589 454 4640 ‘Ciceronis’
473 4593 589 4658 expungi
607 4592 689 4654 iussit,
710 4593 783 4655 qurusi
802 4609 817 4642 a
835 4593 965 4658 plerisque
982 4593 1053 4643 libris
1072 4593 1252 4658 manuscriptis
1274 4591 1395 4645 alienum.
1430 4591 1510 4640 Adest
1527 4589 1595 4638 enim

304 4673 352 4707 nou
372 4657 455 4707 solum
474 4659 501 4708 in
520 4659 590 4709 libris
609 4659 775 4726 Guudniupeo
794 4671 819 4710 et
836 4661 994 4726 Hispaniensi,
1013 4661 1106 4725 quibus
1125 4660 1238 4710 Mariana
1257 4676 1320 4710 usus
1339 4671 1391 4724 est,
1410 4658 1549 4709 sedetiam
1569 4659 1595 4707 in

304 4725 455 4776 Eins'rdlensi
476 4741 513 4776 nr.
534 4729 582 4778 172
600 4743 666 4776 saec.
685 4727 780 4778 ΙΧ-Χ
800 4729 818 4779 t.
839 4727 880 4782 12.

371 4791 416 4859 **)
436 4795 499 4844 Hinc
516 4794 657 4862 explicatur
676 4795 746 4859 illud,
765 4813 810 4846 cur
829 4797 893 4848 intur
911 4797 1002 4848 Isidori
1021 4813 1098 4864 opera
1116 4797 1339 4863 lune-differentius
1357 4805 1474 4861 receptae
1491 4792 1595 4846 fuerint.
