3378 5550
280 356 392 404 crvnr
668 339 717 388 nn
736 337 978 390 ursaonanrra
998 337 1192 392 snnuonrs.

365 531 449 592 Haec
470 527 590 607 excipit
608 525 839 604 placuerimus.
862 533 917 586 12⁰
930 561 973 572 -
989 525 1020 601 s.
1038 524 1110 587 77⁶:
1132 524 1271 589 ε11888888
1293 527 1342 588 Inr
1363 527 1576 592 iumentorum.

280 635 389 697 abacta
416 629 548 693 inuoluta
576 630 681 692 iurata.
725 627 855 692 abactae
882 627 1011 696 excluse.
1048 627 1178 692 dbactus
1205 627 1243 690 ab
1271 637 1340 691 actu
1370 637 1506 692 remotus
1532 663 1576 672 —

281 735 407 817 zepheri
430 735 512 797 nenti
534 729 730 795 occidentalis.
768 732 884 793 Zizania
907 729 1019 796 lolium.
1054 731 1134 793 Zona
1156 730 1331 812 cingulum'.

363 837 391 914 s.
417 844 474 898 78·
495 839 552 897 881.
575 836 657 896 1-
674 834 704 910 f.
727 841 788 894 88·
808 837 866 896 881.
888 834 910 894 I
927 833 1063 910 88888188
1084 834 1324 912 ortboprapbia,
1348 853 1428 912 quoe
1450 835 1578 896 Bedae

281 945 374 1018 utdpo
389 937 535 1002 tribuitur
548 940 631 1000 88118
640 940 785 1014 praefixo
806 936 943 1000 nomiae:
965 937 1018 998 ΜΕ
1040 935 1165 998 incar
1185 935 1374 1009 Antronas
1396 935 1496 999 UULT
1511 936 1577 1007 0111

281 1041 482 1106 PROFERRE
509 1038 704 1112 tuuuntas
738 1037 801 1110 out
834 1039 888 1101 ΜΕ
915 1036 992 1100 NON
1020 1036 1207 1110 SEQUITUR
1234 1039 1335 1101 UULT
1362 1039 1448 1102 SINE
1476 1039 1579 1102 LEGE

283 1143 406 1216 tonui.
455 1146 602 1206 aeternus
637 1150 719 1203 actas
751 1142 885 1221 aequitas
913 1159 1019 1202 aenum
1048 1159 1160 1222 aequus
1195 1141 1273 1204 idest
1301 1145 1398 1204 iustus
1430 1161 1486 1222 per
1517 1141 1579 1203 duo

282 1271 302 1312 n
323 1283 366 1293 —
387 1263 497 1327 uesper
519 1245 629 1306 incerti
650 1245 768 1322 38888818
789 1252 833 1304 est
855 1252 889 1304 nt
902 1245 1052 1322 prisciano
1066 1241 1173 1324 placet.
1197 1244 1263 1305 ideo
1286 1245 1469 1324 euangelista
1484 1244 1577 1306 dixit:

283 1368 408 1429 uespere
430 1366 505 1429 qnae
528 1347 651 1409 lucescit
672 1346 702 1406 in
725 1347 820 1425 prima
842 1343 967 1406 sabbati.
1018 1391 1019 1394 ,

362 1452 393 1526 s.
423 1457 479 1512 88·
506 1453 564 1512 881.
591 1449 627 1509 I:
661 1447 709 1509 llE
743 1446 1020 1509 annuntiarant.
1059 1447 1299 1512 uatunnanta
1328 1447 1452 1511 nuncto
1485 1447 1579 1512 latine

284 1562 381 1646 raupta
405 1553 549 1634 scriptura
573 1553 814 1631 interpraetatur.
859 1549 932 1611 Orto
960 1552 1039 1611 enirn
1062 1559 1144 1630 recte
1171 1551 1262 1630 388118
1284 1549 1432 1613 scribtura
1454 1551 1578 1614 dicitnr.

281 1657 362 1719 llaec
375 1656 518 1735 discipiua
533 1651 597 1734 (sic)
611 1652 698 1714 docet
709 1651 969 1733 quemammodum
981 1651 1072 1714 scribi
1083 1651 1202 1714 debent.
1234 1651 1309 1714 llam
1320 1654 1398 1717 sicut
1408 1671 1457 1715 ars
1469 1659 1581 1716 tractat

281 1760 319 1820 da
347 1759 473 1840 partium
505 1753 700 1818 declinatione
729 1757 769 1816 ita
797 1756 880 1834 origo
908 1753 957 1816 uel
985 1755 1143 1834 8818388118
1172 1753 1208 1816 de
1236 1755 1387 1818 scribendi
1415 1757 1521 1838 peritia
1544 1765 1580 1818 nt

282 1871 351 1944 puta
374 1860 410 1922 ad
434 1877 500 1920 cum
523 1866 569 1919 est
590 1857 772 1940 praepositio
795 1891 836 1901 -
854 1856 881 1932 f.
898 1853 952 1917 89⁸
972 1860 1030 1920 coi.
1046 1859 1079 1918 I:
1103 1857 1155 1918 sed
1178 1875 1268 1938 supra
1290 1857 1422 1921 sicilicus
1443 1877 1579 1939 appone·

283 1964 354 2025 bant
377 1979 452 2040 quae
475 1969 544 2022 nota
567 1958 811 2021 commonebatur
839 1957 981 2021 lectorem
1009 1957 1205 2038 3881888188
1227 1979 1294 2022 esse
1316 1958 1455 2023 litteram.
1500 1961 1579 2022 Sici-

284 2067 359 2129 licus
382 2065 459 2126 enim
483 2063 509 2124 si
525 2063 636 2140 itaquo
652 2059 759 2123 scribsi
775 2070 934 2142 propterea
949 2080 1039 2142 perp
1055 2071 1085 2123 et
1100 2081 1114 2122 s
1130 2059 1272 2124 scribitur
1298 2096 1332 2108 -
1352 2063 1383 2138 s.
1401 2071 1457 2124 90·
1469 2065 1527 2126 881.
1543 2065 1579 2125 Ι;

284 2172 309 2231 81
333 2169 370 2229 de
391 2174 514 2247 peccato
538 2165 629 2226 luerit
651 2170 684 2224 ut
706 2171 750 2224 est
773 2161 878 2224 delicta
900 2181 954 2243 per
977 2183 993 2224 a
1016 2173 1046 2224 et
1068 2166 1076 2224 i
1100 2163 1293 2226 scribendum
1316 2172 1361 2226 est
1385 2199 1433 2235 -,
1455 2167 1514 2227 1888
1534 2175 1581 2227 881

283 2267 432 2332 Isidori
460 2266 614 2343 oripiuam
641 2265 693 2327 lib.
715 2267 736 2324 I
760 2283 830 2343 cap.
853 2264 982 2344 XXVI,
1010 2265 1063 2327 oui
1084 2265 1149 2327 aliu
1171 2267 1310 2329 collect-io
1333 2267 1580 2346 ortboprapbica

284 2372 405 2434 odt'ccta
427 2377 481 2448 881,
505 2386 594 2445 quarn
616 2367 707 2429 buius
727 2365 802 2428 libri
823 2369 890 2428 Ioco
912 2367 1090 2430 duodecimo
1107 2387 1142 2445 p.
1170 2375 1221 2428 299
1241 2388 1302 2446 seq.
1323 2367 1527 2454 camenusfl)

368 2471 512 2548 Sequitur
530 2471 559 2545 f.
584 2467 637 2530 88·
657 2505 701 2517 -
718 2470 747 2543 f.
773 2475 845 2528 188·
866 2473 923 2531 881.
947 2470 969 2530 I
992 2473 1167 2547 optoculum
1189 2471 1388 2548 tbeolopieum
1409 2470 1582 2535 8888181811

284 2573 524 2654 clarificatione:
552 2571 673 2634 illorum
702 2590 760 2653 que
788 2573 864 2633 intra
893 2571 1064 2634 scribuntur
1086 2575 1219 2654 quinque
1241 2573 1388 2650 graduum
1411 2575 1578 2636 ministeria

285 2678 342 2742 alta
371 2676 571 2739 dominatione
599 2673 784 2756 praecellunt
804 2709 847 2721 —-
875 2675 918 2736 Ex
946 2674 992 2735 nis
1020 2673 1158 2736 omnibus
1186 2677 1330 2737 creaturis
1359 2695 1485 2756 qnorum
1510 2695 1581 2756 per-

286 2782 459 2860 stringimus
480 2777 616 2839 ordinem
640 2776 783 2855 quaedam
807 2796 841 2838 ex
865 2777 964 2858 aliquo
986 2777 1130 2857 quaedam
1154 2796 1190 2838 ex
1206 2775 1298 2839 nibilo
1314 2779 1450 2840 conditor
1465 2781 1582 2842 creauit

286 2881 400 2946 caelum
424 2892 454 2942 et
471 2889 581 2942 terram
604 2889 634 2942 et
656 2897 766 2942 marae.
790 2880 862 2941 littit.
886 2886 1019 2938 ament.

370 2985 510 3060 Sequitur
539 2983 628 3044 uliud
653 2985 829 3060 opttacaium
856 2985 1055 3060 tbcoIopt'cum
1076 2985 1140 3044 8188
1161 2985 1248 3045 titulo
1265 2983 1296 3057 s.
1321 2990 1396 3045 1118·
1416 2987 1474 3046 881.
1498 2985 1582 3045 I·-

283 3088 313 3162 s.
340 3083 409 3147 1181
430 3088 487 3148 881.
511 3085 533 3145 I
537 3107 545 3144 :
574 3084 669 3147 Omne
698 3093 851 3166 peccatum
880 3085 961 3145 accio
988 3094 1034 3146 est
1056 3086 1117 3145 acci
1140 3093 1238 3146 autem
1261 3104 1349 3148 omne
1371 3087 1449 3166 quod
1472 3085 1581 3149 uolun-

287 3191 394 3251 tariunt
419 3196 463 3248 est
485 3196 544 3247 tarn
567 3188 691 3247 honesta
714 3204 802 3265 quant
826 3188 929 3266 turpis.
976 3186 1054 3266 Ergo
1075 3185 1276 3248 uoluntarium
1300 3197 1345 3248 ost
1366 3223 1408 3233 -
1431 3189 1580 3270 Numquid

289 3291 426 3353 nobilitas
454 3286 631 3367 gloriabitur
659 3289 761 3350 ellocta
791 3307 849 3349 non
880 3307 1040 3366 uunuptonr
1068 3289 1196 3367 indignis
1224 3299 1254 3352 et
1278 3289 1495 3353 miserabilibus
1516 3303 1582 3352 scr-

290 3479 514 3490 ——-—·—·——

289 3617 400 3682 31888888.
443 3597 617 3694 explt‘t'tffl
645 3611 703 3665 bod.
715 3613 795 3664 Bora.
811 3613 834 3662 Α
850 3615 963 3664 92881
978 3612 1116 3664 8888111.-
1135 3611 1269 3663 Sinonima
1283 3615 1408 3665 ciceronis
1423 3613 1501 3677 (8888.
1514 3613 1582 3682 888),

290 3700 410 3750 abditum
423 3711 539 3764 opertum
552 3700 705 3750 absconsum
719 3699 856 3747 obscurum
866 3725 899 3732 -
909 3695 989 3748 uitare
1001 3699 1127 3748 declinare
1144 3713 1237 3748 888888
1255 3699 1380 3749 subtiliter
1396 3699 1499 3766 lugere,
1515 3703 1584 3763 [8118

294 3767 371 3818 1ἸΙΙ
389 3771 550 3832 conplectens
571 3773 653 3832 priato
675 3783 773 3833 quoque
795 3767 916 3818 uocabulo
932 3783 982 3832 per
999 3768 1400 3834 81818181188118888881388188
1422 3771 1480 3821 ood.
1497 3769 1582 3821 11888.

289 3856 340 3904 888
357 3868 425 3903 saec.
444 3851 588 3917 rx-xr.
608 3851 676 3904 881·
695 3858 827 3931 tmctptt
848 3839 984 3931 piccus
1011 3839 1331 3920 senonicae-oo·
1348 3855 1425 3904 aaron
1442 3855 1487 3917 qut
1504 3855 1585 3922 pluri·

291 3939 339 3986 tuis
358 3935 404 4001 (rs.
416 3937 508 4002 supra)
527 3965 559 3974 -
578 3937 670 3988 Oratur
687 3948 758 3986 acttu·
775 3944 833 3996 818..
852 3939 896 4003 pai
929 3939 1011 3989 uidero
1028 3937 1091 3988 liber
1109 3954 1157 3989 oon
1174 3939 1298 4004 inteprum
1315 3938 1418 3989 88181181
1429 3943 1584 4006 opusculum,

289 4007 337 4056 8881
353 4007 402 4055 iam
418 4005 438 4068 I.
458 4009 522 4056 192·
540 4009 587 4056 ool.
606 4010 620 4055 1
638 4007 703 4061 ared.
718 4005 808 4068 fluitur
824 4006 877 4056 dir:
900 4006 1011 4056 ‘bterilis
1029 4007 1187 4056 infructuosa
1209 4007 1367 4058 iniucunda)
1402 4005 1524 4059 Eiusdem
1541 4025 1584 4059 co·

290 4075 354 4124 olicis
369 4073 391 4136 s.
405 4076 472 4124 153·
489 4100 523 4111 —
538 4075 560 4138 (¹.
573 4077 638 4125 159·
654 4089 846 4138 aprrortprnortnn
864 4075 979 4126 collectio
993 4077 1150 4139 proponitur
1166 4075 1257 4125 ordine
1274 4075 1449 4140 alphabetico:
1471 4077 1584 4128 Audatio

291 4141 418 4192 temeritas
436 4141 589 4193 cortlldeutla
607 4142 758 4208 improbitas
778 4141 901 4206 nequitia.
938 4143 1037 4192 Auidus
1059 4143 1169 4209 cupidus
1192 4159 1273 4208 rapax
1296 4158 1390 4194 auarus
1411 4143 1531 4195 sordidus
1549 4171 1584 4181 -·

289 4211 396 4273 filio·
419 4212 468 4260 881.
487 4217 517 4260 1.·
552 4210 715 4261 Vociferatur
737 4209 837 4264 clamat.
862 4220 969 4260 testatur·
994 4211 1150 4262 testificatur.
1190 4210 1310 4261 Vindicta
1337 4211 1424 4261 ulcisci
1451 4215 1583 4278 prosequi.

290 4277 523 4394 Squelorinpnuies
541 4279 622 4344 pallor
639 4279 733 4329 macies
752 4278 822 4328 tubos
840 4278 934 4328 alilixit
951 4279 1092 4344 prostrauit
1113 4281 1242 4346 percussit
1260 4281 1392 4346 oppressit
1409 4280 1476 4331 elisit
1493 4283 1585 4331 euertit

291 4347 376 4396 obruit
393 4346 484 4396 encllt.
536 4370 540 4380 ¹

360 4414 473 4480 lienique
486 4415 512 4465 in
526 4415 671 4467 Gloaenruut
688 4415 778 4466 librum
795 4430 917 4481 mapuuot,
936 4417 1005 4466 88188
1022 4417 1163 4481 exemploru
1180 4417 1286 4466 8818881.
1299 4415 1431 4476 1188811,
1451 4417 1585 4469 ciceronio

290 4497 428 4548 epaonpmo
449 4491 556 4550 recepto
577 4499 634 4534 ease
651 4483 782 4535 Ciceronis
799 4485 897 4534 8888188
914 4485 1019 4549 napulie
1035 4485 1155 4535 1888888118
1169 4486 1291 4550 praefi-ro
1314 4486 1371 4536 olim
1392 4486 1519 4550 8818188888,
1545 4487 1582 4548 es.

292 4549 413 4600 Kettueri
428 4567 517 4616 propr.
538 4551 697 4603 Iloraledenr.
717 4555 782 4604 18⁶8
798 4569 826 4616 p.
846 4555 889 4606 31.

359 4631 386 4701 *)
405 4635 585 4701 Praetereas.
605 4641 652 4688 99·
670 4641 719 4690 881.
737 4637 773 4688 II
793 4638 878 4688 8111888
899 4654 963 4702 porr
985 4645 1110 4689 tractatus
1127 4637 1218 4690 Bedoe
1236 4641 1310 4704 culpo
1327 4639 1456 4706 adscripti
1470 4645 1584 4706 repetita

291 4709 330 4752 881
348 4704 406 4753 iude
424 4721 440 4753 8
458 4705 556 4756 888118·
591 4705 716 4756 ‘Vettiunt
732 4707 775 4769 qtti
794 4707 916 4756 rtettduut.
953 4706 1070 4756 Veueuut
1093 4708 1137 4770 qui
1155 4707 1314 4756 nenduntur’
1336 4723 1416 4774 cepoe
1438 4709 1584 4772 8811188888

292 4771 402 4837 ‘Vesper
423 4771 511 4822 incerti
533 4775 634 4840 3888818
658 4785 697 4824 888
715 4787 741 4823 ut
760 4775 887 4843 prisciano
907 4775 996 4843 placat.
1020 4775 1077 4824 idon
1101 4774 1259 4842 ettaugelistn
1276 4775 1349 4826 dixit.
1385 4777 1500 4842 Vespere
1517 4792 1585 4840 quoe

292 4839 416 4892 lucescit)
