3352 5556
455 381 504 436 aa
523 381 713 452 33331333
733 376 981 440 3333333133.
1030 409 1033 416 -
1251 391 1361 444 ooxm

157 577 273 638 Ceteros
294 593 371 636 uero
390 577 473 637 lacos
494 575 664 636 Cominiaoi
684 575 801 635 nomine
821 574 1021 667 adscriptae
1041 573 1217 632 mediiaeui
1235 574 1361 648 scripta

92 679 155 739 rhu
173 679 315 740 laudatos
336 677 381 738 ad
401 694 493 738 3333
515 693 616 738 amnes
637 677 676 738 dd.
700 678 817 738 Keilius
837 691 950 736 summo
972 673 1040 736 idre
1067 676 1112 734 ad
1137 677 1233 750 ipsum
1257 673 1361 734 Chari-

91 783 148 839 siim
167 775 343 840 riuocauit:
370 796 441 839 nam
468 781 511 838 33
533 779 739 840 3331313333
761 795 822 840 non
851 775 913 840 3131
938 794 1056 852 paucas
1080 779 1252 853 particulas
1270 778 1363 851 perdi-

91 897 146 940 nere
164 885 260 958 aperis
282 879 462 942 Charisiani
482 884 528 940 itu
549 888 746 958 conparatas,
771 887 804 941 ut
825 882 856 941 iu
879 879 1184 982 31111331333133
1205 895 1364 953 3333333-

91 984 166 1058 haue
196 992 360 1046 33333133
392 981 598 1044 reconditiora
630 983 773 1044 doctrina
800 985 920 1044 omniuo
946 989 1102 1056 carentes,
1136 983 1200 1058 ipse
1231 979 1365 1041 31133133

91 1081 268 1147 33311.
287 1104 323 1162 p.
348 1085 406 1146 XL
416 1085 522 1146 VIIII.
567 1087 662 1146 Multo
684 1086 915 1146 3333333133
937 1101 1017 1161 pars
1037 1086 1172 1146 locorum
1196 1083 1367 1142 Geminiani

91 1188 187 1246 333133
206 1194 382 1248 notatarum
405 1187 443 1246 ah
464 1184 533 1262 ipso
561 1187 698 1248 Charisia
725 1204 784 1248 nou
813 1186 1005 1260 Caniniano,
1034 1186 1088 1246 333
1115 1195 1168 1246 331
1189 1185 1367 1246 Palaemoni

92 1295 131 1345 out
152 1287 227 1350 lulio
253 1289 396 1350 Romano
422 1286 607 1350 tribuuntur.
659 1289 698 1348 Vt
724 1290 818 1363 ipitur
850 1290 891 1348 de
921 1285 1010 1348 istius
1039 1289 1208 1348 0331131331
1238 1289 1368 1348 nominis

92 1399 183 1448 norma
209 1391 348 1452 dubitari
372 1394 434 1472 iam
461 1407 523 1452 nou
545 1397 659 1467 potest,
689 1391 733 1450 ita
763 1389 938 1472 quaeritur,
969 1391 1075 1465 quihus
1101 1387 1275 1450 rationibus
1303 1386 1368 1450 siue

90 1507 141 1550 133
165 1491 305 1554 Charisia
333 1496 399 1554 siue
424 1510 491 1554 333
527 1490 703 1553 0331131333
736 1493 899 1554 cohaereat
925 1490 1099 1553 Flauianus
1132 1489 1365 1567 pronuntians,

91 1609 158 1666 quau
178 1603 205 1654 et
225 1598 326 1672 ipsum
348 1597 454 1670 copias
483 1592 684 1656 Charisianus
710 1611 770 1670 pro
795 1598 858 1656 suis
883 1596 1043 1656 uenditare
1068 1595 1155 1670 epod
1179 1592 1274 1658 medii
1300 1595 1371 1654 aeui

91 1699 288 1766 prommaiicos
310 1697 454 1758 uidemus.

604 1867 831 1876 ———.—-—-.

642 2015 725 2085 Cae.
748 2015 794 2082 II.

397 2149 709 2217 3333311330
738 2150 1043 2218 GRAMMATICO.

157 2307 245 2370 lianc
266 2305 470 2384 3333113333
494 2306 639 2370 31131113
667 2307 739 2370 olim
761 2308 863 2371 Herm.
887 2309 909 2370 l
928 2326 963 2386 p.
988 2316 1045 2369 333
1068 2325 1134 2371 meo
1158 2307 1276 2370 iudicia
1292 2326 1366 2386 pro

88 2407 208 2484 11133133
230 2419 265 2472 31
285 2409 396 2472 113333
415 2418 656 2488 pertractarem,
680 2409 774 2473 mouit
796 2408 962 2488 meipsius
983 2408 1083 2472 Keilii
1102 2428 1201 2487 nuper
1223 2419 1290 2473 orta
1313 2413 1367 2472 du·

90 2509 176 2573 11111113
194 2530 303 2589 propr.
328 2513 458 2587 Erlaoa.
485 2517 561 2580 1333
577 2530 613 2589 p.
641 2519 676 2573 13
697 2520 770 2588 not,
791 2520 954 2590 postquam
976 2511 1132 2574 Lucienus
1148 2514 1312 2574 Muellerus
1333 2512 1367 2573 iu

91 2611 258 2676 1131313331
288 2612 451 2708 annalibus
481 2620 556 2674 1133
583 2629 615 2688 p.
640 2620 698 2674 331
726 2612 783 2676 1313
810 2611 960 2675 Flauiani
987 2613 1108 2676 nomine
1135 2633 1195 2676 nan
1224 2611 1367 2676 1133133

90 2712 262 2792 Sosipatrran
285 2715 468 2791 0113113133,
491 2717 546 2777 333
566 2714 753 2777 Flauianum
768 2715 862 2782 Pauli
875 2714 1010 2778 Iliaeoni
1023 2725 1257 2794 praeceptorem
1271 2714 1367 2792 siani-

88 2815 164 2886 heari
183 2817 282 2880 iussit.
328 2817 365 2878 In
393 2835 453 2893 quo
481 2815 603 2878 Keilius
630 2816 676 2878 ita
698 2817 839 2879 1133133
868 2816 1059 2896 sosipatrum
1083 2817 1231 2894 deseruit,
1256 2827 1304 2893 31,
1329 2815 1368 2878 ‘si
1476 2881 1481 2906 Ι

91 2917 144 2990 aas
167 2923 213 2980 uel
239 2921 322 2981 hema
347 2917 449 2994 ipsum
477 2916 662 2980 Flauianum
695 2918 874 2995 mapislrum
905 2918 997 2981 Pauli
1025 2918 1159 2982 11133331
1191 2923 1241 2982 331
1273 2918 1367 2981 alium

91 3021 219 3092 3133333
235 3019 421 3083 Flauianum
438 3019 573 3082 Charisii
594 3019 689 3082 libros
710 3020 907 3098 excerpsisse’
926 3031 1062 3098 putaret,
1086 3041 1118 3083 se
1137 3030 1247 3084 eontra
1269 3020 1367 3082 dictu-

91 3137 230 3184 ramesse
258 3119 430 3199 nepauerit.
473 3124 513 3183 At
539 3129 584 3183 331
610 3140 666 3207 333Ι
691 3120 857 3199 pristinam
886 3122 985 3186 ldeilii
1009 3122 1188 3186 sententiam
1216 3121 1366 3186 acerrime

91 3222 297 3294 defendendam
319 3241 382 3286 esse
399 3231 512 3302 putero.
559 3228 635 3284 llam
657 3223 792 3302 primurn
820 3221 939 3301 quidem
964 3227 1047 3303 quod
1069 3227 1234 3288 Muellerus
1251 3243 1285 3304 p.
1310 3231 1368 3286 331

91 3328 258 3397 confidenter
280 3325 326 3387 ait
349 3323 519 3388 Charisium
541 3343 602 3388 nau
625 3324 687 3388 nisi
713 3344 768 3388 sua
793 3325 891 3402 ipsius
919 3325 1040 3389 333133
1059 3345 1177 3405 semper
1197 3325 1366 3389 laudario

89 3427 300 3502 posterioribus,
322 3427 438 3501 salsum
460 3436 521 3489 est:
543 3445 614 3489 nam
636 3426 710 3489 trita
732 3445 806 3490 sane
827 3446 876 3489 res
890 3437 943 3504 331,
969 3411 1143 3492 Geminiani
1164 3447 1269 3492 nomeu
1284 3427 1369 3490 illius

91 3529 144 3589 loca
162 3529 329 3592 3333331133
354 3540 534 3606 usurpatum
557 3529 657 3605 131333
683 3530 727 3604 cs.
750 3547 856 3607 supra.
900 3529 1080 3594 ‘Charisius’
1111 3540 1209 3594 autern
1231 3528 1368 3592 namina-

92 3637 130 3688 13
153 3649 210 3693 nan
237 3630 300 3694 nisi
328 3635 414 3710 apud
434 3631 627 3694 erhaanun
655 3640 683 3692 et
706 3633 857 3698 11311313.
908 3632 970 3694 Sed
996 3651 1077 3694 nunc
1103 3635 1142 3694 33
1165 3630 1368 3711 posteriorum

93 3739 241 3809 temporum
261 3731 475 3809 prammaticis
497 3733 611 3810 aphar,
634 3751 762 3811 quarum
784 3752 822 3795 33
843 3735 882 3794 31
905 3753 964 3797 333
987 3734 1106 3812 quidem
1123 3733 1294 3797 Charisiiem
1315 3751 1368 3796 sua

93 3833 194 3896 333133
215 3833 384 3896 adheleidam
404 3833 503 3908 131333
523 3834 643 3896 331333.
682 3839 818 3898 Alterum
840 3836 982 3898 Muelleri
998 3845 1206 3914 oruamentum
1222 3846 1252 3899 31
1269 3836 1368 3913 ipsum

91 3933 167 4004 13131
182 3936 343 4014 pendiiitr,
367 3938 450 4014 quad
471 3935 643 3998 chemeium
664 3956 724 4000 non
742 3937 878 4014 potuisse
905 3936 1086 4016 simpliciter
1107 3937 1252 4001 Flauium
1272 3937 1366 4000 nomi-

93 4036 268 4100 3313113113
290 4054 361 4098 uam
382 4040 487 4099 eadem
510 4037 631 4100 ratione
651 4039 797 4102 Claudius
811 4040 962 4102 Sacerdos
982 4043 1046 4102 sota
1063 4039 1264 4118 praenomine
1279 4041 1367 4102 Clau·

96 4133 150 4198 dias
162 4140 333 4202 nominatus
347 4148 391 4201 est
407 4139 439 4200 13
453 4143 555 4203 eadem
570 4139 676 4203 codice
691 4141 841 4203 Beruensi
858 4150 921 4217 123,
945 4142 990 4216 os.
1007 4141 1098 4204 huius
1112 4141 1186 4204 libri
1196 4160 1230 4219 p.
1250 4149 1314 4216 123,
1333 4149 1368 4210 3,·

98 4243 146 4314 131,
168 4249 220 4312 21;
246 4249 311 4316 133,
338 4252 374 4312 3,·
400 4249 465 4316 131,
493 4243 528 4302 23
549 4251 642 4319 atque
662 4246 764 4304 eodem
779 4241 847 4320 ipso
861 4246 938 4318 loco,
962 4262 1021 4321 quo
1036 4241 1186 4304 Flauiani
1200 4246 1249 4304 uel
1262 4239 1369 4304 Flauii

96 4341 188 4404 mentio
206 4347 242 4418 fit
262 4361 294 4420 p.
322 4351 385 4418 131,
414 4351 462 4404 21.
481 4351 528 4404 23.
574 4345 709 4406 Ceterum
731 4349 888 4421 quomoda,
912 4343 940 4406 si
955 4344 1113 4407 Charisius
1128 4343 1235 4408 Flauii
1250 4342 1369 4406 nomine

96 4439 264 4516 3331133133
285 4454 368 4520 33331,
393 4464 459 4507 333
483 4445 596 4508 Flauio
618 4449 719 4525 Capro
741 4445 892 4522 confundi
910 4433 1063 4524 poluissed,
1088 4465 1147 4508 uon
1170 4447 1272 4526 uideo,
1295 4445 1369 4525 quio

98 4543 179 4620 doper
207 4547 275 4626 ipse
307 4551 370 4610 sola
399 4546 507 4610 Flauii
538 4548 659 4610 nomine
690 4567 837 4626 nusquam
870 4559 989 4611 natatus
1020 4559 1063 4611 est
1095 4567 1115 4609 a
1146 4548 1367 4627 prammoticis.

97 4641 184 4709 Restat
203 4649 325 4712 tertium
347 4649 492 4712 Muelleri
513 4659 736 4727 arpumentum,
767 4669 826 4728 qua
848 4661 940 4728 nepot
959 4669 992 4713 se
1012 4651 1195 4729 iutellepere,
1218 4653 1369 4714 3331113-

98 4743 169 4810 3331
187 4771 303 4831 semper
324 4771 429 4828 neque,
454 4755 537 4828 quod
552 4771 617 4830 par
637 4761 714 4829 erat,
739 4752 847 4816 Flauii
861 4772 966 4816 33333
981 4753 1015 4816 13
1037 4762 1080 4816 131
1099 4753 1369 4831 arammatieorum

23 4883 24 4888 κ
98 4849 1128 4936 3331133311333331131,3101131333131311333333133333.
1177 4857 1371 4935 1133311133

23 4995 28 5218 P

1138 4957 1165 5010 μ
