3560 5574
343 383 405 448 288
736 383 1011 438 nmssssnnms
1031 383 1242 438 scsnouvn.

428 571 508 634 Inter
530 570 679 651 legionem
702 581 732 633 et
754 571 894 634 dilectum
922 571 979 634 hoc
1007 573 1146 641 interest,
1176 569 1256 650 quod
1284 569 1362 649 legio
1391 569 1495 631 dicitnr
1517 569 1613 640 abeo,
1719 617 1720 656 p

343 675 422 752 quod
444 675 581 754 legantur
589 721 682 746 .....
706 673 846 745 dilectus,
875 692 951 754 qnae
973 676 1102 735 maxime
1131 671 1295 752 diligimus,
1323 679 1357 734 ut
1384 673 1436 734 tilii
1464 679 1490 733 et
1513 672 1615 748 cognati

345 775 392 836 uel
415 785 524 855 patres.
1719 857 1720 860 Ἴ

429 877 508 938 inter
536 876 654 938 essldue
683 885 712 939 et
739 877 849 939 cotidie
878 877 935 938 boc
966 879 1107 947 interest,
1141 875 1220 954 quod
1248 875 1365 938 assidue
1394 874 1546 936 sedulitatis
1566 883 1619 946 est,

344 979 452 1040 cotidie
474 989 572 1040 autern
595 980 847 1058 perseuerantiae.
1631 990 1642 1027 ⁵

429 1081 509 1140 luter
536 1088 651 1140 maeret
678 1089 708 1141 et
729 1090 863 1142 meretur
891 1079 948 1140 boc
977 1081 1115 1150 interest,
1145 1079 1223 1159 quod
1246 1089 1373 1150 maeret,
1401 1079 1552 1156 perinsus
1569 1087 1622 1144 est,

344 1190 494 1252 meretur,
518 1184 570 1262 qui
592 1200 627 1242 ex
650 1182 770 1242 alterius
792 1179 903 1242 iudicio
923 1199 1026 1260 parem
1049 1179 1184 1242 beneficii
1206 1183 1331 1260 gratiam
1354 1189 1509 1260 exspectat.

431 1284 511 1344 lnter
533 1283 747 1364 plenitudinem
771 1289 800 1342 et
821 1281 994 1361 plenitatem
1010 1281 1066 1345 boe
1081 1283 1220 1352 interest,
1244 1283 1322 1360 qnod
1339 1281 1490 1363 plenitudo
1504 1281 1626 1360 corporis
1708 1344 1715 1375 ι

345 1391 403 1454 est,
428 1383 554 1464 plenitas
576 1386 629 1446 rei.

430 1486 511 1547 Inter
532 1504 640 1567 precor
663 1495 692 1546 et
714 1485 861 1565 deprecor
884 1485 940 1548 boc
962 1487 1102 1562 interest,
1125 1485 1202 1567 quod
1225 1505 1382 1568 precamur
1404 1485 1506 1553 deum,
1527 1483 1659 1562 depes-1⁰

344 1605 448 1648 camur
470 1587 614 1649 homines.
1719 1575 1720 1578 '

428 1687 510 1750 inter
532 1697 618 1750 tneor
641 1696 671 1749 et
692 1698 759 1750 tuor
776 1687 787 1771 ΙΙ
804 1691 823 1754 l.
843 1687 921 1751 115⁵
938 1687 949 1771 ΙΙ
966 1690 1022 1750 1100
1045 1691 1184 1764 interest,
1208 1689 1288 1768 quod
1310 1697 1397 1750 tueor
1412 1687 1551 1759 custodio,
1564 1697 1630 1748 tuor

345 1789 441 1851 uideo.

428 1889 510 1952 inter
532 1891 694 1954 ludibrium
718 1900 748 1954 et
769 1890 917 1954 ludicrum
940 1891 997 1952 boc
1018 1895 1157 1964 interest,
1180 1891 1260 1972 quod
1282 1891 1444 1954 ludibrium
1467 1895 1497 1954 in
1517 1891 1632 1953 alterins

344 1995 467 2069 iniuria,
491 1993 639 2055 ludicrum
662 2001 776 2063 autem,
800 2013 859 2075 quo
882 1995 939 2074 ipsi
962 1991 1144 2054 delectamur
1164 1997 1231 2056 sine
1253 1996 1426 2074 cuiusquam
1449 1994 1561 2055 iniuria.
1644 2005 1663 2042 15

429 2095 509 2157 luter
532 2094 641 2156 stillam
664 2103 694 2156 et
715 2101 828 2174 guttam
851 2095 908 2156 boc
929 2096 1070 2166 interest,
1094 2097 1173 2173 quod
1197 2095 1274 2157 stilla
1297 2096 1389 2164 cadit,
1414 2103 1496 2174 gutte
1518 2103 1581 2156 stat.

426 2197 508 2258 inter
529 2197 620 2258 lidum
644 2205 674 2257 et
695 2195 814 2258 ddelem
837 2196 894 2257 boc
915 2197 1056 2267 interest,
1080 2197 1159 2277 quod
1175 2197 1251 2260 lidus
1265 2199 1378 2259 amicus
1400 2196 1520 2266 dicitur,
1542 2194 1633 2256 tidelis

343 2319 458 2361 seruus.

427 2399 509 2462 inter
524 2401 733 2479 cognoscimus
749 2409 779 2462 et
792 2400 982 2478 agnoscimus
1003 2398 1060 2460 hoc
1082 2401 1223 2469 interest,
1248 2399 1325 2478 quod
1348 2401 1547 2479 agnoscimus,
1562 2416 1635 2476 goos

342 2503 425 2582 prius
447 2500 605 2562 babuimus
627 2501 750 2573 amicos,
775 2503 996 2580 cognoscimus,
1020 2519 1095 2580 quos
1117 2518 1276 2580 numquam
1300 2501 1439 2566 uidimus.
1643 2515 1664 2552 ²0

427 2601 507 2663 inter
530 2603 651 2664 tratrem
676 2612 706 2663 et
727 2620 901 2682 germanum
930 2603 987 2664 boc
1015 2605 1154 2672 interest.
1183 2603 1262 2682 quod
1290 2619 1450 2681 germanus
1478 2612 1523 2665 est
1548 2621 1635 2662 uerus

343 2705 433 2766 irater
463 2751 596 2766 .....
625 2713 710 2784 patre
732 2714 763 2766 et
784 2712 893 2776 matre,
923 2705 1016 2765 trater
1038 2691 1170 2764 uero'ex
1193 2702 1316 2764 diuerso
1339 2712 1424 2784 petre
1448 2703 1497 2766 uel
1520 2705 1632 2765 diuersa

343 2816 447 2867 matre.

426 2907 508 2969 inter
531 2926 663 2969 mersare
686 2916 716 2968 et
738 2925 874 2986 mergere
898 2907 954 2967 boc
976 2909 1116 2977 interest,
1146 2907 1223 2986 qnod
1248 2925 1380 2968 mersare
1402 2910 1535 2988 saepius,
1558 2925 1634 2968 mer-

342 3028 413 3089 gere
435 3011 537 3071 semel.
1644 3018 1665 3056 0

427 3112 507 3174 luter
541 3127 630 3189 agere
663 3127 781 3171 causam
815 3119 845 3170 et
878 3111 977 3172 dicere
1013 3109 1071 3171 boc
1104 3111 1242 3181 interest,
1281 3111 1360 3189 quod
1394 3113 1454 3190 agit
1486 3119 1633 3192 patronus,

342 3212 415 3275 dicit
436 3231 517 3274 reus.

427 3314 509 3376 lnter
531 3315 645 3375 eminus
669 3321 698 3374 et
720 3314 887 3375 comminus
909 3312 966 3374 boc
993 3315 1132 3386 interest,
1161 3313 1240 3396 quod
1268 3317 1383 3376 eminus
1406 3333 1442 3376 cx
1465 3314 1632 3394 longinquo.

343 3419 508 3478 comminus
529 3415 610 3477 sede.

409 3603 561 3668 blegentnr
578 3601 693 3664 dilectus,
711 3601 746 3666 ef.
767 3601 950 3664 Gotbosredum
1001 3601 1158 3666 dilegamus,
1182 3618 1251 3652 corr.
1270 3601 1407 3668 dilogimus
1459 3602 1526 3668 legio
1545 3602 1634 3652 dicitur

342 3673 374 3722 eb
392 3687 422 3721 eo
439 3672 509 3733 quod
527 3671 627 3736 legetur
645 3671 694 3719 uici
712 3669 791 3719 iot-tes
810 3680 835 3718 et
854 3669 926 3718 utiles
950 3670 1069 3730 militiae,
1092 3669 1200 3719 dilectus
1218 3685 1284 3732 quee
1301 3695 1333 3706 -
1353 3670 1393 3720 uel
1410 3673 1530 3736 cognatio
1550 3679 1631 3737 potres

344 3743 516 3818 Gotbosredue
532 3772 559 3820 p.
578 3756 637 3818 104,
655 3754 690 3817 cs.
708 3755 785 3820 lleiff.
803 3769 832 3818 p.
851 3755 901 3804 278
969 3755 986 3804 4
1003 3754 1109 3820 cottidie
1126 3754 1175 3804 hoc
1193 3765 1232 3806 est
1249 3755 1353 3804 assidue
1369 3781 1403 3790 -
1421 3755 1536 3818 quotidie
1553 3764 1632 3804 antem

342 3823 548 3890 perseuerantiae
567 3822 739 3886 Gotdcsredue
755 3839 783 3886 p.
803 3823 852 3870 tot
921 3821 1034 3871 limeret
1101 3823 1172 3886 quod
1195 3833 1275 3872 meret
1292 3823 1372 3872 tristis
1391 3835 1430 3872 est
1480 3823 1524 3884 qui
1543 3829 1633 3871 moeret

343 3893 425 3942 tristis
448 3901 499 3952 est,
523 3901 632 3940 meretur
650 3900 734 3939 sunem
753 3891 797 3952 qui
818 3914 844 3924 -
866 3887 989 3938 benellcio
1008 3890 1116 3954 gretiam
1135 3901 1267 3956 exspectet
1286 3889 1459 3953 Gotbofredue
1474 3907 1502 3954 p.
1523 3885 1632 3950 101,01.

342 3961 420 4026 lleiff.
438 3976 465 4024 p.
483 3959 534 4008 201
619 3959 635 4010 8
653 3956 784 4023 plenitudo
803 3983 836 3992 -
853 3958 904 4016 rei,
923 3957 958 4006 itu
976 3957 1158 4022 plenitudinem
1177 3959 1311 4010 obesorum
1330 3959 1472 4022 bominum,
1490 3957 1632 4023 plenitatem

343 4031 430 4078 uariae
448 4028 484 4076 rei
501 4027 611 4075 dicimus
629 4025 765 4075 cuiuslibet
783 4025 956 4088 Gctbosredue
972 4043 999 4090 p,
1010 4028 1069 4076 101.
1079 4029 1137 4086 105,
1156 4028 1190 4088 ef.
1209 4027 1286 4091 tietff.
1303 4041 1328 4090 p.
1348 4027 1398 4076 287
1467 4027 1499 4076 10
1516 4026 1631 4091 deprece-

341 4096 492 4146 mundaum
511 4108 644 4160 precamur
662 4092 777 4144 homines
796 4093 969 4156 Gotbcsrcdua
985 4109 1012 4157 p.
1033 4095 1095 4156 105,
1114 4096 1150 4156 cf.
1168 4095 1245 4160 Heiff.
1261 4111 1288 4160 p.
1307 4095 1358 4144 287
1437 4093 1601 4144 incustoditi

342 4177 465 4214 tueor-
484 4163 559 4212 uideo
579 4161 754 4224 Gelbesredue
770 4179 797 4226 p.
816 4164 873 4222 105,
892 4162 927 4224 cf.
945 4161 1021 4225 Ileiff.
1039 4177 1067 4225 p.
1085 4164 1139 4212 203
1226 4165 1258 4213 id
1276 4161 1411 4210 ludicrium
1434 4161 1484 4211 boc
1506 4175 1547 4211 est
1567 4155 1630 4221 qtrod

341 4232 493 4300 ludiibrium
564 4231 595 4280 15
612 4228 748 4279 ludicrinm
766 4239 810 4277 ant
828 4228 897 4290 quod
915 4229 965 4294 ipsi
984 4228 1132 4279 dilectamur
1150 4230 1206 4278 siue
1223 4229 1324 4292 cuiusq;
1376 4227 1514 4279 ludibrium
1526 4255 1557 4266 -
1568 4223 1630 4290 qttod

341 4302 443 4367 ipsi-
461 4299 554 4348 intarta
573 4297 862 4362 0010000000105,
880 4297 1104 4360 011100111278
1185 4300 1217 4348 16
1235 4307 1307 4362 gutte
1324 4297 1443 4346 imbrium
1461 4297 1529 4347 stilla
1547 4292 1631 4346 situlae

342 4369 383 4419 nel
400 4369 454 4418 ecel
474 4366 646 4430 Gothosredus
662 4368 762 4430 ρ.105,·
780 4371 808 4414 01
824 4364 889 4414 idem
905 4381 931 4428 p.
942 4367 975 4413 01
992 4366 1080 4414 eedem
1096 4363 1181 4428 00001,
1200 4381 1265 4431 puae
1282 4381 1363 4429 cupra
1376 4367 1502 4430 leguntur,
1515 4365 1551 4428 ef.
1560 4359 1630 4423 netu

340 4454 369 4502 p.
388 4439 438 4486 202
509 4431 1276 4496 11100101100011110110-0001111000111000οω005
1329 4435 1361 4484 10
1379 4433 1547 4498 agnoscimus
1564 4429 1629 4496 prius
1719 4491 1720 4494 Ἴ

342 4505 478 4554 trebuimus
496 4503 594 4552 amicus
641 4501 806 4566 agnoscimus
825 4499 952 4564 cognitor,
971 4499 1152 4564 cognoscimus
1171 4501 1239 4562 quod
1259 4515 1396 4563 numquam
1416 4501 1530 4550 uidimus
1545 4495 1630 4551 00100·
1719 4533 1720 4546 .

340 4574 433 4637 fredus
443 4589 469 4637 p.
482 4572 532 4620 105
598 4571 630 4619 et
650 4584 727 4619 uerus
745 4567 822 4618 irater
839 4565 921 4632 petre]
939 4567 1079 4632 Suppteas:
1098 4581 1130 4615 ex
1149 4569 1239 4618 eodem
1290 4567 1367 4618 tratre
1384 4583 1445 4618 uero
1498 4576 1628 4635 germanus

343 4651 382 4690 est
400 4655 476 4690 uerus
495 4638 571 4687 irater
590 4647 661 4703 petre
673 4664 705 4674 -
717 4647 789 4702 putre
807 4647 831 4684 et
849 4645 930 4684 matre
948 4634 1121 4696 Gctbosrcdue
1138 4652 1164 4700 p.
1178 4639 1228 4686 105
1296 4637 1330 4686 24
1347 4651 1457 4686 inerrare
1474 4647 1499 4686 01
1516 4645 1628 4700 meggett

343 4708 393 4758 boc
402 4707 519 4770 estquod
529 4721 639 4755 utera-are
649 4706 737 4771 sepius
764 4719 917 4754 mersare-
928 4703 1008 4754 semel
1019 4703 1191 4766 castaneum
1201 4719 1229 4768 p.
1240 4707 1289 4755 105
1324 4706 1357 4756 26
1366 4705 1459 4771 egit-
1471 4721 1531 4756 reus
1544 4699 1629 4755 dono·

340 4777 433 4840 fredus
450 4791 476 4840 p.
495 4777 544 4824 105
612 4775 645 4824 28
663 4773 798 4838 cogminus
816 4771 864 4822 boc
882 4781 921 4822 est
971 4770 1089 4837 longineo
1159 4775 1192 4823 29
1210 4770 1304 4838 sedellll
1356 4775 1501 4824 0111111111-
1520 4771 1628 4824 cominus

344 4862 409 4930 pede
428 4859 600 4920 Gothosreduc
616 4875 642 4923 p.
662 4842 711 4909 105
