3308 5542
662 1267 722 1350 O.

331 1461 408 1546 Du
428 1461 613 1548 LIBRIS
635 1463 1054 1550 TVRIOENSIBVS.

617 1656 767 1665 m·-

114 1806 268 1868 codicum
301 1803 510 1868 Turicousium
538 1807 583 1868 od
606 1810 810 1884 prummmieo
841 1807 942 1868 studia
970 1805 1187 1884 pertinentium
1214 1815 1342 1886 macter

49 1910 128 1982 aaa,
153 1909 213 1984 qui
227 1905 389 1968 Sedulii
407 1910 444 1969 in
460 1909 665 1986 Eutychum
685 1915 881 1973 commeatum
901 1912 1031 1971 eontinet
1054 1907 1108 1988 (of.
1118 1908 1227 1987 praes.
1241 1913 1342 1988 portis

50 2009 75 2068 ll
89 2025 155 2086 cap.
180 2008 226 2088 I),
252 2011 383 2070 amnium
404 2011 616 2074 austerrimus
637 2019 682 2074 est
701 2013 768 2075 cod.
791 2011 815 2072 C
836 2019 875 2070 aa
899 2009 978 2090 (275)
1000 2011 1121 2072 membr.
1141 2009 1201 2084 fat.
1225 2013 1342 2074 daubus

48 2114 174 2171 calumnas
197 2127 288 2172 saec.
311 2111 384 2170 ΧΙΙ
401 2114 546 2188 scriptus,
574 2131 615 2174 ex
636 2131 695 2190 quo
716 2129 785 2176 eum
807 2111 879 2174 alim
901 2120 1068 2190 temporum
1090 2116 1237 2189 anqustiis
1257 2131 1340 2175 coer-

48 2209 106 2273 ulus
131 2230 196 2274 uon
231 2208 298 2272 nisi
320 2229 425 2286 pauca
457 2218 689 2294 exampsissem,
719 2215 885 2277 nouarum
912 2212 1108 2292 Woelsfiiuus
1133 2232 1199 2276 meo
1229 2223 1342 2292 rapotu

47 2325 68 2372 u
87 2312 279 2376 amicissime
305 2321 335 2374 et
362 2311 606 2394 ditipentissime,
641 2334 719 2393 quoe
746 2334 787 2378 ex
812 2334 847 2376 re
874 2334 940 2378 meo
965 2319 1036 2392 sore
1064 2303 1258 2392 uidebantur,
1288 2319 1341 2378 de-

48 2415 150 2493 scripsit
172 2413 359 2492 scripturae
380 2415 487 2478 lautitu
507 2425 599 2495 atquc
619 2417 797 2496 conpendiis
818 2417 1016 2495 apicibusque
1038 2427 1098 2480 tum
1121 2424 1267 2480 accurate
1288 2421 1340 2480 de·

45 2517 133 2594 puis,
157 2526 195 2580 ut
221 2515 361 2578 coemam
382 2515 483 2595 ipsum
504 2536 597 2582 mauu
619 2529 720 2582 mucre
741 2521 817 2583 milii
836 2519 968 2582 uiderer.

113 2622 151 2681 lu
174 2621 298 2698 primas
324 2621 420 2695 ioum
445 2620 524 2704 ⁸litori
552 2622 639 2696 sotiis
666 2620 808 2684 carmina
843 2619 1007 2684 distictioo
1033 2623 1155 2697 melma
1181 2620 1340 2698 conposito

48 2723 178 2796 temmtur
201 2718 296 2782 uarii
317 2721 516 2800 arpumeutii‚
540 2731 572 2786 ut
588 2743 622 2802 p.
640 2733 659 2784 5
680 2725 738 2786 eol.
757 2732 789 2784 1.·
812 2725 920 2786 Contra
944 2740 1136 2786 romanorum
1158 2725 1339 2796 anai-iciam

50 2837 94 2892 aa.
116 2843 147 2894 2:
196 2832 246 2894 De
274 2832 364 2895 ludeo
386 2833 417 2894 in
444 2831 582 2896 latrinam
611 2832 710 2914 lapso:
742 2852 778 2912 p.
803 2840 821 2894 6
847 2835 906 2895 col.
932 2839 947 2892 t
971 2847 1112 2899 uersus
1141 2827 1183 2900 δε
1211 2849 1338 2900 nomn·

47 2949 212 3021 meliores
245 2936 274 3042 ἃ
300 2967 351 3018 sn
376 2967 401 3016 n
430 2967 555 3023 samm
587 2968 621 3028 p.
646 2959 663 3011 r
689 2954 747 3014 cot.
772 2960 789 3012 2
811 2945 997 3040 epitaphiis
1027 2945 1188 3018 bectoms
1216 2954 1340 3028 altaque

47 3069 213 3147 suaptim
242 3091 281 3150 p.
305 3079 343 3131 14
364 3073 420 3132 cat.
446 3077 628 3161 tseptem
648 3103 656 3117 ·
675 3067 792 3136 motis
820 3084 974 3160 peccatu
993 3103 1000 3116 ·
1020 3064 1216 3151 belamiam
1241 3089 1276 3147 p.
1303 3077 1338 3128 m

47 3190 91 3248 cu.
108 3197 124 3248 o
143 3188 313 3269 epitaphia
334 3191 442 3260 uorem
456 3207 495 3267 p.
513 3197 549 3250 te
571 3191 630 3251 cot.
647 3195 665 3248 2
685 3204 826 3256 nessus
840 3223 846 3236 ·
859 3183 1211 3266 sci-nucusnrmee
1231 3203 1338 3255 censo

49 3303 159 3382 tmrtot)
184 3297 341 3382 paschata
358 3319 393 3378 p.
417 3309 452 3360 17
473 3303 532 3364 col.
557 3308 592 3362 2:

5 3401 7 3492 l
239 3423 356 3498 llagnus
378 3422 527 3481 aristotiles
551 3423 707 3481 trutinando
730 3424 869 3480 monimina
892 3439 983 3480 rerum

5 3507 7 3662 ἱ
285 3509 315 3565 ln
336 3509 391 3568 (luo
413 3509 508 3566 diuisit
530 3509 659 3584 quiequid
683 3509 710 3566 in
734 3509 800 3566 orbe
824 3509 875 3567 luit
898 3518 949 3566 etc.

54 3623 183 3688 lecmtur
198 3627 235 3688 Χ
241 3626 291 3688 VI
309 3643 416 3687 uermes
437 3627 611 3702 arpumenti
630 3625 840 3686 mathematici.
876 3625 947 3686 Post
961 3625 1014 3684 tros
1028 3621 1062 3683 tn·
1075 3626 1217 3699 quuatur
1233 3637 1338 3682 uersus

5 3753 6 3766 2
52 3743 107 3801 aaa,
127 3739 162 3790 ut
184 3729 324 3803 uidetis,
348 3736 452 3817 tenore
471 3729 678 3804 superioribus
699 3723 869 3788 subiuncti:

239 3851 273 3906 ln
295 3850 478 3908 dem'uaturem
501 3865 599 3907 nomen
622 3850 793 3924 participato.

240 3935 433 4010 Perspicieuda
455 3935 546 3992 minus
569 3951 623 3992 non
646 3941 688 3990 est
709 3933 819 3990 inltexio
842 3948 931 3990 casus.

240 4021 272 4076 lu
294 4019 381 4078 melio
405 4017 485 4077 linem
507 4018 553 4076 (lat
575 4017 679 4095 syllaba
702 4017 776 4074 nulla
800 4025 941 4075 sonantem

241 4105 349 4180 Syllaba
373 4121 442 4180 quae
465 4107 591 4179 sequitur
613 4105 636 4160 sl
659 4121 712 4178 qna
736 4119 791 4159 non
814 4101 961 4176 incipiatur
994 4116 995 4120 ’

197 4200 216 4246 5
241 4190 296 4246 Per
317 4207 346 4247 se
368 4189 493 4247 linaiisue
515 4187 619 4247 uocalis
640 4188 713 4247 secla
736 4192 858 4244 sonantis

240 4273 284 4332 Sit
306 4275 357 4331 nisi
378 4275 527 4332 uerborum
550 4275 708 4332 coniunctio
731 4275 948 4347 compositorum.
1073 4310 1076 4316 ·

239 4359 335 4416 Finem
358 4377 410 4435 qua
433 4360 513 4417 talem
537 4360 620 4418 statui
643 4357 706 4416 lieet
728 4367 791 4414 ante
813 4356 935 4414 noralem

239 4479 392 4554 Numquam
415 4486 564 4538 sectantem
586 4449 710 4535 donanti
731 4484 846 4534 sonante
869 4475 1000 4533 uocalem.

239 4564 319 4622 llulla
342 4581 442 4622 sonans
464 4563 514 4621 alia
536 4562 618 4638 dupla
640 4570 715 4619 retro
736 4560 782 4618 uel
804 4569 867 4618 ante
890 4569 990 4617 statuta

179 4657 214 4707 ιο
239 4648 389 4725 Supposita
411 4648 514 4724 liquida
536 4649 559 4705 si
583 4656 703 4707 nonest
725 4646 816 4704 littera
840 4654 912 4702 muta

240 4733 339 4809 incipit
360 4736 458 4792 amiota
481 4751 550 4809 quae
573 4733 676 4808 syllaba
698 4732 729 4788 fit
750 4732 887 4806 geminata

241 4820 367 4896 Exceptis
391 4822 418 4878 in
440 4821 496 4878 eis:
521 4819 655 4894 ‘spondeo
679 4817 802 4876 mordao’
825 4816 937 4872 uerlmm
961 4816 1024 4890 (lep.
1048 4814 1160 4892 uerbis).
