3316 5566
506 389 556 440 oa
576 387 714 442 nonam
732 387 938 442 enroaravs.
1311 383 1374 450 145

159 578 374 658 Conparatiuns
402 580 449 638 cui
479 579 561 638 casui
588 577 700 638 seruit?
743 575 880 638 Ablatiuo
917 576 981 636 sine
1017 575 1248 655 praepositione.
1292 574 1373 636 liaro

79 680 125 740 hie
148 681 309 742 Donatus
333 679 478 740 tractauit.
524 679 601 740 uicit
623 681 702 740 enim
725 678 953 759 conparatiuum
975 683 1037 738 tres
1059 695 1145 739 casus
1168 676 1294 740 habere:
1322 685 1374 739 aut

78 781 235 843 abiaticum
257 789 309 842 aut
331 783 490 860 septimum
506 799 607 842 casum
623 790 674 843 aut
689 780 920 848 nominatiuum;
944 787 995 840 aot
1012 777 1187 849 abiaticum,
1211 786 1244 840 ut
1259 779 1374 840 doctior

79 883 114 942 ab
138 882 199 952 illo:
222 892 277 944 aut
298 885 475 962 septimum,
499 893 531 945 ot
554 883 671 944 doctior
692 881 752 944 illo.
797 880 879 942 Inter
900 879 1062 942 abiaticum
1086 889 1115 942 et
1136 883 1294 960 septimum
1317 881 1374 944 hoc

57 987 212 1056 sinterest,
241 984 322 1065 quod
350 982 496 1046 ablaticus
523 983 615 1046 habet
643 985 909 1064 praepositionem,
945 984 1089 1060 septimos
1116 1001 1175 1044 non
1204 982 1311 1054 habet,
1341 990 1375 1044 ut

80 1085 191 1146 ‘melior
206 1105 221 1147 a
237 1088 281 1148 te'
296 1085 459 1157 ablaticus,
477 1086 596 1148 ‘melior
611 1089 653 1147 te'
669 1087 821 1167 septimus.
849 1089 907 1148 dot
923 1085 1137 1147 nominatiuum
1160 1085 1208 1146 cui
1231 1103 1374 1166 conpara·

80 1189 155 1248 tiuus
177 1207 234 1249 uun
257 1190 400 1268 iungitur,
424 1190 481 1250 nisi
504 1190 680 1268 interposita
704 1190 818 1266 ‘quam’
840 1186 992 1268 particula,
1016 1195 1049 1248 ut
1063 1188 1193 1250 ‘doctior
1215 1187 1263 1248 iric
1284 1207 1374 1268 quam

80 1288 146 1360 ille’,
161 1290 287 1353 ‘doctior
303 1291 408 1353 Cicero
431 1309 518 1371 quam
543 1291 711 1368 Vergilius’.
742 1289 800 1350 Sed
818 1291 874 1350 nisi
888 1291 1060 1370 interponas
1075 1291 1197 1369 ‘quam',
1215 1307 1274 1351 uon
1290 1299 1375 1370 potes

81 1394 195 1470 iungere
226 1393 420 1454 nominatiuo.
472 1391 551 1452 Haec
581 1399 625 1451 est
653 1392 726 1452 mira
755 1391 903 1467 loquutio,
933 1397 966 1450 nt
993 1392 1218 1470 conparatiuum
1247 1395 1375 1472 septimo

52 1507 146 1554 ucasu
167 1512 328 1573 ponamus,
352 1505 385 1554 ut
407 1494 521 1564 doctior
544 1491 605 1555 illo.

160 1594 366 1673 Superlatiuos
381 1591 395 1678 ΙΙ
411 1596 428 1655 ι.
450 1591 528 1655 141”’
545 1593 555 1676 ΙΙ
572 1596 620 1655 cui
643 1593 794 1672 iungitur?
839 1593 984 1654 Genetiuo
1012 1599 1124 1654 tantum
1154 1592 1271 1674 plurali.
1315 1595 1375 1656 Sed

84 1697 106 1755 si
125 1701 214 1776 possit
235 1699 375 1776 genetiuo
400 1695 542 1775 singulari
569 1697 666 1774 iungi,
692 1715 727 1756 an
751 1713 827 1765 non,
852 1697 889 1755 in
912 1693 1079 1756 secunda
1102 1703 1181 1756 arte
1204 1696 1376 1758 considera·

87 1796 181 1859 bimus.
816 1782 822 1794 ⁸

161 1901 277 1962 Genera
300 1902 452 1962 nominum
476 1907 548 1982 quot
570 1899 657 1960 sonti
702 1897 861 1969 Quattuor,
886 1895 1080 1959 masculinnm
1103 1899 1278 1960 femininum
1302 1891 1375 1961 neu·

59 2008 158 2061 strom
179 2020 351 2072 commune,
375 2010 408 2063 ut
429 2001 476 2062 lrie
499 2003 640 2080 magister
662 2000 738 2060 lraec
759 1999 841 2060 illusa
865 1998 921 2058 lroc
943 2017 1106 2060 scanrnum.
1142 2000 1304 2062 Commune
1320 2011 1374 2074 est,

90 2103 193 2178 quoties
215 2103 411 2166 masculinum
435 2111 465 2164 et
487 2103 663 2164 femininum
682 2121 773 2163 rruum
791 2118 891 2162 casum
908 2097 1033 2170 habent,
1058 2102 1134 2162 idest
1148 2103 1374 2172 nominatiuum

92 2204 214 2266 similem.
260 2204 354 2267 Omne
376 2223 471 2284 genus
494 2213 552 2276 est,
582 2207 704 2280 qnando
733 2203 934 2264 nominatione
962 2221 1047 2264 casus
1069 2205 1126 2264 tria
1149 2221 1258 2283 genera
1281 2207 1375 2266 susci·

90 2306 138 2383 pit,
164 2315 197 2368 nt
224 2307 272 2367 iric
295 2317 324 2368 et
346 2307 419 2367 lraee
442 2315 472 2367 et
489 2287 549 2368 lroc
578 2305 657 2366 ielis.
703 2305 874 2386 Epieoenon
903 2313 963 2374 est,
992 2307 1068 2367 idest
1097 2307 1313 2386 promiscuum,
1343 2315 1377 2368 ut

90 2407 175 2484 aquila
197 2426 321 2478 coruus,
345 2409 423 2487 qood
448 2406 574 2469 duorum
591 2425 735 2486 generum
752 2415 805 2468 est.
843 2405 980 2468 ‘Carnem'
997 2423 1115 2487 quoque
1130 2407 1155 2468 si
1170 2407 1294 2470 dixerim
1311 2427 1376 2471 esse

61 2507 205 2571 eduorum
228 2527 387 2590 generum,
410 2512 530 2588 generis
552 2518 651 2572 tamen
667 2511 909 2577 communisset,
933 2508 1012 2589 quod
1028 2507 1145 2570 articuli
1161 2509 1374 2572 demonstrant.

90 2609 156 2681 Ouid
178 2629 250 2690 ergo
272 2613 410 2673 intererit
431 2613 509 2673 iuter
532 2629 690 2674 commune
713 2619 744 2671 et
766 2612 948 2689 epicoenon?
972 2611 1033 2672 Hoc
1057 2614 1193 2674 interest:
1218 2631 1376 2674 commune

90 2711 113 2769 id
134 2712 200 2782 erit,
225 2712 274 2773 ubi
299 2714 364 2774 uisu
387 2712 601 2775 discernuntur
628 2731 732 2784 sexus,
762 2721 794 2773 ut
816 2711 864 2773 lric
887 2719 917 2772 et
938 2711 1013 2773 haec
1041 2714 1134 2774 canis:
1160 2733 1215 2793 pro
1237 2713 1378 2793 qualitate

92 2815 197 2888 generis
226 2814 353 2894 adiungo
381 2814 430 2876 illa
459 2817 649 2893 pronomina,
680 2833 768 2894 quam
798 2816 862 2874 uisu
891 2812 1037 2875 discerno.
1083 2813 1255 2892 Epicoenon
1278 2824 1377 2878 autern

93 2915 152 2986 erit,
184 2915 262 2996 quod
296 2917 362 2977 uisu
398 2915 531 2978 discerni
560 2935 619 2978 non
648 2924 754 2996 potest.
800 2914 873 2976 Nam
896 2917 921 2975 si
943 2916 1061 2976 uideam
1091 2923 1142 2976 aot
1169 2916 1297 2993 aquilam
1327 2927 1378 2978 aut

64 3031 204 3078 aceruum
232 3025 281 3078 aut
309 3019 421 3098 piscem
451 3027 501 3078 aot
528 3018 702 3088 mustelam,
732 3015 905 3078 discernere
934 3034 994 3078 non
1023 3035 1160 3096 possum:
1191 3017 1304 3080 idcirco
1327 3019 1377 3081 obi

93 3118 149 3178 uisu
170 3137 226 3180 uon
250 3119 447 3181 discernimus
468 3137 587 3190 sexum,
611 3121 775 3199 epicoenon
798 3118 931 3180 dicimus.

166 3219 320 3282 Praeterea
344 3228 374 3281 et
395 3220 466 3282 illud
490 3229 536 3282 est
557 3221 760 3290 discretionis,
784 3219 878 3301 quod,
902 3221 926 3281 si
943 3218 1054 3281 luerint
1068 3221 1187 3282 nomina
1211 3225 1378 3285 communis

94 3322 212 3394 generis.
240 3322 377 3383 diuersos
406 3321 517 3384 lrabe'nt
545 3323 698 3390 articulos:
730 3325 756 3383 si
780 3323 915 3402 epicoeni
937 3323 1069 3400 generis,
1100 3340 1191 3384 unum
1220 3323 1377 3386 articulum

95 3429 202 3493 tantum,
226 3431 258 3485 ut
280 3423 328 3484 lric
351 3423 476 3486 ethaeo
498 3425 595 3485 canis:
626 3426 788 3504 epicoenon
813 3441 870 3484 non
894 3440 1014 3503 possum
1039 3422 1148 3494 dicere,
1173 3425 1330 3502 quomodo,
1354 3429 1378 3486 si

67 3519 205 3602 n‘aqoila'
226 3533 278 3586 aut
300 3523 457 3586 masculini
479 3533 529 3586 aut
550 3526 687 3587 leminini
702 3525 790 3585 luerit
805 3527 934 3604 generis,
957 3532 1071 3586 tanturn
1087 3525 1296 3606 ‘haec''aquila
1313 3529 1380 3590 dieo

97 3633 120 3682 et
149 3643 202 3686 non
235 3625 304 3688 licet
337 3627 411 3687 nrilri
441 3636 557 3690 mutare
596 3624 761 3688 articulum.
817 3626 889 3688 Nam
921 3628 946 3687 si
978 3635 1148 3698 mutauere,
1178 3630 1283 3709 incipit
1312 3649 1379 3691 esse
1483 3699 1487 3708 .

96 3741 246 3789 tutnmuue.

126 3897 146 3901 —
150 3898 242 3906 -..η-.-
250 3899 279 3906 ---
284 3899 308 3906 .-

154 4000 164 4046 ι
184 3997 249 4048 liaeo
267 3999 309 4048 tac
328 3995 453 4064 Donatus]
476 3999 525 4048 Ira
543 4000 627 4050 uerbis
646 4006 736 4050 auctor
753 4001 899 4064 significare
911 4003 971 4058 reali,
986 3999 1111 4050 Donatum
1128 4003 1203 4053 molto
1213 4003 1291 4067 plara
1301 4017 1379 4066 prac-

95 4066 192 4128 repere,
210 4083 282 4132 quarn
301 4082 366 4132 qnae
384 4069 448 4131 ipsis
464 4069 515 4118 itta
533 4069 618 4118 uerbis
635 4067 673 4131 (p.
695 4071 759 4128 355,
780 4069 822 4128 12)
842 4069 968 4118 contineri
989 4069 1139 4124 uideantur:
1165 4072 1247 4133 primo
1265 4072 1329 4120 enim
1347 4072 1379 4120 de

94 4130 193 4184 altarino
208 4137 266 4198 ipro
283 4141 339 4185 sinc
356 4137 557 4200 praepositione,
576 4137 623 4186 ltoe
641 4143 678 4186 est
697 4138 729 4186 de
746 4139 862 4201 septimo,
880 4152 934 4186 cunr
952 4138 1087 4200 cogitasse,
1105 4152 1132 4200 p.
1147 4139 1208 4199 355,
1223 4141 1269 4194 12,-
1287 4139 1379 4188 deinde

95 4199 121 4246 de
137 4202 240 4254 adlatiao
258 4219 313 4252 ram
329 4205 523 4268 praepositione
541 4207 636 4268 iuncto,
654 4205 701 4254 leae
719 4212 758 4254 est
776 4206 808 4254 de
825 4220 855 4254 eo
874 4220 943 4266 carra,
958 4210 1002 4271 put
1011 4207 1119 4269 proprie
1132 4207 1233 4255 dicator
1244 4206 1378 4264 adimittur,

95 4273 242 4334 correptore,
261 4287 288 4335 p.
303 4274 364 4329 375,
378 4275 409 4326 d:
426 4273 534 4338 denique
552 4273 584 4322 de
603 4273 765 4336 nominatiora,
782 4289 809 4336 p.
824 4275 884 4336 375,
899 4275 938 4322 il.
1007 4275 1023 4324 3
1040 4271 1127 4322 ducier
1194 4275 1211 4323 4
1228 4284 1273 4323 aot
1289 4275 1380 4324 addidi

153 4341 284 4390 trtaddt'dl
351 4339 495 4390 dubletiuo
566 4339 946 4404 antenominatiuunr]nutnr'n
1008 4340 1379 4404 succensear-eloquente

1 4413 2 4416 ’
96 4406 146 4461 ele]
163 4407 273 4457 Mirator
290 4415 388 4471 auctor,
407 4409 434 4457 ni
448 4409 537 4471 fallor,
566 4409 692 4459 Donatum
709 4411 735 4458 in
753 4416 810 4458 arte
828 4407 846 4456 I
863 4410 1032 4472 deceptione,
1061 4413 1104 4474 qui
1120 4411 1221 4472 dicitnr,
1245 4425 1306 4460 casa
1323 4413 1379 4461 solo

96 4485 175 4533 apere,
191 4491 243 4524 cam
260 4477 286 4526 ire
304 4482 361 4525 arte
379 4475 415 4524 ΙΙ
431 4475 537 4527 ablatiai
553 4478 658 4541 increper
675 4481 700 4526 et
719 4477 866 4526 nominationi
882 4479 974 4526 mentia
988 4479 1045 4538 fiat.
1133 4478 1163 4527 11
1180 4473 1271 4543 gntiut‘r
1348 4480 1379 4528 ta

98 4542 227 4599 perictionem
245 4543 401 4608 singularem
472 4544 693 4594 considerauimus
775 4545 807 4594 15
825 4558 945 4602 comune,
963 4546 1002 4593 sie
1017 4545 1076 4603 sere
1093 4560 1195 4610 semper
1263 4546 1294 4595 16
1313 4545 1380 4595 idest

99 4608 176 4658 addidi
256 4613 286 4662 17
306 4613 409 4674 quarrelo
428 4613 519 4662 addidi
588 4613 762 4662 rranrinatious
781 4607 868 4676 casus]
887 4625 980 4661 nomen
999 4612 1026 4662 id
1044 4609 1087 4662 cai
1174 4615 1204 4664 18
1223 4629 1378 4680 epoecenon,

100 4737 185 4790 tenper
248 4730 314 4780 idest
331 4732 422 4782 addidi
491 4733 523 4782 19
541 4727 637 4797 tumen]
658 4727 692 4780 uir
770 4679 900 4795 wapingo
954 4726 1041 4795 qrrnm]
1061 4745 1127 4793 qrrae
1212 4733 1245 4783 27
1264 4743 1380 4798 preterea

104 4798 251 4924 ιι]οιιιιιιιιιὶ
336 4799 369 4850 28
387 4799 535 4850 nrarticulos
588 4800 706 4849 crisenon
762 4799 788 4848 id
808 4813 884 4849 orrum
954 4801 987 4849 29
1005 4795 1149 4868 quomodo]
1169 4797 1212 4863 qrir
1272 4803 1306 4852 30
1323 4813 1378 4852 tan-

8 4910 9 4927 *
120 4873 146 4906 rm
175 4875 200 4912 m

125 4957 206 5005 Qun
216 4976 266 5007 nar.
279 4967 361 5010 Sarra.
1146 4956 1178 5005 10
