3354 5580
274 357 339 434 208
669 357 906 412 COMMENTVM
924 358 1168 412 musuniensi:

277 557 435 628 antequam
467 553 697 608 secernerentur
730 545 768 607 ab
800 548 939 608 inuicem.
989 545 1053 608 Hoc
1086 546 1385 609 animaduertendum
1415 557 1473 617 εει,
1508 549 1571 628 quia

278 649 408 710 Donatus
435 655 550 709 rectum
578 646 713 708 ordinem
738 648 767 707 in
791 646 837 710 his
858 648 964 708 iormis
987 667 1045 710 non
1069 650 1178 718 tenuit;
1208 651 1305 730 primo
1327 650 1407 710 enim
1430 648 1572 710 debuerat
1661 653 1662 666 ¹

278 750 477 812 meditetiuam
506 749 631 811 iormem
660 767 786 830 ponere,
820 747 928 810 deinde
957 748 1169 820 inchoatiuam,
1203 759 1305 832 postea
1334 749 1516 828 perfectam,
1538 747 1571 810 ad

277 851 411 913 ultimum
445 848 702 930 trequennnuarn.
758 849 832 911 Nam
867 849 994 931 primule
1028 849 1139 931 eiiquid
1174 852 1365 922 meditamur,
1399 853 1572 932 priusquam

277 951 387 1035 aliquid
421 951 611 1022 inchoemus,
646 959 675 1012 et
702 951 758 1014 hoe
785 951 866 1032 quod
894 950 1065 1013 inchoatum
1095 961 1142 1014 εει
1167 951 1204 1014 ad
1232 951 1397 1033 perieetum
1428 951 1594 1018 ducimuse

277 1053 356 1136 quod
386 1071 459 1132 ergo
481 1052 644 1132 perfectum
667 1061 726 1123 est,
755 1053 785 1114 in
808 1053 957 1132 frequenti
980 1071 1035 1114 usu
1057 1061 1203 1116 tenemus.
1248 1053 1307 1114 Sed
1330 1052 1382 1116 iiie
1403 1071 1420 1114 a
1443 1055 1573 1133 perfecte

278 1158 372 1218 iorma
403 1154 480 1215 bene
508 1152 673 1224 inchoauit,
704 1162 733 1216 ει
758 1155 835 1214 ειεει
857 1152 1051 1216 masculinum
1074 1163 1142 1217 ente
1164 1155 1353 1225 femininum,
1382 1153 1574 1216 indicatiuum

278 1265 346 1320 ante
374 1257 599 1336 imperatiuum,
628 1256 670 1316 sic
698 1271 827 1335 sequens
855 1262 990 1318 naturam
1013 1256 1175 1336 perfectam
1198 1258 1295 1337 primo
1318 1257 1415 1338 posuit
1436 1256 1572 1317 formam.
1662 1237 1663 1240 ¹

279 1361 357 1423 Deus
383 1358 460 1420 enim
489 1357 588 1419 omnia
617 1357 749 1440 perfecte
776 1357 861 1428 iecit,
891 1356 1030 1418 uidelicet
1057 1356 1207 1419 bominem
1236 1360 1403 1438 perfectum
1425 1357 1457 1418 in
1480 1365 1574 1418 aetate

277 1461 355 1523 XXX
380 1476 525 1522 annorum
550 1465 579 1520 et
602 1456 726 1520 arbores
747 1457 943 1536 glandiferas,
967 1477 1025 1520 non
1049 1460 1179 1526 fruetus.
1203 1457 1332 1521 noiatiiia
1355 1477 1492 1540 quoque,
1517 1475 1605 1519 nonn

175 1583 224 1630 aas,
239 1582 263 1622 n
278 1583 344 1639 uua,
368 1579 457 1644 quem
478 1561 609 1622 imitatus
632 1569 677 1621 εει
698 1559 830 1622 Donatus
852 1561 980 1640 primam
1003 1559 1143 1639 ponendo
1166 1559 1338 1640 perfectam.
1383 1560 1417 1621 D.
1441 1560 1574 1622 Coniu-

279 1667 453 1746 gationes
475 1661 677 1724 uerborum
693 1657 704 1742 ΙΙ
722 1656 780 1722 121
798 1657 810 1742 [Ι
826 1668 916 1741 quot
939 1663 1045 1724 sunt?
1082 1662 1254 1741 coniugatio
1269 1661 1379 1723 dieitur
1393 1664 1478 1742 quasi
1494 1658 1574 1722 coili-

278 1768 366 1846 gatio,
383 1763 513 1846 eoquod
529 1762 586 1826 sub
602 1781 660 1824 nne
676 1761 779 1840 regule
794 1763 878 1841 quasi
893 1762 948 1824 sub
966 1781 1025 1824 nno
1041 1764 1110 1842 ingo
1125 1763 1216 1824 muita
1240 1764 1393 1841 coniungit
1416 1772 1445 1824 ει
1467 1763 1577 1824 retinet
1663 1785 1664 1792 ι

279 1879 308 1930 ει
329 1868 397 1930 ideo
413 1884 429 1927 a
445 1864 652 1944 coniungendo
665 1863 774 1926 dicitur
785 1865 963 1942 coniugatio.
987 1863 1024 1926 ii.
1035 1862 1136 1926 Tres.
1165 1864 1322 1937 Quidam
1337 1863 1576 1943 grammatici

278 1977 417 2051 quattuor
439 1974 637 2029 annumerant
660 1967 892 2044 coniugationes,
915 1967 993 2026 sieut
1007 1966 1236 2027 Priscianus.
1274 1965 1405 2027 Donatus
1426 1984 1501 2027 uero
1516 1973 1608 2024 trees

280 2081 434 2135 enumerat
454 2067 618 2132 secundum
641 2068 776 2129 ordinem
799 2069 888 2130 trium
913 2065 1075 2137 nuendum,
1099 2065 1205 2146 quibus
1227 2069 1326 2129 omnia
1349 2065 1443 2128 uerba
1466 2065 1573 2126 adhae-

279 2182 362 2244 rent,
391 2172 576 2249 distinquens
596 2177 732 2250 quartam
754 2187 770 2230 a
793 2170 879 2232 tertia
909 2169 1129 2248 coniugatione,
1159 2187 1228 2232 curn
1256 2169 1329 2232 dicit
1350 2170 1378 2228 ‘i
1407 2175 1575 2246 correptam

178 2295 225 2344 aas,
239 2296 265 2336 eo
279 2274 326 2336 nei
342 2277 352 2336 i
367 2273 568 2354 productam’.
605 2271 781 2333 Discerni
806 2272 835 2331 ·i·
858 2271 1025 2332 diiudicari.
1055 2270 1132 2342 Quid
1147 2280 1193 2332 εει
1207 2271 1394 2350 coniugatio?
1416 2267 1574 2331 declinatio

180 2398 225 2446 eae,
239 2397 265 2436 aa
280 2375 376 2439 uerbi.
422 2374 457 2436 D.
474 2375 618 2436 Genera
634 2372 838 2435 uerborum
854 2382 943 2454 quot
958 2375 1062 2434 sunt?
1090 2372 1203 2444 ‘Quot',
1216 2373 1292 2434 stent
1310 2370 1574 2452 superiusdictum

280 2487 341 2547 est,
376 2492 532 2536 numerum
560 2475 695 2554 requirit.
746 2476 847 2537 Genus
874 2473 980 2538 dicitur
1007 2477 1037 2536 in
1067 2473 1162 2536 uerbo
1184 2493 1199 2535 a
1222 2473 1408 2552 generando,
1439 2491 1474 2534 eo
1498 2469 1608 2552 qundo

279 2597 372 2640 unum
394 2583 556 2656 generetur
579 2593 614 2636 ex
637 2574 746 2646 eitero,
774 2576 886 2638 scilicet
908 2577 1059 2657 passiuum
1081 2575 1118 2638 ah
1142 2577 1239 2637 actiuu
1262 2583 1292 2638 ει
1313 2577 1385 2636 item
1407 2573 1538 2636 antinum
1559 2589 1574 2630 a

279 2679 407 2760 pessino.
443 2677 545 2738 tenna
569 2695 640 2757 ergo
662 2676 802 2740 dicuntur
825 2677 862 2738 ab
884 2677 1008 2758 agendo,
1033 2696 1069 2740 eo
1090 2677 1168 2758 quod
1192 2687 1282 2756 egunt
1304 2690 1334 2740 et
1355 2683 1454 2738 aetum
1477 2682 1575 2736 osten-

279 2781 362 2851 dunt,
385 2788 417 2842 ut
439 2777 505 2858 lego
529 2787 557 2840 te
580 2781 673 2842 doceo
696 2787 734 2843 te.
779 2778 860 2841 Vnde
883 2787 912 2841 ει
933 2780 1100 2842 accusatiua
1123 2779 1271 2849 dicuntur,
1299 2779 1366 2858 quie
1389 2796 1426 2840 ex
1449 2777 1574 2838 maxima

229 2871 239 2888 ¹
278 2890 363 2964 perte
390 2881 565 2943 aecusatiuis
592 2879 785 2960 copulantur,
813 2899 906 2962 pauca
937 2899 1009 2943 uero
1037 2879 1101 2943 aliis
1126 2880 1261 2958 casium,
1290 2888 1322 2942 ut
1344 2879 1490 2942 benedico
1514 2877 1574 2946 tibi,

279 2986 424 3046 misereor
439 2984 491 3052 tui,
516 2990 546 3044 et
568 2998 659 3044 unum
682 2981 807 3044 uerbum
831 2991 887 3059 est,
909 2983 988 3063 quod
1010 2985 1042 3045 in
1064 2984 1161 3044 aetina
1184 2990 1214 3043 et
1236 2983 1267 3042 in
1289 2982 1407 3062 passim
1429 2981 1572 3059 signitica-
1585 2999 1607 3038 n

279 3089 357 3148 tione
381 3093 496 3148 tantum
518 3083 648 3147 ahiatiuo
671 3084 812 3163 iungitur,
836 3092 866 3145 ut
890 3084 1016 3164 stipulor
1039 3103 1054 3146 ε
1078 3093 1107 3146 ιε
1131 3085 1159 3144 ·i·
1184 3086 1337 3163 interrogo
1359 3091 1389 3144 te
1411 3083 1461 3145 uel
1482 3085 1575 3143 inter·

278 3203 369 3266 rogor
391 3206 407 3250 a
431 3195 469 3248 ιε.
512 3185 634 3248 Passiua
659 3185 799 3246 dicuntur
822 3185 1013 3266 spatiendo,
1044 3205 1080 3248 eo
1109 3184 1188 3266 quod
1210 3202 1292 3246 suam
1316 3187 1483 3264 passionem
1506 3202 1575 3264 pro·

277 3290 413 3359 fitentur,
442 3295 475 3349 ut
501 3286 611 3349 doceor
637 3287 685 3348 uei
713 3285 858 3348 uerberor
880 3305 896 3348 a
919 3293 958 3348 te.
1003 3287 1083 3350 llaec
1112 3295 1157 3348 est
1177 3293 1276 3348 autem
1299 3303 1384 3348 causa
1408 3287 1574 3348 actiuornm

278 3399 308 3452 ει
329 3391 516 3472 passiuorum
539 3386 700 3450 uerborum
722 3389 857 3450 transitio
879 3397 971 3450 actus.
1012 3387 1064 3451 ilie
1087 3389 1165 3450 enim
1188 3395 1377 3452 mensuetus
1399 3387 1507 3449 transit
1530 3403 1575 3446 me

278 3491 396 3555 dicente
411 3491 516 3552 ‘doceo
531 3495 583 3552 te’.
614 3490 659 3552 Tu
675 3507 747 3568 ergo
762 3490 922 3561 confiteris,
945 3489 974 3550 id
990 3490 1069 3570 quod
1092 3492 1212 3571 pateris,
1236 3489 1339 3554 dicens
1351 3489 1504 3552 ‘doeenra
1521 3488 1572 3548 ιε’.
1586 3506 1608 3544 n

277 3593 360 3656 Tuus
387 3595 495 3654 iterum
523 3601 606 3654 actus
633 3593 739 3654 transit
764 3593 796 3652 in
821 3609 879 3652 me.
925 3589 1008 3654 Vnde
1030 3602 1060 3654 ει
1081 3591 1131 3653 itta
1155 3591 1248 3654 uerba
1270 3609 1345 3674 quae
1369 3609 1428 3652 non
1450 3595 1577 3671 possunt

278 3695 470 3776 respondere,
494 3700 598 3756 neuim
621 3699 699 3763 sunt,
723 3700 756 3754 nt
777 3710 830 3754 aro
852 3700 963 3755 terram
985 3693 1119 3774 prandeo
1136 3694 1259 3774 piscem.
1296 3695 1409 3757 Neutra
1425 3691 1574 3759 dicuntur,

279 3815 337 3860 non
360 3804 393 3857 ut
415 3795 488 3858 ninii
510 3797 677 3874 significent
699 3802 750 3858 aut
773 3802 871 3856 actum
894 3792 942 3856 uei
958 3795 1136 3875 passionem,
1160 3795 1212 3857 sed
1230 3804 1392 3874 utrumque
1407 3814 1468 3856 non
1483 3793 1573 3873 sigui·

278 3899 381 3969 iicant,
405 3906 438 3958 nt
460 3895 593 3960 ambulo:
617 3915 687 3958 eece
709 3904 822 3964 actuum
851 3895 953 3958 rubet:
983 3915 1053 3959 eece
1075 3899 1237 3977 passiuum.
1254 3895 1266 3978 ΙΙ
1284 3894 1373 3980 122q
1423 3897 1482 3958 Sed
1505 3913 1573 3976 pro·

277 4001 342 4081 prie
365 4007 434 4062 sunt
456 4007 570 4068 neutra,
594 4017 670 4080 quac
691 4017 745 4080 per
767 4016 801 4060 se
822 3995 941 4078 pienum
965 4015 1085 4060 sensum
1108 3996 1228 4068 habent,
1252 4007 1284 4061 ut
1300 4001 1372 4060 uiuo
1388 4000 1470 4079 spiro
1484 3997 1608 4059 sedeces

279 4101 358 4164 bibo.
403 4101 585 4181 deponentia
613 4099 752 4162 dicuntur
778 4091 854 4160 κατ’
877 4092 1081 4180 ἀντίφρασιν
1104 4101 1134 4160 ·i·
1157 4117 1212 4179 per
1239 4103 1420 4162 eontrarium
1443 4119 1461 4161 a
1483 4100 1573 4180 depo-

278 4203 405 4274 nendo,-
419 4221 456 4264 eo
478 4201 555 4282 quod
579 4219 724 4281 nusquam
747 4201 900 4281 deponunt
922 4220 937 4262 r
960 4200 1007 4263 uei
1028 4201 1096 4263 ideo
1118 4199 1259 4263 dicuntur
1282 4202 1459 4282 deponentia
1482 4219 1499 4261 a
1523 4199 1572 4260 de·

277 4303 425 4385 ponendo,
449 4322 485 4366 eo
508 4303 588 4382 quod
610 4303 767 4383 deponunt
787 4303 976 4383 participium
998 4303 1090 4365 futuri
1112 4305 1264 4382 temporis,
1288 4302 1368 4382 quud
1391 4303 1422 4364 in
1445 4301 1500 4363 dus
1523 4299 1572 4362 de·

277 4408 357 4470 sinit.
393 4407 567 4470 Communia
590 4405 736 4475 dicuntur,
759 4423 794 4466 eo
815 4403 894 4483 quod
918 4403 973 4465 sub
996 4421 1053 4466 una
1072 4403 1236 4467 litteratura
1252 4403 1327 4466 duos
1342 4421 1447 4466 seusus
1462 4401 1573 4464 hebent

277 4509 307 4569 in
331 4507 405 4570 duas
426 4507 538 4570 formas
561 4509 591 4568 ·i·
614 4509 644 4568 in
668 4506 744 4569 duos
765 4503 943 4578 intellectus,
966 4504 1105 4568 uidelicet
1125 4507 1157 4567 in
1179 4507 1307 4568 formem
1330 4506 1421 4568 actiui
1442 4507 1507 4586 ipsa
1530 4513 1571 4566 est
1584 4517 1606 4552 n

346 4763 450 4826 tiqnod
467 4758 540 4829 ergo]
558 4761 628 4826 qnod
647 4762 726 4812 ueroi
795 4761 920 4811 8nntnre
989 4759 1146 4812 lldurmnm
1164 4767 1224 4811 ante
1241 4759 1379 4827 perfectam
1397 4761 1512 4814 additum
1528 4759 1573 4810 aed

275 4832 378 4896 punctis
395 4832 536 4897 suppositis
553 4831 679 4880 inductum
697 4837 734 4879 εει
803 4831 836 4880 36
854 4839 910 4878 εειε
928 4827 1066 4879 nntiiresin
1134 4829 1169 4880 40
1186 4826 1314 4880 informem
