<?xml version="1.0" encoding="UTF-8"?>
<!DOCTYPE html PUBLIC "-//W3C//DTD XHTML 1.0 Transitional//EN"
    "http://www.w3.org/TR/xhtml1/DTD/xhtml1-transitional.dtd">
<html xmlns="http://www.w3.org/1999/xhtml" xml:lang="en" lang="en">
 <head>
  <title>
</title>
<meta http-equiv="Content-Type" content="text/html;charset=utf-8" />
  <meta name='ocr-system' content='tesseract 3.04.00' />
  <meta name='ocr-capabilities' content='ocr_page ocr_carea ocr_par ocr_line ocrx_word'/>
</head>
<body>
  <div class='ocr_page' id='page_1' title='image "./anecdotahelveti00hagegoog/anecdotahelveti00hagegoog_0473.png"; bbox 0 0 3354 5580; ppageno 0'>
   <div class='ocr_carea' id='block_1_1' title="bbox 847 1133 1010 1214">
    <p class='ocr_par' dir='ltr' id='par_1_1' title="bbox 847 1133 1010 1214">
     <span class='ocr_line' id='line_1_1' title="bbox 847 1133 1010 1214; baseline -0.012 0"><span class='ocrx_word' id='word_1_1' title='bbox 847 1133 1010 1214; x_wconf 86' lang='lat' dir='ltr'>VIII</span> 
     </span>
    </p>
   </div>
   <div class='ocr_carea' id='block_1_2' title="bbox 282 1327 1562 1584">
    <p class='ocr_par' dir='ltr' id='par_1_2' title="bbox 282 1327 1562 1584">
     <span class='ocr_line' id='line_1_2' title="bbox 282 1327 1562 1430; baseline -0.003 -4"><span class='ocrx_word' id='word_1_2' title='bbox 282 1328 710 1428; x_wconf 81' lang='lat' dir='ltr'><strong>OOMMENTVM</strong></span> <span class='ocrx_word' id='word_1_3' title='bbox 745 1331 1182 1430; x_wconf 81' lang='lat' dir='ltr'>EINSIDLENSE</span> <span class='ocrx_word' id='word_1_4' title='bbox 1215 1331 1290 1428; x_wconf 85' lang='lat' dir='ltr'>IN</span> <span class='ocrx_word' id='word_1_5' title='bbox 1316 1327 1562 1428; x_wconf 80' lang='lat' dir='ltr'>Douuut</span> 
     </span>
     <span class='ocr_line' id='line_1_3' title="bbox 632 1483 1221 1584; baseline -0.003 -2"><span class='ocrx_word' id='word_1_6' title='bbox 632 1483 864 1582; x_wconf 82' lang='lat' dir='ltr'><strong>ARTEM</strong></span> <span class='ocrx_word' id='word_1_7' title='bbox 890 1484 1221 1584; x_wconf 80' lang='lat' dir='ltr'><strong>MINOREM.</strong></span> 
     </span>
    </p>
   </div>
   <div class='ocr_carea' id='block_1_3' title="bbox 840 1725 991 1734">
    <p class='ocr_par' dir='ltr' id='par_1_3' title="bbox 840 1725 991 1734">
     <span class='ocr_line' id='line_1_4' title="bbox 840 1725 991 1734; baseline 0.007 -1"><span class='ocrx_word' id='word_1_8' title='bbox 840 1725 991 1734; x_wconf 78' lang='lat'>...—..—.-.</span> 
     </span>
    </p>
   </div>
   <div class='ocr_carea' id='block_1_4' title="bbox 660 1855 1098 1989">
    <p class='ocr_par' dir='ltr' id='par_1_4' title="bbox 660 1855 1098 1989">
     <span class='ocr_line' id='line_1_5' title="bbox 660 1855 1098 1989; baseline -0.002 -16"><span class='ocrx_word' id='word_1_9' title='bbox 660 1855 662 1858; x_wconf 28' lang='lat'>⁵</span> <span class='ocrx_word' id='word_1_10' title='bbox 769 1910 828 1988; x_wconf 80' lang='lat' dir='ltr'>(oe</span> <span class='ocrx_word' id='word_1_11' title='bbox 849 1865 1098 1989; x_wconf 72' lang='lat' dir='ltr'>rnouonmoi</span> 
     </span>
    </p>
   </div>
   <div class='ocr_carea' id='block_1_5' title="bbox 120 2090 1607 4213">
    <p class='ocr_par' dir='ltr' id='par_1_5' title="bbox 120 2090 1607 4213">
     <span class='ocr_line' id='line_1_6' title="bbox 130 2090 1567 2178; baseline -0.002 -24"><span class='ocrx_word' id='word_1_12' title='bbox 130 2100 358 2156; x_wconf 60' lang='lat' dir='ltr'>tillon-utamur·</span> <span class='ocrx_word' id='word_1_13' title='bbox 374 2090 388 2178; x_wconf 86' lang='grc' dir='ltr'>ΙΙ</span> <span class='ocrx_word' id='word_1_14' title='bbox 402 2094 471 2174; x_wconf 86' lang='lat' dir='ltr'>Pag.</span> <span class='ocrx_word' id='word_1_15' title='bbox 486 2091 547 2155; x_wconf 82' lang='lat'>112</span> <span class='ocrx_word' id='word_1_16' title='bbox 563 2093 574 2177; x_wconf 85' lang='grc' dir='ltr'>ΙΙ</span> <span class='ocrx_word' id='word_1_17' title='bbox 590 2097 668 2174; x_wconf 80' lang='lat' dir='ltr'>iirgo</span> <span class='ocrx_word' id='word_1_18' title='bbox 683 2097 763 2157; x_wconf 80' lang='lat' dir='ltr'>iuxta</span> <span class='ocrx_word' id='word_1_19' title='bbox 780 2097 979 2158; x_wconf 82' lang='lat' dir='ltr'>definitionem</span> <span class='ocrx_word' id='word_1_20' title='bbox 1002 2097 1070 2159; x_wconf 91' lang='lat' dir='ltr'>soni</span> <span class='ocrx_word' id='word_1_21' title='bbox 1092 2096 1170 2156; x_wconf 81' lang='lat' dir='ltr'>diota</span> <span class='ocrx_word' id='word_1_22' title='bbox 1193 2103 1238 2158; x_wconf 86' lang='lat' dir='ltr'>est</span> <span class='ocrx_word' id='word_1_23' title='bbox 1260 2114 1389 2176; x_wconf 88' lang='lat' dir='ltr'>persona</span> <span class='ocrx_word' id='word_1_24' title='bbox 1405 2115 1420 2157; x_wconf 91' lang='lat' dir='ltr'>a</span> <span class='ocrx_word' id='word_1_25' title='bbox 1436 2093 1567 2156; x_wconf 86' lang='lat' dir='ltr'>concaui·</span> 
     </span>
     <span class='ocr_line' id='line_1_7' title="bbox 278 2193 1568 2282; baseline -0.001 -27"><span class='ocrx_word' id='word_1_26' title='bbox 278 2203 340 2256; x_wconf 90' lang='lat' dir='ltr'>tate</span> <span class='ocrx_word' id='word_1_27' title='bbox 364 2195 527 2268; x_wconf 88' lang='lat' dir='ltr'>laruarum,</span> <span class='ocrx_word' id='word_1_28' title='bbox 550 2199 705 2277; x_wconf 86' lang='lat' dir='ltr'>quoniam,</span> <span class='ocrx_word' id='word_1_29' title='bbox 728 2217 786 2278; x_wconf 84' lang='lat' dir='ltr'>quo</span> <span class='ocrx_word' id='word_1_30' title='bbox 808 2199 902 2260; x_wconf 87' lang='lat' dir='ltr'>maior</span> <span class='ocrx_word' id='word_1_31' title='bbox 924 2207 988 2261; x_wconf 89' lang='lat' dir='ltr'>erat</span> <span class='ocrx_word' id='word_1_32' title='bbox 1010 2199 1191 2282; x_wconf 78' lang='lat' dir='ltr'>oonoauitas,</span> <span class='ocrx_word' id='word_1_33' title='bbox 1215 2217 1250 2258; x_wconf 93' lang='lat' dir='ltr'>eo</span> <span class='ocrx_word' id='word_1_34' title='bbox 1267 2205 1296 2260; x_wconf 85' lang='lat' dir='ltr'>ot</span> <span class='ocrx_word' id='word_1_35' title='bbox 1309 2197 1454 2278; x_wconf 79' lang='lat' dir='ltr'><strong>prolixior</strong></span> <span class='ocrx_word' id='word_1_36' title='bbox 1468 2193 1568 2256; x_wconf 90' lang='lat' dir='ltr'>redde·</span> 
     </span>
     <span class='ocr_line' id='line_1_8' title="bbox 282 2295 1567 2380; baseline -0.002 -23"><span class='ocrx_word' id='word_1_37' title='bbox 282 2295 369 2358; x_wconf 87' lang='lat' dir='ltr'>batur</span> <span class='ocrx_word' id='word_1_38' title='bbox 398 2315 497 2359; x_wconf 88' lang='lat' dir='ltr'>sonus.</span> <span class='ocrx_word' id='word_1_39' title='bbox 542 2298 712 2362; x_wconf 82' lang='lat' dir='ltr'>Secundum</span> <span class='ocrx_word' id='word_1_40' title='bbox 740 2319 813 2362; x_wconf 88' lang='lat' dir='ltr'>uero</span> <span class='ocrx_word' id='word_1_41' title='bbox 840 2299 1036 2362; x_wconf 86' lang='lat' dir='ltr'>substantiam</span> <span class='ocrx_word' id='word_1_42' title='bbox 1064 2318 1191 2380; x_wconf 88' lang='lat' dir='ltr'>persona</span> <span class='ocrx_word' id='word_1_43' title='bbox 1220 2308 1265 2361; x_wconf 90' lang='lat' dir='ltr'>est</span> <span class='ocrx_word' id='word_1_44' title='bbox 1292 2297 1444 2360; x_wconf 86' lang='lat' dir='ltr'>indiuidua</span> <span class='ocrx_word' id='word_1_45' title='bbox 1473 2297 1567 2358; x_wconf 85' lang='lat' dir='ltr'>unios·</span> 
     </span>
     <span class='ocr_line' id='line_1_9' title="bbox 282 2399 1592 2483; baseline -0.001 -25"><span class='ocrx_word' id='word_1_46' title='bbox 282 2399 427 2477; x_wconf 86' lang='lat' dir='ltr'>cuiusque</span> <span class='ocrx_word' id='word_1_47' title='bbox 454 2401 498 2460; x_wconf 91' lang='lat' dir='ltr'>rei</span> <span class='ocrx_word' id='word_1_48' title='bbox 527 2403 769 2480; x_wconf 83' lang='lat' dir='ltr'>repraesentatio.</span> <span class='ocrx_word' id='word_1_49' title='bbox 813 2403 864 2464; x_wconf 84' lang='lat' dir='ltr'>Est</span> <span class='ocrx_word' id='word_1_50' title='bbox 892 2419 963 2482; x_wconf 86' lang='lat' dir='ltr'>ergo</span> <span class='ocrx_word' id='word_1_51' title='bbox 990 2404 1085 2483; x_wconf 89' lang='lat' dir='ltr'>prima</span> <span class='ocrx_word' id='word_1_52' title='bbox 1115 2419 1256 2480; x_wconf 89' lang='lat' dir='ltr'>persona,</span> <span class='ocrx_word' id='word_1_53' title='bbox 1286 2419 1363 2481; x_wconf 83' lang='lat' dir='ltr'>quae</span> <span class='ocrx_word' id='word_1_54' title='bbox 1390 2400 1428 2462; x_wconf 86' lang='lat' dir='ltr'>de</span> <span class='ocrx_word' id='word_1_55' title='bbox 1453 2419 1485 2461; x_wconf 88' lang='lat' dir='ltr'>se</span> <span class='ocrx_word' id='word_1_56' title='bbox 1509 2399 1592 2478; x_wconf 80' lang='lat' dir='ltr'>ipsa⁵</span> 
     </span>
     <span class='ocr_line' id='line_1_10' title="bbox 283 2499 1570 2584; baseline 0 -26"><span class='ocrx_word' id='word_1_57' title='bbox 283 2499 423 2578; x_wconf 84' lang='lat' dir='ltr'>loquitur,</span> <span class='ocrx_word' id='word_1_58' title='bbox 447 2501 590 2573; x_wconf 85' lang='lat' dir='ltr'>secunda,</span> <span class='ocrx_word' id='word_1_59' title='bbox 614 2502 753 2581; x_wconf 84' lang='lat' dir='ltr'>adquam</span> <span class='ocrx_word' id='word_1_60' title='bbox 777 2501 909 2584; x_wconf 89' lang='lat' dir='ltr'>loquitur</span> <span class='ocrx_word' id='word_1_61' title='bbox 930 2506 1041 2584; x_wconf 90' lang='lat' dir='ltr'>prima,</span> <span class='ocrx_word' id='word_1_62' title='bbox 1065 2505 1153 2565; x_wconf 91' lang='lat' dir='ltr'>tertia</span> <span class='ocrx_word' id='word_1_63' title='bbox 1168 2521 1300 2584; x_wconf 86' lang='lat' dir='ltr'>quoque.</span> <span class='ocrx_word' id='word_1_64' title='bbox 1324 2503 1360 2563; x_wconf 91' lang='lat' dir='ltr'>ad</span> <span class='ocrx_word' id='word_1_65' title='bbox 1376 2520 1464 2582; x_wconf 90' lang='lat' dir='ltr'>quam</span> <span class='ocrx_word' id='word_1_66' title='bbox 1479 2502 1570 2581; x_wconf 87' lang='lat' dir='ltr'>prima</span> 
     </span>
     <span class='ocr_line' id='line_1_11' title="bbox 155 2603 1571 2684; baseline 0.006 -32"><span class='ocrx_word' id='word_1_67' title='bbox 155 2616 371 2662; x_wconf 71' lang='lat' dir='ltr'>:nrmmsuum</span> <span class='ocrx_word' id='word_1_68' title='bbox 394 2620 562 2664; x_wconf 84' lang='lat' dir='ltr'>sermonem</span> <span class='ocrx_word' id='word_1_69' title='bbox 586 2603 694 2684; x_wconf 76' lang='lat' dir='ltr'>dirigit.</span> <span class='ocrx_word' id='word_1_70' title='bbox 732 2605 845 2667; x_wconf 81' lang='lat' dir='ltr'>Casus</span> <span class='ocrx_word' id='word_1_71' title='bbox 867 2608 963 2668; x_wconf 84' lang='lat' dir='ltr'>item.</span> <span class='ocrx_word' id='word_1_72' title='bbox 1008 2606 1077 2668; x_wconf 88' lang='lat' dir='ltr'>ideo</span> <span class='ocrx_word' id='word_1_73' title='bbox 1092 2605 1167 2666; x_wconf 81' lang='lat' dir='ltr'>dixit</span> <span class='ocrx_word' id='word_1_74' title='bbox 1181 2607 1288 2676; x_wconf 82' lang='lat' dir='ltr'>‘item&#39;,</span> <span class='ocrx_word' id='word_1_75' title='bbox 1312 2607 1379 2684; x_wconf 89' lang='lat' dir='ltr'>quia</span> <span class='ocrx_word' id='word_1_76' title='bbox 1403 2606 1434 2666; x_wconf 91' lang='lat' dir='ltr'>in</span> <span class='ocrx_word' id='word_1_77' title='bbox 1457 2603 1571 2664; x_wconf 88' lang='lat' dir='ltr'>nomine</span> 
     </span>
     <span class='ocr_line' id='line_1_12' title="bbox 282 2702 1570 2786; baseline -0.001 -23"><span class='ocrx_word' id='word_1_78' title='bbox 282 2704 339 2764; x_wconf 88' lang='lat' dir='ltr'>iam</span> <span class='ocrx_word' id='word_1_79' title='bbox 356 2702 472 2765; x_wconf 81' lang='lat' dir='ltr'>dixerat</span> <span class='ocrx_word' id='word_1_80' title='bbox 486 2722 580 2766; x_wconf 83' lang='lat' dir='ltr'>casus.</span> <span class='ocrx_word' id='word_1_81' title='bbox 624 2706 693 2768; x_wconf 89' lang='lat' dir='ltr'>Per</span> <span class='ocrx_word' id='word_1_82' title='bbox 716 2725 822 2786; x_wconf 84' lang='lat' dir='ltr'>quos,</span> <span class='ocrx_word' id='word_1_83' title='bbox 846 2727 870 2769; x_wconf 86' lang='lat' dir='ltr'>s.</span> <span class='ocrx_word' id='word_1_84' title='bbox 887 2726 982 2770; x_wconf 85' lang='lat' dir='ltr'>casus.</span> <span class='ocrx_word' id='word_1_85' title='bbox 1015 2705 1281 2782; x_wconf 76' lang='lat' dir='ltr'>inflectuntur,</span> <span class='ocrx_word' id='word_1_86' title='bbox 1307 2708 1427 2768; x_wconf 89' lang='lat' dir='ltr'>nomina</span> <span class='ocrx_word' id='word_1_87' title='bbox 1442 2706 1570 2766; x_wconf 90' lang='lat' dir='ltr'>omnium</span> 
     </span>
     <span class='ocr_line' id='line_1_13' title="bbox 281 2807 1570 2891; baseline -0.002 -25"><span class='ocrx_word' id='word_1_88' title='bbox 281 2822 440 2884; x_wconf 82' lang='lat' dir='ltr'>generum,</span> <span class='ocrx_word' id='word_1_89' title='bbox 457 2809 632 2887; x_wconf 80' lang='lat' dir='ltr'>pronomina</span> <span class='ocrx_word' id='word_1_90' title='bbox 649 2810 780 2870; x_wconf 91' lang='lat' dir='ltr'>omnium</span> <span class='ocrx_word' id='word_1_91' title='bbox 796 2825 937 2887; x_wconf 78' lang='lat' dir='ltr'>generum</span> <span class='ocrx_word' id='word_1_92' title='bbox 962 2819 991 2872; x_wconf 86' lang='lat' dir='ltr'>et</span> <span class='ocrx_word' id='word_1_93' title='bbox 1006 2809 1160 2891; x_wconf 85' lang='lat' dir='ltr'>partieipia</span> <span class='ocrx_word' id='word_1_94' title='bbox 1183 2811 1314 2872; x_wconf 89' lang='lat' dir='ltr'>omnium</span> <span class='ocrx_word' id='word_1_95' title='bbox 1337 2827 1490 2888; x_wconf 81' lang='lat' dir='ltr'>generum,</span> <span class='ocrx_word' id='word_1_96' title='bbox 1505 2807 1570 2883; x_wconf 90' lang='lat' dir='ltr'>quia</span> 
     </span>
     <span class='ocr_line' id='line_1_14' title="bbox 192 2906 1605 2992; baseline 0.005 -32"><span class='ocrx_word' id='word_1_97' title='bbox 192 2921 270 2969; x_wconf 62' lang='lat' dir='ltr'>amno</span> <span class='ocrx_word' id='word_1_98' title='bbox 284 2908 358 2968; x_wconf 86' lang='lat' dir='ltr'>istae</span> <span class='ocrx_word' id='word_1_99' title='bbox 372 2914 435 2970; x_wconf 88' lang='lat' dir='ltr'>tres</span> <span class='ocrx_word' id='word_1_100' title='bbox 456 2906 647 2973; x_wconf 80' lang='lat' dir='ltr'>declinabiles</span> <span class='ocrx_word' id='word_1_101' title='bbox 670 2920 748 2973; x_wconf 90' lang='lat' dir='ltr'>sunt.</span> <span class='ocrx_word' id='word_1_102' title='bbox 784 2911 857 2990; x_wconf 87' lang='lat' dir='ltr'>Ego</span> <span class='ocrx_word' id='word_1_103' title='bbox 880 2929 1084 2992; x_wconf 85' lang='lat' dir='ltr'>pronomen</span> <span class='ocrx_word' id='word_1_104' title='bbox 1108 2913 1275 2986; x_wconf 87' lang='lat' dir='ltr'>linitum,</span> <span class='ocrx_word' id='word_1_105' title='bbox 1301 2913 1320 2971; x_wconf 93' lang='lat' dir='ltr'>i.</span> <span class='ocrx_word' id='word_1_106' title='bbox 1338 2910 1570 2974; x_wconf 83' lang='lat' dir='ltr'>determinatum.</span> <span class='ocrx_word' id='word_1_107' title='bbox 1585 2921 1605 2957; x_wconf 84' lang='lat'>¹0</span> 
     </span>
     <span class='ocr_line' id='line_1_15' title="bbox 283 3009 1573 3092; baseline -0.001 -24"><span class='ocrx_word' id='word_1_108' title='bbox 283 3011 365 3087; x_wconf 89' lang='lat' dir='ltr'>quia,</span> <span class='ocrx_word' id='word_1_109' title='bbox 389 3013 439 3088; x_wconf 84' lang='lat' dir='ltr'>qui</span> <span class='ocrx_word' id='word_1_110' title='bbox 456 3011 528 3072; x_wconf 90' lang='lat' dir='ltr'>dioit</span> <span class='ocrx_word' id='word_1_111' title='bbox 544 3031 608 3092; x_wconf 83' lang='lat' dir='ltr'>ego,</span> <span class='ocrx_word' id='word_1_112' title='bbox 631 3014 847 3092; x_wconf 88' lang='lat' dir='ltr'>inpraesentia</span> <span class='ocrx_word' id='word_1_113' title='bbox 871 3021 925 3074; x_wconf 86' lang='lat' dir='ltr'>est.</span> <span class='ocrx_word' id='word_1_114' title='bbox 971 3014 1128 3076; x_wconf 88' lang='lat' dir='ltr'>Generis</span> <span class='ocrx_word' id='word_1_115' title='bbox 1152 3015 1279 3074; x_wconf 89' lang='lat' dir='ltr'>omnis.</span> <span class='ocrx_word' id='word_1_116' title='bbox 1311 3013 1395 3074; x_wconf 87' lang='lat' dir='ltr'>Siout</span> <span class='ocrx_word' id='word_1_117' title='bbox 1411 3013 1489 3073; x_wconf 85' lang='lat' dir='ltr'>enim</span> <span class='ocrx_word' id='word_1_118' title='bbox 1504 3009 1573 3071; x_wconf 85' lang='lat' dir='ltr'>dicit</span> 
     </span>
     <span class='ocr_line' id='line_1_16' title="bbox 193 3101 1571 3194; baseline 0.004 -30"><span class='ocrx_word' id='word_1_119' title='bbox 193 3123 270 3172; x_wconf 61' lang='lat' dir='ltr'>estur</span> <span class='ocrx_word' id='word_1_120' title='bbox 284 3111 432 3188; x_wconf 78' lang='lat' dir='ltr'>uir‘ego’‚</span> <span class='ocrx_word' id='word_1_121' title='bbox 450 3101 489 3174; x_wconf 84' lang='lat' dir='ltr'>ita</span> <span class='ocrx_word' id='word_1_122' title='bbox 506 3120 535 3174; x_wconf 89' lang='lat' dir='ltr'>et</span> <span class='ocrx_word' id='word_1_123' title='bbox 550 3113 666 3185; x_wconf 82' lang='lat' dir='ltr'>mulier,</span> <span class='ocrx_word' id='word_1_124' title='bbox 682 3118 726 3176; x_wconf 87' lang='lat' dir='ltr'>sic</span> <span class='ocrx_word' id='word_1_125' title='bbox 743 3123 772 3176; x_wconf 88' lang='lat' dir='ltr'>et</span> <span class='ocrx_word' id='word_1_126' title='bbox 787 3115 976 3194; x_wconf 87' lang='lat' dir='ltr'>mancipium.</span> <span class='ocrx_word' id='word_1_127' title='bbox 1008 3117 1124 3178; x_wconf 85' lang='lat' dir='ltr'>Casus</span> <span class='ocrx_word' id='word_1_128' title='bbox 1146 3117 1385 3176; x_wconf 89' lang='lat' dir='ltr'>nominatiui.</span> <span class='ocrx_word' id='word_1_129' title='bbox 1416 3111 1571 3176; x_wconf 82' lang='lat' dir='ltr'>Sciendum</span> 
     </span>
     <span class='ocr_line' id='line_1_17' title="bbox 282 3214 1574 3296; baseline 0.001 -26"><span class='ocrx_word' id='word_1_130' title='bbox 282 3221 341 3282; x_wconf 85' lang='lat' dir='ltr'>est,</span> <span class='ocrx_word' id='word_1_131' title='bbox 370 3214 448 3294; x_wconf 89' lang='lat' dir='ltr'>quod</span> <span class='ocrx_word' id='word_1_132' title='bbox 472 3216 567 3295; x_wconf 84' lang='lat' dir='ltr'>prima</span> <span class='ocrx_word' id='word_1_133' title='bbox 591 3233 716 3296; x_wconf 90' lang='lat' dir='ltr'>persona</span> <span class='ocrx_word' id='word_1_134' title='bbox 746 3219 776 3278; x_wconf 92' lang='lat' dir='ltr'>in</span> <span class='ocrx_word' id='word_1_135' title='bbox 799 3214 1003 3295; x_wconf 76' lang='lat' dir='ltr'>singularitate</span> <span class='ocrx_word' id='word_1_136' title='bbox 1031 3217 1130 3279; x_wconf 84' lang='lat' dir='ltr'>deficit</span> <span class='ocrx_word' id='word_1_137' title='bbox 1151 3219 1182 3278; x_wconf 91' lang='lat' dir='ltr'>in</span> <span class='ocrx_word' id='word_1_138' title='bbox 1211 3218 1364 3286; x_wconf 85' lang='lat' dir='ltr'>uocatiuo,</span> <span class='ocrx_word' id='word_1_139' title='bbox 1394 3215 1461 3296; x_wconf 90' lang='lat' dir='ltr'>quia</span> <span class='ocrx_word' id='word_1_140' title='bbox 1489 3229 1574 3274; x_wconf 86' lang='lat' dir='ltr'>nemo</span> 
     </span>
     <span class='ocr_line' id='line_1_18' title="bbox 281 3317 1572 3399; baseline 0.008 -26"><span class='ocrx_word' id='word_1_141' title='bbox 281 3320 381 3392; x_wconf 90' lang='lat' dir='ltr'>potest</span> <span class='ocrx_word' id='word_1_142' title='bbox 408 3334 440 3376; x_wconf 89' lang='lat' dir='ltr'>se</span> <span class='ocrx_word' id='word_1_143' title='bbox 468 3318 565 3396; x_wconf 86' lang='lat' dir='ltr'>ipsum</span> <span class='ocrx_word' id='word_1_144' title='bbox 596 3336 719 3390; x_wconf 89' lang='lat' dir='ltr'>uocare,</span> <span class='ocrx_word' id='word_1_145' title='bbox 749 3320 805 3379; x_wconf 90' lang='lat' dir='ltr'>uisi</span> <span class='ocrx_word' id='word_1_146' title='bbox 833 3317 1045 3399; x_wconf 79' lang='grc' dir='ltr'><strong><em>προσωποιία</em></strong></span> <span class='ocrx_word' id='word_1_147' title='bbox 1072 3321 1124 3389; x_wconf 90' lang='lat' dir='ltr'>sit,</span> <span class='ocrx_word' id='word_1_148' title='bbox 1154 3319 1173 3380; x_wconf 92' lang='lat' dir='ltr'>i.</span> <span class='ocrx_word' id='word_1_149' title='bbox 1198 3319 1394 3380; x_wconf 76' lang='lat' dir='ltr'>conformatio</span> <span class='ocrx_word' id='word_1_150' title='bbox 1420 3332 1572 3397; x_wconf 71' lang='lat' dir='ltr'>personae,</span> 
     </span>
     <span class='ocr_line' id='line_1_19' title="bbox 120 3416 1606 3502; baseline 0.003 -30"><span class='ocrx_word' id='word_1_151' title='bbox 120 3463 124 3472; x_wconf 94' lang='lat'><em>.</em></span> <span class='ocrx_word' id='word_1_152' title='bbox 151 3448 154 3454; x_wconf 93' lang='lat'>·</span> <span class='ocrx_word' id='word_1_153' title='bbox 266 3417 401 3495; x_wconf 54' lang='lat' dir='ltr'>spuendo</span> <span class='ocrx_word' id='word_1_154' title='bbox 417 3416 523 3497; x_wconf 83' lang='lat' dir='ltr'>aliquis</span> <span class='ocrx_word' id='word_1_155' title='bbox 538 3419 662 3496; x_wconf 80' lang='lat' dir='ltr'>figurate</span> <span class='ocrx_word' id='word_1_156' title='bbox 678 3419 714 3480; x_wconf 90' lang='lat' dir='ltr'>ad</span> <span class='ocrx_word' id='word_1_157' title='bbox 727 3439 759 3482; x_wconf 90' lang='lat' dir='ltr'>se</span> <span class='ocrx_word' id='word_1_158' title='bbox 772 3422 868 3501; x_wconf 86' lang='lat' dir='ltr'>ipsum</span> <span class='ocrx_word' id='word_1_159' title='bbox 885 3422 967 3500; x_wconf 88' lang='lat' dir='ltr'>quasi</span> <span class='ocrx_word' id='word_1_160' title='bbox 983 3420 1019 3480; x_wconf 94' lang='lat' dir='ltr'>ad</span> <span class='ocrx_word' id='word_1_161' title='bbox 1033 3419 1121 3483; x_wconf 85' lang='lat' dir='ltr'>alium</span> <span class='ocrx_word' id='word_1_162' title='bbox 1135 3417 1273 3502; x_wconf 84' lang='lat' dir='ltr'>loquitur,</span> <span class='ocrx_word' id='word_1_163' title='bbox 1292 3421 1368 3482; x_wconf 87' lang='lat' dir='ltr'>sicut</span> <span class='ocrx_word' id='word_1_164' title='bbox 1380 3417 1571 3498; x_wconf 88' lang='lat' dir='ltr'>Virgilius:</span> <span class='ocrx_word' id='word_1_165' title='bbox 1586 3427 1606 3465; x_wconf 73' lang='lat' dir='ltr'>n</span> 
     </span>
     <span class='ocr_line' id='line_1_20' title="bbox 485 3519 1372 3603; baseline 0 -24"><span class='ocrx_word' id='word_1_166' title='bbox 485 3519 623 3582; x_wconf 75' lang='lat' dir='ltr'>infelix</span> <span class='ocrx_word' id='word_1_167' title='bbox 643 3521 752 3592; x_wconf 84' lang='lat' dir='ltr'>liido,</span> <span class='ocrx_word' id='word_1_168' title='bbox 776 3540 871 3583; x_wconf 90' lang='lat' dir='ltr'>nuno</span> <span class='ocrx_word' id='word_1_169' title='bbox 894 3530 928 3582; x_wconf 88' lang='lat' dir='ltr'>te</span> <span class='ocrx_word' id='word_1_170' title='bbox 951 3521 1050 3583; x_wconf 86' lang='lat' dir='ltr'>iacta</span> <span class='ocrx_word' id='word_1_171' title='bbox 1073 3523 1184 3603; x_wconf 87' lang='lat' dir='ltr'>impia</span> <span class='ocrx_word' id='word_1_172' title='bbox 1208 3528 1372 3600; x_wconf 88' lang='lat' dir='ltr'>tangunt.</span> 
     </span>
     <span class='ocr_line' id='line_1_21' title="bbox 192 3618 1575 3703; baseline 0.002 -29"><span class='ocrx_word' id='word_1_173' title='bbox 192 3631 272 3687; x_wconf 64' lang='lat' dir='ltr'>etam</span> <span class='ocrx_word' id='word_1_174' title='bbox 286 3618 359 3679; x_wconf 81' lang='lat' dir='ltr'>uiuo</span> <span class='ocrx_word' id='word_1_175' title='bbox 376 3623 455 3682; x_wconf 90' lang='lat' dir='ltr'>enim</span> <span class='ocrx_word' id='word_1_176' title='bbox 472 3621 508 3682; x_wconf 92' lang='lat' dir='ltr'>ad</span> <span class='ocrx_word' id='word_1_177' title='bbox 524 3641 556 3683; x_wconf 85' lang='lat' dir='ltr'>se</span> <span class='ocrx_word' id='word_1_178' title='bbox 572 3623 665 3703; x_wconf 88' lang='lat' dir='ltr'>ipsam</span> <span class='ocrx_word' id='word_1_179' title='bbox 681 3622 867 3702; x_wconf 85' lang='lat' dir='ltr'>loquebatur.</span> <span class='ocrx_word' id='word_1_180' title='bbox 900 3625 940 3684; x_wconf 90' lang='lat' dir='ltr'>Vt</span> <span class='ocrx_word' id='word_1_181' title='bbox 963 3642 1042 3702; x_wconf 90' lang='lat' dir='ltr'>ego,</span> <span class='ocrx_word' id='word_1_182' title='bbox 1060 3622 1141 3703; x_wconf 78' lang='lat' dir='ltr'>lego:</span> <span class='ocrx_word' id='word_1_183' title='bbox 1165 3626 1235 3686; x_wconf 90' lang='lat' dir='ltr'>mei</span> <span class='ocrx_word' id='word_1_184' title='bbox 1257 3622 1317 3685; x_wconf 91' lang='lat' dir='ltr'>uei</span> <span class='ocrx_word' id='word_1_185' title='bbox 1340 3625 1424 3700; x_wconf 90' lang='lat' dir='ltr'>mis,</span> <span class='ocrx_word' id='word_1_186' title='bbox 1441 3621 1517 3683; x_wconf 86' lang='lat' dir='ltr'>iiber</span> <span class='ocrx_word' id='word_1_187' title='bbox 1533 3627 1575 3678; x_wconf 86' lang='lat' dir='ltr'>est</span> 
     </span>
     <span class='ocr_line' id='line_1_22' title="bbox 282 3721 1574 3806; baseline 0.002 -26"><span class='ocrx_word' id='word_1_188' title='bbox 282 3722 352 3788; x_wconf 70' lang='lat' dir='ltr'>istm</span> <span class='ocrx_word' id='word_1_189' title='bbox 369 3721 473 3792; x_wconf 84' lang='lat' dir='ltr'>milri,</span> <span class='ocrx_word' id='word_1_190' title='bbox 491 3723 584 3792; x_wconf 82' lang='lat' dir='ltr'>dedit:</span> <span class='ocrx_word' id='word_1_191' title='bbox 608 3744 668 3796; x_wconf 88' lang='lat' dir='ltr'>mo.</span> <span class='ocrx_word' id='word_1_192' title='bbox 685 3725 799 3794; x_wconf 81' lang='lat' dir='ltr'>iaudat:</span> <span class='ocrx_word' id='word_1_193' title='bbox 816 3746 830 3786; x_wconf 91' lang='lat' dir='ltr'>a</span> <span class='ocrx_word' id='word_1_194' title='bbox 848 3744 916 3796; x_wconf 91' lang='lat' dir='ltr'>me,</span> <span class='ocrx_word' id='word_1_195' title='bbox 933 3727 1063 3803; x_wconf 70' lang='lat' dir='ltr'>accepim</span> <span class='ocrx_word' id='word_1_196' title='bbox 1079 3735 1114 3788; x_wconf 90' lang='lat' dir='ltr'>et</span> <span class='ocrx_word' id='word_1_197' title='bbox 1129 3725 1337 3806; x_wconf 86' lang='lat' dir='ltr'>pluraliter</span> <span class='ocrx_word' id='word_1_198' title='bbox 1352 3743 1427 3799; x_wconf 71' lang='lat' dir='ltr'>noo,</span> <span class='ocrx_word' id='word_1_199' title='bbox 1442 3722 1574 3802; x_wconf 82' lang='lat' dir='ltr'>legimus.</span> 
     </span>
     <span class='ocr_line' id='line_1_23' title="bbox 283 3821 1575 3908; baseline 0.001 -27"><span class='ocrx_word' id='word_1_200' title='bbox 283 3821 342 3882; x_wconf 90' lang='lat' dir='ltr'>iam</span> <span class='ocrx_word' id='word_1_201' title='bbox 365 3825 462 3902; x_wconf 88' lang='lat' dir='ltr'>prima</span> <span class='ocrx_word' id='word_1_202' title='bbox 485 3843 609 3904; x_wconf 90' lang='lat' dir='ltr'>persona</span> <span class='ocrx_word' id='word_1_203' title='bbox 632 3829 726 3908; x_wconf 90' lang='lat' dir='ltr'>iungit</span> <span class='ocrx_word' id='word_1_204' title='bbox 748 3847 781 3890; x_wconf 86' lang='lat' dir='ltr'>se</span> <span class='ocrx_word' id='word_1_205' title='bbox 803 3847 872 3890; x_wconf 89' lang='lat' dir='ltr'>oum</span> <span class='ocrx_word' id='word_1_206' title='bbox 896 3828 961 3890; x_wconf 87' lang='lat' dir='ltr'>aliis</span> <span class='ocrx_word' id='word_1_207' title='bbox 985 3837 1013 3888; x_wconf 87' lang='lat' dir='ltr'>et</span> <span class='ocrx_word' id='word_1_208' title='bbox 1035 3827 1103 3890; x_wconf 86' lang='lat' dir='ltr'>ideo</span> <span class='ocrx_word' id='word_1_209' title='bbox 1133 3827 1223 3888; x_wconf 89' lang='lat' dir='ltr'>habet</span> <span class='ocrx_word' id='word_1_210' title='bbox 1251 3827 1434 3888; x_wconf 81' lang='lat' dir='ltr'>uocatiuum:</span> <span class='ocrx_word' id='word_1_211' title='bbox 1465 3830 1501 3884; x_wconf 87' lang='lat' dir='ltr'>‘o</span> <span class='ocrx_word' id='word_1_212' title='bbox 1524 3841 1575 3884; x_wconf 85' lang='lat' dir='ltr'>nos</span> 
     </span>
     <span class='ocr_line' id='line_1_24' title="bbox 283 3922 1607 4011; baseline 0.002 -29"><span class='ocrx_word' id='word_1_213' title='bbox 283 3922 389 3986; x_wconf 87' lang='lat' dir='ltr'>iratres</span> <span class='ocrx_word' id='word_1_214' title='bbox 417 3923 583 4005; x_wconf 84' lang='lat' dir='ltr'>legamusl&#39;</span> <span class='ocrx_word' id='word_1_215' title='bbox 626 3929 701 4009; x_wconf 80' lang='lat' dir='ltr'>Ego,</span> <span class='ocrx_word' id='word_1_216' title='bbox 731 3931 810 4011; x_wconf 89' lang='lat' dir='ltr'>quod</span> <span class='ocrx_word' id='word_1_217' title='bbox 837 3931 950 3992; x_wconf 89' lang='lat' dir='ltr'>Graeoe</span> <span class='ocrx_word' id='word_1_218' title='bbox 979 3929 1113 3990; x_wconf 86' lang='lat' dir='ltr'>similiter</span> <span class='ocrx_word' id='word_1_219' title='bbox 1141 3929 1248 3990; x_wconf 87' lang='lat' dir='ltr'>dieitur</span> <span class='ocrx_word' id='word_1_220' title='bbox 1277 3924 1355 4008; x_wconf 73' lang='grc' dir='ltr'><em>ἐγώ.</em></span> <span class='ocrx_word' id='word_1_221' title='bbox 1404 3927 1466 3996; x_wconf 83' lang='grc' dir='ltr'><strong>Τιι,</strong></span> <span class='ocrx_word' id='word_1_222' title='bbox 1496 3924 1607 4006; x_wconf 73' lang='lat' dir='ltr'>quous</span> 
     </span>
     <span class='ocr_line' id='line_1_25' title="bbox 283 4024 1573 4108; baseline -0.002 -20"><span class='ocrx_word' id='word_1_223' title='bbox 283 4026 388 4089; x_wconf 85' lang='lat' dir='ltr'>Graeci</span> <span class='ocrx_word' id='word_1_224' title='bbox 422 4027 524 4091; x_wconf 89' lang='lat' dir='ltr'>dicunt</span> <span class='ocrx_word' id='word_1_225' title='bbox 551 4024 608 4101; x_wconf 85' lang='grc' dir='ltr'>σύ,</span> <span class='ocrx_word' id='word_1_226' title='bbox 643 4051 727 4094; x_wconf 85' lang='lat' dir='ltr'>casus</span> <span class='ocrx_word' id='word_1_227' title='bbox 760 4033 933 4094; x_wconf 89' lang='lat' dir='ltr'>nominatiui</span> <span class='ocrx_word' id='word_1_228' title='bbox 963 4041 993 4092; x_wconf 90' lang='lat' dir='ltr'>et</span> <span class='ocrx_word' id='word_1_229' title='bbox 1022 4033 1149 4093; x_wconf 82' lang='lat' dir='ltr'>uocatiui</span> <span class='ocrx_word' id='word_1_230' title='bbox 1178 4038 1231 4092; x_wconf 87' lang='lat' dir='ltr'>est.</span> <span class='ocrx_word' id='word_1_231' title='bbox 1281 4027 1419 4092; x_wconf 87' lang='lat' dir='ltr'>Secunda</span> <span class='ocrx_word' id='word_1_232' title='bbox 1448 4043 1573 4108; x_wconf 84' lang='lat' dir='ltr'>persona</span> 
     </span>
     <span class='ocr_line' id='line_1_26' title="bbox 283 4129 1572 4213; baseline -0.001 -23"><span class='ocrx_word' id='word_1_233' title='bbox 283 4129 374 4192; x_wconf 88' lang='lat' dir='ltr'>hahet</span> <span class='ocrx_word' id='word_1_234' title='bbox 397 4133 580 4208; x_wconf 87' lang='lat' dir='ltr'>uooatiuum,</span> <span class='ocrx_word' id='word_1_235' title='bbox 609 4141 642 4194; x_wconf 92' lang='lat' dir='ltr'>ut</span> <span class='ocrx_word' id='word_1_236' title='bbox 664 4135 712 4194; x_wconf 81' lang='lat' dir='ltr'>‘tu</span> <span class='ocrx_word' id='word_1_237' title='bbox 736 4134 846 4195; x_wconf 86' lang='lat' dir='ltr'>irater’</span> <span class='ocrx_word' id='word_1_238' title='bbox 859 4180 951 4196; x_wconf 91' lang='grc'><strong>.....</strong></span> <span class='ocrx_word' id='word_1_239' title='bbox 989 4134 1038 4195; x_wconf 85' lang='lat' dir='ltr'>Est</span> <span class='ocrx_word' id='word_1_240' title='bbox 1059 4136 1138 4194; x_wconf 89' lang='lat' dir='ltr'>scire</span> <span class='ocrx_word' id='word_1_241' title='bbox 1160 4139 1331 4213; x_wconf 87' lang='lat' dir='ltr'>praeterea,</span> <span class='ocrx_word' id='word_1_242' title='bbox 1360 4129 1572 4211; x_wconf 82' lang='lat' dir='ltr'>quodnuiium</span> 
     </span>
    </p>
   </div>
   <div class='ocr_carea' id='block_1_6' title="bbox 280 4385 1574 4865">
    <p class='ocr_par' dir='ltr' id='par_1_6' title="bbox 280 4385 1574 4865">
     <span class='ocr_line' id='line_1_27' title="bbox 351 4385 1574 4452; baseline -0.001 -17"><span class='ocrx_word' id='word_1_243' title='bbox 351 4385 414 4438; x_wconf 80' lang='lat' dir='ltr'>Coei.</span> <span class='ocrx_word' id='word_1_244' title='bbox 432 4385 543 4438; x_wconf 78' lang='lat' dir='ltr'>Eineidl,</span> <span class='ocrx_word' id='word_1_245' title='bbox 558 4389 607 4436; x_wconf 84' lang='lat'>172</span> <span class='ocrx_word' id='word_1_246' title='bbox 624 4403 693 4440; x_wconf 84' lang='lat' dir='ltr'>eaeo.</span> <span class='ocrx_word' id='word_1_247' title='bbox 708 4388 733 4437; x_wconf 90' lang='lat' dir='ltr'><em>X</em></span> <span class='ocrx_word' id='word_1_248' title='bbox 742 4404 767 4451; x_wconf 89' lang='lat' dir='ltr'>p.</span> <span class='ocrx_word' id='word_1_249' title='bbox 782 4391 831 4438; x_wconf 88' lang='grc'>112</span> <span class='ocrx_word' id='word_1_250' title='bbox 844 4414 877 4423; x_wconf 91' lang='grc'>-</span> <span class='ocrx_word' id='word_1_251' title='bbox 888 4403 914 4452; x_wconf 87' lang='lat' dir='ltr'>p.</span> <span class='ocrx_word' id='word_1_252' title='bbox 930 4389 991 4440; x_wconf 84' lang='grc'><strong><em>138.</em></strong></span> <span class='ocrx_word' id='word_1_253' title='bbox 1059 4389 1148 4438; x_wconf 82' lang='lat' dir='ltr'>Prima</span> <span class='ocrx_word' id='word_1_254' title='bbox 1166 4393 1292 4438; x_wconf 78' lang='lat' dir='ltr'>tractetur</span> <span class='ocrx_word' id='word_1_255' title='bbox 1309 4389 1405 4450; x_wconf 81' lang='lat' dir='ltr'>popina</span> <span class='ocrx_word' id='word_1_256' title='bbox 1422 4388 1471 4434; x_wconf 87' lang='grc'>111</span> <span class='ocrx_word' id='word_1_257' title='bbox 1488 4391 1574 4449; x_wconf 78' lang='lat' dir='ltr'>putre-</span> 
     </span>
     <span class='ocr_line' id='line_1_28' title="bbox 282 4453 1574 4520; baseline -0.002 -17"><span class='ocrx_word' id='word_1_258' title='bbox 282 4453 340 4503; x_wconf 81' lang='lat' dir='ltr'>dine</span> <span class='ocrx_word' id='word_1_259' title='bbox 358 4455 396 4504; x_wconf 81' lang='lat' dir='ltr'>ita</span> <span class='ocrx_word' id='word_1_260' title='bbox 413 4456 528 4518; x_wconf 78' lang='lat' dir='ltr'>euenerat,</span> <span class='ocrx_word' id='word_1_261' title='bbox 547 4461 573 4504; x_wconf 83' lang='lat' dir='ltr'>ut</span> <span class='ocrx_word' id='word_1_262' title='bbox 591 4457 642 4520; x_wconf 80' lang='lat' dir='ltr'>tegi</span> <span class='ocrx_word' id='word_1_263' title='bbox 658 4457 707 4504; x_wconf 77' lang='lat' dir='ltr'>taen</span> <span class='ocrx_word' id='word_1_264' title='bbox 725 4463 846 4520; x_wconf 79' lang='lat' dir='ltr'>nequeat:</span> <span class='ocrx_word' id='word_1_265' title='bbox 865 4457 954 4520; x_wconf 73' lang='lat' dir='ltr'>incipit</span> <span class='ocrx_word' id='word_1_266' title='bbox 971 4471 1033 4507; x_wconf 85' lang='lat' dir='ltr'>uero</span> <span class='ocrx_word' id='word_1_267' title='bbox 1048 4473 1065 4506; x_wconf 85' lang='lat' dir='ltr'>u</span> <span class='ocrx_word' id='word_1_268' title='bbox 1083 4455 1181 4506; x_wconf 77' lang='lat' dir='ltr'>uerbis:</span> <span class='ocrx_word' id='word_1_269' title='bbox 1199 4453 1341 4519; x_wconf 83' lang='lat' dir='ltr'>‘Bipertita</span> <span class='ocrx_word' id='word_1_270' title='bbox 1359 4462 1398 4504; x_wconf 83' lang='lat' dir='ltr'>ert</span> <span class='ocrx_word' id='word_1_271' title='bbox 1417 4456 1449 4502; x_wconf 89' lang='grc' dir='ltr'>·ἰ·</span> <span class='ocrx_word' id='word_1_272' title='bbox 1467 4456 1494 4503; x_wconf 82' lang='lat' dir='ltr'>tn</span> <span class='ocrx_word' id='word_1_273' title='bbox 1511 4455 1574 4503; x_wconf 83' lang='lat' dir='ltr'>dem</span> 
     </span>
     <span class='ocr_line' id='line_1_29' title="bbox 280 4523 1574 4589; baseline 0 -19"><span class='ocrx_word' id='word_1_274' title='bbox 280 4527 371 4584; x_wconf 80' lang='lat' dir='ltr'>portes</span> <span class='ocrx_word' id='word_1_275' title='bbox 393 4523 491 4572; x_wconf 69' lang='lat' dir='ltr'>diuiw</span> <span class='ocrx_word' id='word_1_276' title='bbox 508 4541 543 4569; x_wconf 65' lang='grc' dir='ltr'>ι·</span> <span class='ocrx_word' id='word_1_277' title='bbox 563 4523 627 4576; x_wconf 83' lang='lat' dir='ltr'>lion.</span> <span class='ocrx_word' id='word_1_278' title='bbox 644 4540 674 4588; x_wconf 84' lang='lat' dir='ltr'>p.</span> <span class='ocrx_word' id='word_1_279' title='bbox 694 4527 753 4582; x_wconf 78' lang='lat'>357,</span> <span class='ocrx_word' id='word_1_280' title='bbox 773 4528 789 4573; x_wconf 84' lang='lat'><em>5</em></span> <span class='ocrx_word' id='word_1_281' title='bbox 807 4523 842 4576; x_wconf 88' lang='lat' dir='ltr'>K.</span> <span class='ocrx_word' id='word_1_282' title='bbox 878 4524 943 4573; x_wconf 83' lang='lat' dir='ltr'>Nmn</span> <span class='ocrx_word' id='word_1_283' title='bbox 966 4525 1095 4589; x_wconf 81' lang='lat' dir='ltr'>quominus</span> <span class='ocrx_word' id='word_1_284' title='bbox 1117 4526 1146 4574; x_wconf 82' lang='lat' dir='ltr'>id</span> <span class='ocrx_word' id='word_1_285' title='bbox 1166 4526 1253 4573; x_wconf 81' lang='lat' dir='ltr'>lemme</span> <span class='ocrx_word' id='word_1_286' title='bbox 1275 4525 1312 4572; x_wconf 85' lang='lat' dir='ltr'>ud</span> <span class='ocrx_word' id='word_1_287' title='bbox 1332 4525 1411 4574; x_wconf 82' lang='lat' dir='ltr'>locum</span> <span class='ocrx_word' id='word_1_288' title='bbox 1429 4523 1460 4572; x_wconf 87' lang='lat' dir='ltr'>de</span> <span class='ocrx_word' id='word_1_289' title='bbox 1478 4523 1574 4572; x_wconf 80' lang='lat' dir='ltr'>nomine</span> 
     </span>
     <span class='ocr_line' id='line_1_30' title="bbox 281 4590 1574 4656; baseline -0.002 -17"><span class='ocrx_word' id='word_1_290' title='bbox 281 4604 309 4652; x_wconf 85' lang='lat' dir='ltr'>p.</span> <span class='ocrx_word' id='word_1_291' title='bbox 329 4592 390 4651; x_wconf 78' lang='lat'>355,</span> <span class='ocrx_word' id='word_1_292' title='bbox 411 4592 563 4654; x_wconf 68' lang='lat' dir='ltr'>depectere</span> <span class='ocrx_word' id='word_1_293' title='bbox 580 4593 727 4652; x_wconf 75' lang='lat' dir='ltr'>iudicemur,</span> <span class='ocrx_word' id='word_1_294' title='bbox 751 4590 835 4642; x_wconf 81' lang='lat' dir='ltr'>ebetat</span> <span class='ocrx_word' id='word_1_295' title='bbox 857 4594 1029 4642; x_wconf 77' lang='lat' dir='ltr'>commentarii</span> <span class='ocrx_word' id='word_1_296' title='bbox 1049 4597 1117 4642; x_wconf 74' lang='lat' dir='ltr'>rutro</span> <span class='ocrx_word' id='word_1_297' title='bbox 1141 4593 1278 4655; x_wconf 69' lang='lat' dir='ltr'>proiixior.</span> <span class='ocrx_word' id='word_1_298' title='bbox 1317 4592 1432 4656; x_wconf 69' lang='lat' dir='ltr'>deperiit</span> <span class='ocrx_word' id='word_1_299' title='bbox 1450 4590 1529 4652; x_wconf 78' lang='lat' dir='ltr'>igitur</span> <span class='ocrx_word' id='word_1_300' title='bbox 1547 4605 1574 4638; x_wconf 85' lang='lat' dir='ltr'>eu</span> 
     </span>
     <span class='ocr_line' id='line_1_31' title="bbox 281 4653 1573 4725; baseline 0.001 -19"><span class='ocrx_word' id='word_1_301' title='bbox 281 4657 451 4721; x_wconf 69' lang='lat' dir='ltr'>expositionis</span> <span class='ocrx_word' id='word_1_302' title='bbox 485 4675 540 4722; x_wconf 81' lang='lat' dir='ltr'>ure,</span> <span class='ocrx_word' id='word_1_303' title='bbox 559 4676 609 4725; x_wconf 82' lang='lat' dir='ltr'>quo</span> <span class='ocrx_word' id='word_1_304' title='bbox 626 4661 658 4711; x_wconf 87' lang='lat' dir='ltr'>de</span> <span class='ocrx_word' id='word_1_305' title='bbox 677 4659 917 4725; x_wconf 82' lang='lat' dir='ltr'>nomineupebotur.</span> <span class='ocrx_word' id='word_1_306' title='bbox 987 4659 1193 4710; x_wconf 81' lang='lat' dir='ltr'>uuitunioonem</span> <span class='ocrx_word' id='word_1_307' title='bbox 1266 4660 1296 4708; x_wconf 80' lang='lat'>14</span> <span class='ocrx_word' id='word_1_308' title='bbox 1312 4653 1573 4712; x_wconf 74' lang='grc' dir='ltr'>ΠΡΟΕωΠΟΠΕΙΛ</span> 
     </span>
     <span class='ocr_line' id='line_1_32' title="bbox 283 4675 1574 4791; baseline 0.002 -19"><span class='ocrx_word' id='word_1_309' title='bbox 283 4725 314 4773; x_wconf 84' lang='grc'>15</span> <span class='ocrx_word' id='word_1_310' title='bbox 335 4675 555 4790; x_wconf 58' lang='lat' dir='ltr'>Virgiliuesden.</span> <span class='ocrx_word' id='word_1_311' title='bbox 573 4727 621 4776; x_wconf 86' lang='lat' dir='ltr'>IV</span> <span class='ocrx_word' id='word_1_312' title='bbox 636 4729 686 4776; x_wconf 79' lang='lat'>596</span> <span class='ocrx_word' id='word_1_313' title='bbox 753 4730 787 4778; x_wconf 80' lang='lat'>20</span> <span class='ocrx_word' id='word_1_314' title='bbox 805 4743 878 4790; x_wconf 76' lang='lat' dir='ltr'>grrrr</span> <span class='ocrx_word' id='word_1_315' title='bbox 947 4731 977 4776; x_wconf 79' lang='lat' dir='ltr'>‘il</span> <span class='ocrx_word' id='word_1_316' title='bbox 992 4729 1060 4791; x_wconf 80' lang='lat' dir='ltr'>greci</span> <span class='ocrx_word' id='word_1_317' title='bbox 1129 4729 1162 4778; x_wconf 75' lang='lat'>22</span> <span class='ocrx_word' id='word_1_318' title='bbox 1174 4727 1237 4776; x_wconf 84' lang='lat' dir='ltr'>Post</span> <span class='ocrx_word' id='word_1_319' title='bbox 1250 4725 1326 4776; x_wconf 82' lang='lat' dir='ltr'>irater</span> <span class='ocrx_word' id='word_1_320' title='bbox 1341 4726 1485 4777; x_wconf 80' lang='lat' dir='ltr'>uocabulum</span> <span class='ocrx_word' id='word_1_321' title='bbox 1503 4740 1574 4775; x_wconf 78' lang='lat' dir='ltr'>unum</span> 
     </span>
     <span class='ocr_line' id='line_1_33' title="bbox 283 4793 1354 4865; baseline 0.002 -23"><span class='ocrx_word' id='word_1_322' title='bbox 283 4793 357 4842; x_wconf 68' lang='lat' dir='ltr'>nonio</span> <span class='ocrx_word' id='word_1_323' title='bbox 372 4795 473 4858; x_wconf 86' lang='lat' dir='ltr'>patiore</span> <span class='ocrx_word' id='word_1_324' title='bbox 491 4797 629 4849; x_wconf 79' lang='lat' dir='ltr'>extinctum</span> <span class='ocrx_word' id='word_1_325' title='bbox 646 4801 698 4859; x_wconf 83' lang='lat' dir='ltr'>est,</span> <span class='ocrx_word' id='word_1_326' title='bbox 718 4797 786 4865; x_wconf 79' lang='lat' dir='ltr'>quod</span> <span class='ocrx_word' id='word_1_327' title='bbox 803 4798 828 4848; x_wconf 82' lang='lat' dir='ltr'>tn</span> <span class='ocrx_word' id='word_1_328' title='bbox 845 4797 1005 4862; x_wconf 79' lang='lat' dir='ltr'>sequentibus</span> <span class='ocrx_word' id='word_1_329' title='bbox 1023 4811 1122 4861; x_wconf 83' lang='lat' dir='ltr'>quoque</span> <span class='ocrx_word' id='word_1_330' title='bbox 1136 4795 1233 4860; x_wconf 69' lang='lat' dir='ltr'>partim</span> <span class='ocrx_word' id='word_1_331' title='bbox 1251 4795 1354 4845; x_wconf 82' lang='lat' dir='ltr'>oceidit.</span> 
     </span>
    </p>
   </div>
   <div class='ocr_carea' id='block_1_7' title="bbox 0 0 1682 5580">
    <p class='ocr_par' dir='ltr' id='par_1_7' title="bbox 0 0 1682 5580">
     <span class='ocr_line' id='line_1_34' title="bbox 0 0 1682 5580; baseline 0 0"><span class='ocrx_word' id='word_1_332' title='bbox 0 0 1682 5580; x_wconf 95' lang='lat' dir='ltr'> </span> 
     </span>
    </p>
   </div>
   <div class='ocr_carea' id='block_1_8' title="bbox 1660 677 1668 749">
    <p class='ocr_par' dir='ltr' id='par_1_8' title="bbox 1660 677 1668 749">
     <span class='ocr_line' id='line_1_35' title="bbox 1660 677 1668 749; baseline 0 0"><span class='ocrx_word' id='word_1_333' title='bbox 1660 677 1668 749; x_wconf 84' lang='lat' dir='ltr'>i</span> 
     </span>
    </p>
   </div>
  </div>
 </body>
</html>
