3346 5558
641 451 897 510 FRAGMENTVM
915 454 1064 509 PHOGAE
1083 455 1224 508 GRAMM.

663 641 778 705 semabt
820 662 929 706 nomen

663 745 836 824 prosemabt
879 763 1044 826 pronomen

662 843 764 926 ioqabt
807 847 934 910 uerbum

663 946 818 1028 aroiogab·
847 948 1022 1012 aduerbium

665 1051 855 1114 eommonabt
897 1053 1085 1133 participium

663 1153 820 1232 qeeomabt
862 1155 1032 1216 eoniunetio
1054 1153 1141 1232 (confi
1163 1155 1241 1232 cod.)

662 1255 834 1334 agrfderabt
876 1257 1057 1336 praepositio

373 1377 594 1438 Interieetiours
614 1379 798 1453 nquifieatio
819 1373 1013 1438 medeatur
1034 1375 1095 1451 ln'c,
1119 1379 1174 1438 sed
1192 1377 1279 1438 adest
1300 1381 1332 1438 ia
1355 1379 1455 1438 altera
1476 1379 1590 1438 similis

282 1478 462 1538 insolentiae
484 1483 551 1539 octo
568 1482 704 1555 partium
726 1477 875 1540 orationis
896 1477 1131 1553 enumeratione,
1156 1495 1234 1556 artae
1254 1479 1330 1540 baec
1352 1485 1417 1538 est:

662 1599 729 1642 oma
772 1599 881 1642 nomen

663 1699 785 1764 prooma
829 1701 994 1764 pronomen

662 1783 753 1864 gebat
796 1784 922 1848 uerbum

663 1887 784 1968 gemoth
827 1886 1002 1950 aduerbium

663 1986 766 2068 gutboi
810 1989 998 2070 participium

661 2091 753 2170 githol
797 2094 966 2168 coniunctio

660 2192 749 2273 qimai
795 2195 973 2276 praepositio

659 2281 769 2374 girdtbi
810 2297 988 2360 interiectio.

369 2397 432 2458 Sed
452 2398 527 2458 baec
550 2396 627 2458 uiris
647 2401 869 2474 conparatione
889 2402 1064 2492 liupunrunr
1085 2396 1233 2460 scenitae
1255 2401 1365 2476 peritis
1385 2401 1583 2460 enucleanda

285 2500 500 2576 relinquamus.

370 2687 504 2763 Denique
530 2689 562 2748 iu
590 2689 679 2750 buius
704 2690 818 2751 aeduis
842 2688 996 2762 samieulo
1024 2695 1061 2748 25
1088 2706 1167 2750 saec.
1197 2689 1268 2750 llll
1290 2691 1405 2766 scripte
1427 2688 1582 2763 sotiorum

285 2795 350 2850 oeta
372 2787 408 2868 (f.
434 2785 470 2850 lt
502 2788 629 2850 Mundus
654 2789 744 2870 igitur
772 2809 806 2852 ex
836 2798 962 2869 quatuor
989 2789 1144 2853 elementis
1171 2789 1324 2868 isdemque
1348 2791 1416 2851 totis
1436 2790 1469 2850 in
1490 2808 1583 2869 spere

285 2891 403 2953 modum
426 2889 563 2970 globatus
585 2898 697 2955 terram
719 2894 750 2955 in
773 2892 871 2955 medio
893 2903 924 2955 et
945 2895 975 2954 in
997 2895 1058 2954 imo
1080 2892 1206 2955 defixam
1230 2893 1340 2954 eternis
1363 2891 1419 2952 eeii
1441 2890 1581 2972 raptibus

284 3011 466 3056 concurrens
488 2992 627 3056 circulari
649 2994 775 3074 quadam
799 2997 914 3058 ratione
936 2995 1121 3058 discriminat
1143 3027 1184 3038 -
1213 2994 1233 3055 f.
1256 2991 1296 3055 8¹³
1318 2993 1375 3065 Qui
1397 3011 1447 3054 eas
1468 3011 1579 3072 pereu-

284 3097 365 3158 eiens
386 3103 437 3158 aut
458 3097 488 3157 in
515 3095 671 3158 sublimem
700 3095 775 3158 toltit
802 3105 853 3158 aut
880 3097 909 3160 in
938 3095 1118 3178 profundum
1146 3095 1288 3177 deprimit
1315 3103 1366 3156 aut
1392 3094 1578 3156 fatitudinem

284 3197 435 3260 declinare
450 3205 501 3259 aut
515 3199 713 3277 retrogradari
729 3197 807 3260 facit.
845 3197 1016 3260 EXPLICIT
1039 3197 1150 3260 steen
1172 3194 1419 3276 nstitosoutt)
1442 3199 1496 3258 sub
1512 3199 1577 3258 eal·

284 3317 347 3361 cem
369 3303 535 3362 nonnullae
556 3302 682 3362 additae
703 3310 771 3364 sunl
793 3305 982 3378 quaestiones
1000 3297 1238 3376 praumatuae:

369 3419 410 3482 De
433 3419 582 3482 ‘sinceris’
606 3421 809 3482 controuersia
825 3421 902 3480 inter
924 3421 1202 3499 grammaticos:
1227 3416 1330 3479 dieunt
1347 3419 1424 3478 enirn
1441 3416 1578 3497 plerique

283 3519 344 3581 ‘bie
366 3529 395 3582 et
417 3520 490 3582 baee
512 3521 639 3584 sinceris
661 3530 691 3582 et
712 3520 769 3583 boo
791 3525 920 3584 sineere’
945 3522 1105 3603 penultima
1128 3520 1272 3602 producta
1294 3519 1372 3598 quod
1396 3519 1500 3580 uofunt
1522 3519 1576 3579 ba-

283 3621 354 3684 bere
377 3641 418 3684 ex
441 3630 585 3684 moreto
609 3621 759 3702 Virgilii
782 3623 907 3686 dicentis
930 3625 974 3696 (u.
1000 3627 1070 3701 42):
1248 3707 1250 3710 Ι

485 3723 659 3786 Subsidit
680 3726 829 3787 sincera
852 3725 1181 3804 foraminibusque
1202 3724 1373 3804 liquatur

485 3826 684 3888 Emundala
707 3828 829 3889 Ceres.

283 3927 403 4006 (subseb
425 3923 506 3988 sino]
522 3929 609 3989 nitriis
625 3929 881 4009 foraminibusque
898 3931 1007 3991 linatur
1023 3929 1179 4006 emundata
1195 3925 1266 4008 em).
1303 3929 1360 4002 Qui
1377 3935 1485 3998 umen,
1501 3945 1576 4007 quo-

282 4049 361 4109 niam
385 4021 439 4128 (qm)
463 4045 613 4127 praedicta
637 4046 809 4127 (praedicte)
832 4048 1050 4130 praeponderat
1068 4050 1151 4119 ratio,
1175 4049 1278 4110 dieunt
1300 4047 1409 4109 debere
1432 4046 1490 4107 diei
1513 4045 1576 4106 ‘hic
1668 4027 1669 4037 ἵ

282 4148 407 4210 ethaeo
430 4149 570 4210 sinceris'
595 4145 684 4229 (sior's)
707 4158 738 4210 et
760 4149 829 4211 ‘boe
851 4152 979 4214 sineere’
1007 4151 1169 4232 penultima
1197 4159 1350 4231 correpta:
1380 4150 1488 4211 dieitur
1511 4147 1575 4228 (dit

283 4252 361 4313 enim
384 4251 535 4314 ‘sinceris’
558 4253 642 4332 quasi
665 4253 728 4313 sine
751 4254 832 4314 carie
854 4260 883 4313 et
905 4262 951 4315 est
972 4257 1065 4316 caries
1088 4271 1207 4314 asserus
1230 4253 1260 4332 (f)
1284 4252 1461 4332 putredo.*)

348 4538 375 4603 *l
393 4539 490 4593 Stadia
506 4541 584 4592 dobes
601 4544 628 4593 in
644 4544 731 4594 cadim
751 4541 870 4592 Parisino
882 4545 949 4594 sm
962 4543 1009 4608 (es.
1026 4543 1129 4594 Tirarot.
1148 4545 1166 4593 l.
1183 4543 1202 4592 l.
1219 4559 1247 4608 p.
1261 4540 1305 4606 50)
1322 4542 1406 4606 s··²⁹·'
1426 4537 1574 4606 [Sineerus]
1666 4571 1667 4574 =

281 4608 385 4672 quidam
408 4609 496 4660 dieunt
517 4623 596 4676 posse
619 4611 727 4677 corripi,
751 4611 772 4660 si
791 4621 959 4676 eomponntur
978 4629 993 4662 s
1012 4613 1099 4662 ‘sine’
1117 4621 1142 4661 et
1158 4611 1268 4662 ferris&
1304 4607 1357 4660 Nos
1380 4624 1441 4660 nero
1463 4608 1576 4658 dieinrus

281 4675 351 4740 quod
368 4677 452 4726 medis
470 4678 525 4728 eius
544 4691 674 4741 nunquam
692 4687 778 4744 potest
794 4680 887 4745 corripi
906 4681 961 4730 siue
978 4681 1046 4731 dieat
1062 4679 1202 4729 ‘sincerus’
1215 4677 1255 4728 uel
1272 4679 1413 4741 ‘sinceris',
1430 4675 1491 4739 quin
1509 4691 1576 4725 nun-

281 4758 359 4808 quam
381 4745 509 4795 inuenitur
530 4745 555 4794 in
579 4745 665 4808 aliquo
688 4757 791 4796 auctore
815 4747 864 4797 nisi
886 4747 973 4813 longa.
1009 4747 1138 4798 Orosius
1163 4747 1254 4812 (apd
1270 4749 1300 4810 2,
1319 4745 1380 4810 50:
1407 4743 1575 4794 Sinoernm
1665 4795 1666 4798 ,

281 4821 329 4863 est
347 4812 410 4861 uisi
428 4827 486 4864 nas
504 4814 716 4877 quodeunque
734 4814 880 4866 infundis
898 4817 1027 4869 acessit.
1056 4814 1216 4882 Virgilius
1235 4824 1398 4864 moretum:
1418 4809 1576 4862 Subsedit

282 4881 409 4931 sineere
425 4879 701 4946 foraminibusque
719 4881 874 4945 liquatur,
892 4883 996 4936 Tiar-ot.
1016 4901 1041 4950 p.
1057 4887 1119 4949 iss,
1136 4884 1172 4946 es.
1190 4883 1301 4934 eiusdem
1317 4898 1344 4947 p.
1363 4883 1422 4938 llll,
1440 4880 1483 4930 sbi
1500 4881 1579 4931 Petri

284 4949 375 4999 Heliae
393 4949 425 4999 de
442 4951 529 5001 eadem
545 4965 575 5000 re
593 4951 713 5015 adfertur
728 4953 863 5004 sententia.
