3352 5556
836 1158 980 1237 VII.

377 1335 451 1416 DE
474 1335 717 1419 IVLIANO
740 1337 1040 1422 TOLETANO
1062 1337 1447 1422 GRAMMATICO

263 1469 384 1554 OVM
413 1471 719 1556 EXCERPTIS
751 1475 827 1556 EX
862 1475 987 1558 ulus
1020 1475 1202 1558 OPERE
1234 1475 1559 1560 DEPERDITO

783 1611 848 1693 IN
848 1611 1044 1695 EDITIS.

347 1955 396 2012 Eu
425 1956 540 2015 codicis
568 1954 730 2016 Beruensis
765 1962 822 2013 207
854 1972 922 2032 ors,
955 1973 1033 2032 quoe
1056 1957 1116 2029 sol.
1151 1953 1202 2014 18⁶
1224 1957 1330 2032 incepit
1358 1953 1558 2034 (inctrtvnt‘

266 2053 411 2116 l’All'l’ES
434 2055 599 2116 uniones
624 2054 772 2118 nonnul.
817 2056 918 2118 Partes
946 2059 1086 2118 orationis
1114 2065 1187 2138 quot
1215 2058 1300 2118 sunt?
1326 2055 1377 2120 >t
1399 2057 1482 2118 Octo.
1526 2054 1559 2117 Δ

264 2145 364 2229 Quae?
400 2154 580 2219 KNomeu
597 2175 760 2238 pronomen
776 2167 831 2220 ete.
868 2159 1066 2231 AQuomodo
1081 2159 1355 2241 partesorationis?
1390 2156 1560 2223 XParles

265 2237 459 2360 elocutionds.
503 2277 535 2340 Δ
551 2277 704 2350 Quomodo
726 2279 819 2341 oratio
841 2279 949 2340 dieitur
971 2279 1107 2359 elocutio.
1151 2278 1203 2343 Κ
1225 2278 1304 2340 ldest
1319 2279 1378 2339 oris
1398 2279 1474 2339 ratio
1488 2277 1558 2356 quia

265 2381 405 2459 quicquid
422 2381 572 2459 loquimur
587 2399 641 2460 per
657 2379 710 2441 has
725 2389 791 2441 oete
806 2389 905 2462 partes
920 2383 1061 2444 orationis
1076 2381 1232 2460 loquimur,
1248 2384 1324 2442 etin
1338 2399 1436 2458 morp.
1452 2382 1558 2442 eadem

262 2500 371 2543 manu:
394 2478 407 2564 Η
431 2492 482 2544 aut
497 2500 604 2544 nomen
628 2489 679 2544 aut
700 2501 863 2563 pronomen
887 2491 936 2544 aut
951 2482 1113 2562 quamlibet
1129 2483 1164 2542 de
1181 2484 1246 2543 istis
1262 2483 1324 2544 Vlll
1339 2481 1474 2563 partibus
1488 2480 1558 2557 ele.)

262 2583 405 2646 summurn
420 2585 640 2646 siniiitudinem
654 2590 813 2648 contruxit
826 2605 893 2648 eum
909 2593 976 2647 orte
986 2587 1112 2667 Iuliani,
1128 2589 1214 2648 cedrus
1227 2593 1375 2661 weerpte
1385 2588 1425 2647 H.
1439 2583 1559 2646 Kedius

179 2711 189 2720 ·
263 2688 323 2748 nol.
340 2688 371 2760 V,
382 2705 416 2764 p.
433 2694 488 2746 317
503 2706 563 2763 seq.
588 2705 628 2749 eu
642 2688 770 2749 editione
778 2690 926 2763 Bouiano,
949 2706 1025 2763 quoe
1045 2706 1107 2748 uno
1127 2697 1213 2750 extat
1228 2705 1309 2749 enno
1324 2686 1562 2749 Moouuuurr

257 2807 318 2867 per
333 2791 533 2852 Frnneiscurn
556 2793 745 2852 cardinalem
768 2793 805 2852 de
819 2791 1003 2852 Lorenaann
1024 2797 1135 2852 eurota
1157 2799 1186 2852 et
1200 2793 1334 2852 auctarii
1346 2792 1416 2850 loeo
1429 2789 1558 2848 Petrum

267 2891 478 2976 Toletanorum
501 2892 648 2954 uolumini
668 2894 706 2955 ΙΙ
725 2894 856 2970 adiectu,
878 2895 1029 2970 repetiuit.
1081 2895 1166 2954 Vnde
1184 2896 1230 2968 lit,
1255 2901 1288 2954 ut
1309 2893 1461 2968 corruptis
1482 2905 1556 2949 nou-

263 2992 355 3055 nuilis
376 2996 494 3056 Iuliani
513 2997 588 3056 locis
609 2999 725 3057 medela
747 2995 914 3058 certissime
937 2996 1079 3056 adhiberi
1091 2997 1198 3072 possit.
1245 2996 1285 3055 ld
1304 2996 1403 3055 instar
1425 2995 1556 3054 omnium

263 3099 439 3172 deincep.
465 3104 532 3172 323,
557 3105 591 3156 tl
612 3101 798 3175 praedicuri
812 3105 924 3174 potest,
954 3101 1008 3175 qui
1028 3099 1114 3174 opud
1134 3099 1266 3158 Keilium
1288 3099 1401 3156 lacuna
1423 3093 1556 3165 insectus

263 3204 316 3258 est.
362 3197 441 3258 Nam
463 3201 539 3260 naec
560 3201 652 3261 lobes
673 3203 704 3260 in
725 3202 829 3262 codiee
851 3199 1018 3262 Beruensi:

206 3375 208 3382 .
348 3301 438 3362 Cuius
460 3301 612 3362 diuisionis
634 3303 696 3361 est?
739 3302 865 3383 Aequas.
911 3301 1081 3373 Quomodo?
1117 3303 1200 3362 Arsis
1223 3299 1311 3361 habet
1333 3299 1391 3360 duo
1413 3305 1556 3377 tempora.

264 3401 357 3464 thesis
390 3403 456 3465 duo.
516 3404 598 3464 Vnde
632 3404 721 3465 habet
760 3402 964 3485 etymologiam
1005 3402 1150 3483 (ethim-l?
1205 3401 1409 3482 Arraplalestus
1430 3399 1556 3480 dietus,

181 3551 185 3562 „
265 3505 331 3585 quia
354 3504 432 3566 ludis
455 3514 484 3566 e't
505 3505 714 3567 remissoribus
729 3525 783 3588 pes
804 3499 995 3587 ipse⁸dicatus
1011 3513 1063 3568 est.
1103 3504 1157 3576 Qui
1173 3523 1226 3584 pes
1242 3511 1286 3563 est
1301 3504 1350 3564 isti
1371 3501 1557 3562 contrarius?

266 3605 412 3687 llaotylus.
457 3607 499 3667 Ex
522 3608 630 3686 quibus
652 3607 771 3688 syllabis
793 3609 925 3669 constat?
969 3607 1011 3669 Ex
1034 3606 1121 3686 longa
1136 3613 1166 3667 et
1181 3604 1294 3667 duabus
1310 3602 1454 3666 breuibus
1466 3645 1485 3654 -
1502 3634 1520 3652 ν
1538 3633 1558 3652 ν

265 3717 297 3768 ut
319 3708 451 3770 eandida,
497 3708 574 3780 Quot
605 3719 736 3791 tempora
767 3708 874 3772 habet?
906 3709 968 3771 llll.
1018 3710 1107 3771 Culus
1136 3709 1293 3770 diuisionis
1321 3707 1384 3767 est?
1425 3710 1555 3783 nequae.

266 3809 438 3882 Quomodo?
474 3811 567 3872 Tanta
602 3821 734 3892 tempora
769 3810 859 3873 habet
890 3813 963 3874 arsis
997 3809 1084 3890 (ha),
1120 3819 1228 3889 quanta
1264 3817 1293 3870 et
1325 3808 1423 3868 thesis.
1474 3805 1557 3866 Vnde

267 3912 355 3974 habet
378 3909 599 3991 etymologiam?
644 3913 780 3994 llaotylus
803 3914 897 3976 dietus
920 3920 964 3972 est
986 3921 1074 3992 aputu
1097 3912 1166 3973 dion
1190 3910 1317 3974 dactilon
1341 3918 1397 3972 etc.

350 4015 436 4076 Haec
457 4035 530 4077 uero
551 4019 712 4079 similitudo
733 4021 776 4077 ita
797 4024 968 4093 conparata
989 4022 1044 4088 est,
1070 4021 1101 4075 ut
1123 4017 1172 4075 uel
1191 4019 1223 4076 in
1244 4017 1317 4090 ipsis
1331 4013 1486 4074 umobnlis
1508 4014 1557 4070 uei

267 4121 298 4178 in
321 4115 473 4178 sententiis
492 4116 619 4193 sinentis
647 4121 796 4180 interdum
823 4122 1064 4193 interrumpatur
1107 4125 1196 4192 utque
1237 4119 1280 4176 itu
1307 4117 1557 4190 interrumpatur,

269 4229 300 4280 ut
322 4221 410 4295 quasi
430 4219 507 4280 ditas
534 4228 615 4280 artes
642 4223 779 4282 ntaniius
807 4229 907 4280 tenere
935 4222 1103 4281 sudeamur.
1150 4219 1233 4290 Quae
1260 4219 1340 4278 rotie
1367 4235 1424 4293 quo
1450 4217 1556 4275 meiius

274 4323 469 4398 reticentur,
504 4323 596 4382 Keilii
621 4329 766 4398 excerpto
793 4339 860 4382 eum
887 4321 990 4382 codiee
1017 4321 1168 4382 Beruensi
1192 4320 1397 4397 conferemus,
1430 4319 1554 4390 omissis,

274 4437 321 4494 qu
366 4441 449 4483 mern
469 4423 662 4484 librariorum
685 4421 759 4484 stitia
781 4439 843 4482 esse
864 4425 1087 4486 iudicabuntur.

353 4528 390 4586 F.
408 4533 473 4599 317,
492 4531 643 4601 3-318,
661 4533 679 4584 5
701 4525 805 4586 enitens
822 4523 893 4597 sere
916 4523 1073 4601 retrahique
1094 4527 1262 4586 tradentur:

361 4641 369 4707 ᾗ
402 4625 476 4707 «W»
500 4623 520 4686 5
543 4635 628 4705 putes
650 4628 673 4682 si
697 4627 846 4688 ulsumam
912 4625 1084 4687 ddistidam
1113 4624 1193 4687 illum
1224 4647 1278 4708 per
1306 4621 1425 4688 sillabas
1452 4620 1555 4684 sillaba

407 4762 481 4813 ton„
496 4729 542 4786 rit
564 4725 692 4788 diuidam
716 4725 793 4784 illue
818 4747 869 4802 per
892 4725 1015 4802 litteras,
1040 4726 1141 4790 ultima
1164 4726 1261 4791 littera
1277 4747 1352 4806 quae
1367 4723 1555 4796 remanserit,

287 4896 301 4913 ..
338 4819 685 4932 ·'¹1'tl¹¹·¹¹'¹¹⁰⁰‚¹¹⁰⁴‘¹uit
707 4839 723 4878 a
746 4825 864 4884 nourine
888 4839 917 4886 et
940 4843 997 4890 non
1021 4847 1036 4889 a
1059 4827 1166 4890 littera.
1191 4833 1308 4893 Deinde
1330 4834 1361 4892 in
1375 4829 1443 4892 eud.
1460 4829 1554 4890 ΒΜ.
