<?xml version="1.0" encoding="UTF-8"?>
<!DOCTYPE html PUBLIC "-//W3C//DTD XHTML 1.0 Transitional//EN"
    "http://www.w3.org/TR/xhtml1/DTD/xhtml1-transitional.dtd">
<html xmlns="http://www.w3.org/1999/xhtml" xml:lang="en" lang="en">
 <head>
  <title>
</title>
<meta http-equiv="Content-Type" content="text/html;charset=utf-8" />
  <meta name='ocr-system' content='tesseract 3.04.00' />
  <meta name='ocr-capabilities' content='ocr_page ocr_carea ocr_par ocr_line ocrx_word'/>
</head>
<body>
  <div class='ocr_page' id='page_1' title='image "./anecdotahelveti00hagegoog/anecdotahelveti00hagegoog_0336.png"; bbox 0 0 3346 5558; ppageno 0'>
   <div class='ocr_carea' id='block_1_1' title="bbox 638 401 1393 467">
    <p class='ocr_par' dir='ltr' id='par_1_1' title="bbox 638 401 1393 467">
     <span class='ocr_line' id='line_1_1' title="bbox 638 401 1393 467; baseline 0.015 -11"><span class='ocrx_word' id='word_1_1' title='bbox 638 401 849 459; x_wconf 76' lang='lat' dir='ltr'><strong>annumero.</strong></span> <span class='ocrx_word' id='word_1_2' title='bbox 1351 403 1393 467; x_wconf 81' lang='lat'><strong>65</strong></span> 
     </span>
    </p>
   </div>
   <div class='ocr_carea' id='block_1_2' title="bbox 28 590 1396 4236">
    <p class='ocr_par' dir='ltr' id='par_1_2' title="bbox 75 590 1395 1488">
     <span class='ocr_line' id='line_1_2' title="bbox 175 590 1391 673; baseline -0.002 -18"><span class='ocrx_word' id='word_1_3' title='bbox 175 593 369 673; x_wconf 86' lang='lat' dir='ltr'><strong>Propriorum</strong></span> <span class='ocrx_word' id='word_1_4' title='bbox 399 593 553 654; x_wconf 86' lang='lat' dir='ltr'><strong>nominum</strong></span> <span class='ocrx_word' id='word_1_5' title='bbox 581 602 654 671; x_wconf 88' lang='lat' dir='ltr'><strong>quot</strong></span> <span class='ocrx_word' id='word_1_6' title='bbox 679 601 750 653; x_wconf 92' lang='lat' dir='ltr'><strong>sunt</strong></span> <span class='ocrx_word' id='word_1_7' title='bbox 781 591 915 672; x_wconf 80' lang='lat' dir='ltr'><strong>speciest</strong></span> <span class='ocrx_word' id='word_1_8' title='bbox 961 591 1115 663; x_wconf 81' lang='lat' dir='ltr'>Quattuor.</span> <span class='ocrx_word' id='word_1_9' title='bbox 1160 590 1258 663; x_wconf 82' lang='lat' dir='ltr'><strong>Ouael</strong></span> <span class='ocrx_word' id='word_1_10' title='bbox 1301 593 1391 654; x_wconf 86' lang='lat' dir='ltr'><strong>Prae·</strong></span> 
     </span>
     <span class='ocr_line' id='line_1_3' title="bbox 96 691 1393 775; baseline 0 -21"><span class='ocrx_word' id='word_1_11' title='bbox 96 711 201 756; x_wconf 91' lang='lat' dir='ltr'><strong>nomen</strong></span> <span class='ocrx_word' id='word_1_12' title='bbox 224 713 333 757; x_wconf 92' lang='lat' dir='ltr'><strong>nomen</strong></span> <span class='ocrx_word' id='word_1_13' title='bbox 356 713 523 774; x_wconf 75' lang='lat' dir='ltr'><strong>cognomen</strong></span> <span class='ocrx_word' id='word_1_14' title='bbox 547 712 709 773; x_wconf 82' lang='lat' dir='ltr'><strong>agnomen,</strong></span> <span class='ocrx_word' id='word_1_15' title='bbox 734 702 767 754; x_wconf 94' lang='lat' dir='ltr'><strong>ut</strong></span> <span class='ocrx_word' id='word_1_16' title='bbox 789 692 913 756; x_wconf 78' lang='lat' dir='ltr'><strong>Publius</strong></span> <span class='ocrx_word' id='word_1_17' title='bbox 928 691 1085 756; x_wconf 82' lang='lat' dir='ltr'><strong>Cornelius</strong></span> <span class='ocrx_word' id='word_1_18' title='bbox 1107 693 1206 775; x_wconf 90' lang='lat' dir='ltr'><strong>Scipio</strong></span> <span class='ocrx_word' id='word_1_19' title='bbox 1228 694 1393 755; x_wconf 77' lang='lat' dir='ltr'><strong>Africanus.</strong></span> 
     </span>
     <span class='ocr_line' id='line_1_4' title="bbox 95 795 1392 877; baseline -0.002 -20"><span class='ocrx_word' id='word_1_20' title='bbox 95 797 175 877; x_wconf 89' lang='lat' dir='ltr'><strong>Apud</strong></span> <span class='ocrx_word' id='word_1_21' title='bbox 197 797 329 858; x_wconf 88' lang='lat' dir='ltr'><strong>Graecos</strong></span> <span class='ocrx_word' id='word_1_22' title='bbox 351 803 450 860; x_wconf 89' lang='lat' dir='ltr'><strong>autom</strong></span> <span class='ocrx_word' id='word_1_23' title='bbox 473 798 664 876; x_wconf 93' lang='lat' dir='ltr'><strong>propriorum</strong></span> <span class='ocrx_word' id='word_1_24' title='bbox 688 797 841 857; x_wconf 89' lang='lat' dir='ltr'><strong>nominum</strong></span> <span class='ocrx_word' id='word_1_25' title='bbox 858 795 933 857; x_wconf 91' lang='lat' dir='ltr'><strong>duae</strong></span> <span class='ocrx_word' id='word_1_26' title='bbox 948 802 1018 858; x_wconf 92' lang='lat' dir='ltr'><strong>sunt</strong></span> <span class='ocrx_word' id='word_1_27' title='bbox 1032 796 1164 876; x_wconf 89' lang='lat' dir='ltr'><strong>species,</strong></span> <span class='ocrx_word' id='word_1_28' title='bbox 1187 795 1264 856; x_wconf 91' lang='lat' dir='ltr'><strong>idest</strong></span> <span class='ocrx_word' id='word_1_29' title='bbox 1283 812 1392 874; x_wconf 93' lang='lat' dir='ltr'><strong>cogno·</strong></span> 
     </span>
     <span class='ocr_line' id='line_1_5' title="bbox 96 897 1394 978; baseline -0.002 -19"><span class='ocrx_word' id='word_1_30' title='bbox 96 916 160 960; x_wconf 88' lang='lat' dir='ltr'><strong>men</strong></span> <span class='ocrx_word' id='word_1_31' title='bbox 188 906 219 959; x_wconf 93' lang='lat' dir='ltr'><strong>et</strong></span> <span class='ocrx_word' id='word_1_32' title='bbox 246 916 412 978; x_wconf 79' lang='lat' dir='ltr'><strong>agnomen,</strong></span> <span class='ocrx_word' id='word_1_33' title='bbox 441 899 498 959; x_wconf 92' lang='lat' dir='ltr'><strong>hoo</strong></span> <span class='ocrx_word' id='word_1_34' title='bbox 520 905 564 958; x_wconf 87' lang='lat' dir='ltr'><strong>est</strong></span> <span class='ocrx_word' id='word_1_35' title='bbox 591 915 719 978; x_wconf 88' lang='lat' dir='ltr'><strong>persona</strong></span> <span class='ocrx_word' id='word_1_36' title='bbox 743 905 771 958; x_wconf 91' lang='lat' dir='ltr'><strong>et</strong></span> <span class='ocrx_word' id='word_1_37' title='bbox 793 906 885 959; x_wconf 88' lang='lat' dir='ltr'><strong>actus.</strong></span> <span class='ocrx_word' id='word_1_38' title='bbox 931 897 1117 959; x_wconf 91' lang='lat' dir='ltr'><strong>Praenomen</strong></span> <span class='ocrx_word' id='word_1_39' title='bbox 1148 915 1239 976; x_wconf 88' lang='lat' dir='ltr'><strong>quare</strong></span> <span class='ocrx_word' id='word_1_40' title='bbox 1267 897 1394 960; x_wconf 82' lang='lat' dir='ltr'><strong>dicitur?</strong></span> 
     </span>
     <span class='ocr_line' id='line_1_6' title="bbox 75 997 1394 1080; baseline 0.003 -24"><span class='ocrx_word' id='word_1_41' title='bbox 75 999 136 1060; x_wconf 77' lang='lat' dir='ltr'><strong>silo</strong></span> <span class='ocrx_word' id='word_1_42' title='bbox 157 1000 237 1080; x_wconf 92' lang='lat' dir='ltr'><strong>quod</strong></span> <span class='ocrx_word' id='word_1_43' title='bbox 259 1003 377 1062; x_wconf 91' lang='lat' dir='ltr'><strong>nomini</strong></span> <span class='ocrx_word' id='word_1_44' title='bbox 398 999 606 1080; x_wconf 90' lang='lat' dir='ltr'><strong>praeponitur,</strong></span> <span class='ocrx_word' id='word_1_45' title='bbox 630 1006 662 1059; x_wconf 93' lang='lat' dir='ltr'><strong>ut</strong></span> <span class='ocrx_word' id='word_1_46' title='bbox 676 997 801 1061; x_wconf 85' lang='lat' dir='ltr'>Publius</span> <span class='ocrx_word' id='word_1_47' title='bbox 816 998 981 1061; x_wconf 86' lang='lat' dir='ltr'><strong>Cornelius.</strong></span> <span class='ocrx_word' id='word_1_48' title='bbox 1018 1000 1152 1062; x_wconf 85' lang='lat' dir='ltr'><strong>Primum</strong></span> <span class='ocrx_word' id='word_1_49' title='bbox 1172 1001 1251 1062; x_wconf 91' lang='lat' dir='ltr'><strong>enim</strong></span> <span class='ocrx_word' id='word_1_50' title='bbox 1275 999 1394 1079; x_wconf 88' lang='lat' dir='ltr'><strong>quando</strong></span> 
     </span>
     <span class='ocr_line' id='line_1_7' title="bbox 97 1099 1394 1182; baseline -0.001 -19"><span class='ocrx_word' id='word_1_51' title='bbox 97 1103 156 1181; x_wconf 86' lang='lat' dir='ltr'><strong>quis</strong></span> <span class='ocrx_word' id='word_1_52' title='bbox 176 1103 320 1172; x_wconf 88' lang='lat' dir='ltr'><strong>nascitur,</strong></span> <span class='ocrx_word' id='word_1_53' title='bbox 343 1118 526 1182; x_wconf 80' lang='lat' dir='ltr'><strong>praenomen</strong></span> <span class='ocrx_word' id='word_1_54' title='bbox 548 1100 636 1163; x_wconf 91' lang='lat' dir='ltr'><strong>datur</strong></span> <span class='ocrx_word' id='word_1_55' title='bbox 652 1101 694 1172; x_wconf 89' lang='lat' dir='ltr'><strong>ei,</strong></span> <span class='ocrx_word' id='word_1_56' title='bbox 719 1101 770 1162; x_wconf 88' lang='lat' dir='ltr'><strong>sed</strong></span> <span class='ocrx_word' id='word_1_57' title='bbox 794 1118 955 1181; x_wconf 91' lang='lat' dir='ltr'><strong>numquam</strong></span> <span class='ocrx_word' id='word_1_58' title='bbox 978 1120 1068 1162; x_wconf 88' lang='lat' dir='ltr'><strong>seruo</strong></span> <span class='ocrx_word' id='word_1_59' title='bbox 1090 1109 1141 1162; x_wconf 91' lang='lat' dir='ltr'><strong>aut</strong></span> <span class='ocrx_word' id='word_1_60' title='bbox 1161 1099 1287 1180; x_wconf 88' lang='lat' dir='ltr'><strong>ignobili</strong></span> <span class='ocrx_word' id='word_1_61' title='bbox 1307 1119 1394 1182; x_wconf 88' lang='lat' dir='ltr'><strong>prae·</strong></span> 
     </span>
     <span class='ocr_line' id='line_1_8' title="bbox 95 1201 1395 1283; baseline -0.002 -19"><span class='ocrx_word' id='word_1_62' title='bbox 95 1205 256 1265; x_wconf 89' lang='lat' dir='ltr'><strong>nominatio</strong></span> <span class='ocrx_word' id='word_1_63' title='bbox 283 1202 379 1274; x_wconf 89' lang='lat' dir='ltr'><strong>datur,</strong></span> <span class='ocrx_word' id='word_1_64' title='bbox 408 1203 476 1282; x_wconf 88' lang='lat' dir='ltr'><strong>quia</strong></span> <span class='ocrx_word' id='word_1_65' title='bbox 504 1203 540 1264; x_wconf 90' lang='lat' dir='ltr'><strong>de</strong></span> <span class='ocrx_word' id='word_1_66' title='bbox 559 1221 597 1263; x_wconf 78' lang='lat' dir='ltr'><strong>se</strong></span> <span class='ocrx_word' id='word_1_67' title='bbox 620 1201 716 1282; x_wconf 86' lang='lat' dir='ltr'><strong>aliqua</strong></span> <span class='ocrx_word' id='word_1_68' title='bbox 746 1201 898 1280; x_wconf 87' lang='lat' dir='ltr'><strong>dignitatis</strong></span> <span class='ocrx_word' id='word_1_69' title='bbox 926 1203 1090 1283; x_wconf 89' lang='lat' dir='ltr'><strong>inponitur,</strong></span> <span class='ocrx_word' id='word_1_70' title='bbox 1120 1203 1177 1264; x_wconf 91' lang='lat' dir='ltr'><strong>hoc</strong></span> <span class='ocrx_word' id='word_1_71' title='bbox 1205 1204 1335 1264; x_wconf 91' lang='lat' dir='ltr'><strong>estsine</strong></span> <span class='ocrx_word' id='word_1_72' title='bbox 1358 1202 1395 1265; x_wconf 91' lang='lat' dir='ltr'><strong>de</strong></span> 
     </span>
     <span class='ocr_line' id='line_1_9' title="bbox 97 1303 1394 1384; baseline 0 -18"><span class='ocrx_word' id='word_1_73' title='bbox 97 1304 247 1366; x_wconf 90' lang='lat' dir='ltr'><strong>nobilitate</strong></span> <span class='ocrx_word' id='word_1_74' title='bbox 270 1304 317 1367; x_wconf 91' lang='lat' dir='ltr'><strong>uel</strong></span> <span class='ocrx_word' id='word_1_75' title='bbox 340 1305 378 1366; x_wconf 91' lang='lat' dir='ltr'><strong>de</strong></span> <span class='ocrx_word' id='word_1_76' title='bbox 401 1303 534 1366; x_wconf 90' lang='lat' dir='ltr'><strong>claritate</strong></span> <span class='ocrx_word' id='word_1_77' title='bbox 556 1322 738 1384; x_wconf 85' lang='lat' dir='ltr'><strong>praenomen</strong></span> <span class='ocrx_word' id='word_1_78' title='bbox 761 1305 926 1384; x_wconf 91' lang='lat' dir='ltr'><strong>inponitur.</strong></span> <span class='ocrx_word' id='word_1_79' title='bbox 962 1304 1051 1365; x_wconf 85' lang='lat' dir='ltr'><strong>Verbi</strong></span> <span class='ocrx_word' id='word_1_80' title='bbox 1074 1309 1168 1384; x_wconf 90' lang='lat' dir='ltr'><strong>gratia</strong></span> <span class='ocrx_word' id='word_1_81' title='bbox 1191 1304 1298 1366; x_wconf 89' lang='lat' dir='ltr'><strong>Lucius</strong></span> <span class='ocrx_word' id='word_1_82' title='bbox 1321 1304 1394 1366; x_wconf 90' lang='lat' dir='ltr'><strong>dici·</strong></span> 
     </span>
     <span class='ocr_line' id='line_1_10' title="bbox 97 1403 1394 1488; baseline 0.002 -22"><span class='ocrx_word' id='word_1_83' title='bbox 97 1415 140 1468; x_wconf 86' lang='lat' dir='ltr'><strong>tur</strong></span> <span class='ocrx_word' id='word_1_84' title='bbox 162 1425 198 1468; x_wconf 90' lang='lat' dir='ltr'><strong>eo</strong></span> <span class='ocrx_word' id='word_1_85' title='bbox 222 1407 301 1487; x_wconf 91' lang='lat' dir='ltr'><strong>quod</strong></span> <span class='ocrx_word' id='word_1_86' title='bbox 329 1407 451 1472; x_wconf 88' lang='lat' dir='ltr'><strong>scicntia</strong></span> <span class='ocrx_word' id='word_1_87' title='bbox 480 1406 591 1476; x_wconf 90' lang='lat' dir='ltr'><strong>luceat,</strong></span> <span class='ocrx_word' id='word_1_88' title='bbox 621 1413 651 1465; x_wconf 91' lang='lat' dir='ltr'><strong>et</strong></span> <span class='ocrx_word' id='word_1_89' title='bbox 677 1405 721 1465; x_wconf 91' lang='lat' dir='ltr'><strong>sic</strong></span> <span class='ocrx_word' id='word_1_90' title='bbox 743 1403 872 1467; x_wconf 86' lang='lat' dir='ltr'><strong>Publius</strong></span> <span class='ocrx_word' id='word_1_91' title='bbox 892 1405 1008 1476; x_wconf 89' lang='lat' dir='ltr'><strong>dicitur,</strong></span> <span class='ocrx_word' id='word_1_92' title='bbox 1038 1424 1074 1466; x_wconf 92' lang='lat' dir='ltr'><strong>eo</strong></span> <span class='ocrx_word' id='word_1_93' title='bbox 1102 1408 1181 1486; x_wconf 85' lang='lat' dir='ltr'><strong>quod</strong></span> <span class='ocrx_word' id='word_1_94' title='bbox 1211 1405 1394 1488; x_wconf 86' lang='lat' dir='ltr'><strong>reipublicae</strong></span> 
     </span>
    </p>

    <p class='ocr_par' dir='ltr' id='par_1_3' title="bbox 68 1507 1396 4032">
     <span class='ocr_line' id='line_1_11' title="bbox 68 1507 1394 1589; baseline 0.002 -25"><span class='ocrx_word' id='word_1_95' title='bbox 68 1508 197 1588; x_wconf 81' lang='lat' dir='ltr'><strong>redigam</strong></span> <span class='ocrx_word' id='word_1_96' title='bbox 220 1511 270 1570; x_wconf 82' lang='lat' dir='ltr'><strong>sit</strong></span> <span class='ocrx_word' id='word_1_97' title='bbox 314 1509 500 1571; x_wconf 86' lang='lat' dir='ltr'><strong>Praenomen</strong></span> <span class='ocrx_word' id='word_1_98' title='bbox 524 1523 596 1586; x_wconf 89' lang='lat' dir='ltr'><strong>ergo</strong></span> <span class='ocrx_word' id='word_1_99' title='bbox 619 1507 738 1587; x_wconf 89' lang='lat' dir='ltr'><strong>optione</strong></span> <span class='ocrx_word' id='word_1_100' title='bbox 761 1515 918 1587; x_wconf 91' lang='lat' dir='ltr'><strong>parentum</strong></span> <span class='ocrx_word' id='word_1_101' title='bbox 941 1508 1103 1589; x_wconf 81' lang='lat' dir='ltr'><strong>inponitur,</strong></span> <span class='ocrx_word' id='word_1_102' title='bbox 1127 1510 1177 1589; x_wconf 93' lang='lat' dir='ltr'><strong>qui</strong></span> <span class='ocrx_word' id='word_1_103' title='bbox 1200 1515 1303 1588; x_wconf 92' lang='lat' dir='ltr'><strong>optant</strong></span> <span class='ocrx_word' id='word_1_104' title='bbox 1325 1507 1394 1568; x_wconf 84' lang='lat' dir='ltr'><strong>filiis</strong></span> 
     </span>
     <span class='ocr_line' id='line_1_12' title="bbox 96 1607 1395 1690; baseline 0.002 -20"><span class='ocrx_word' id='word_1_105' title='bbox 96 1611 160 1682; x_wconf 90' lang='lat' dir='ltr'><strong>suis,</strong></span> <span class='ocrx_word' id='word_1_106' title='bbox 183 1619 217 1672; x_wconf 93' lang='lat' dir='ltr'><strong>ut</strong></span> <span class='ocrx_word' id='word_1_107' title='bbox 240 1611 389 1690; x_wconf 89' lang='lat' dir='ltr'><strong>sapientes</strong></span> <span class='ocrx_word' id='word_1_108' title='bbox 411 1616 441 1670; x_wconf 89' lang='lat' dir='ltr'><strong>et</strong></span> <span class='ocrx_word' id='word_1_109' title='bbox 462 1609 534 1669; x_wconf 92' lang='lat' dir='ltr'><strong>clari</strong></span> <span class='ocrx_word' id='word_1_110' title='bbox 557 1615 587 1669; x_wconf 94' lang='lat' dir='ltr'><strong>et</strong></span> <span class='ocrx_word' id='word_1_111' title='bbox 607 1607 789 1688; x_wconf 90' lang='lat' dir='ltr'><strong>reipublicae</strong></span> <span class='ocrx_word' id='word_1_112' title='bbox 813 1608 895 1687; x_wconf 88' lang='lat' dir='ltr'><strong>digni</strong></span> <span class='ocrx_word' id='word_1_113' title='bbox 916 1610 1118 1672; x_wconf 90' lang='lat' dir='ltr'><strong>inueniantur.</strong></span> <span class='ocrx_word' id='word_1_114' title='bbox 1150 1609 1202 1671; x_wconf 91' lang='lat' dir='ltr'><strong>Vel</strong></span> <span class='ocrx_word' id='word_1_115' title='bbox 1218 1610 1285 1672; x_wconf 90' lang='lat' dir='ltr'><strong>ideo</strong></span> <span class='ocrx_word' id='word_1_116' title='bbox 1308 1629 1395 1690; x_wconf 89' lang='lat' dir='ltr'><strong>prae·</strong></span> 
     </span>
     <span class='ocr_line' id='line_1_13' title="bbox 98 1707 1393 1792; baseline 0.001 -21"><span class='ocrx_word' id='word_1_117' title='bbox 98 1728 199 1773; x_wconf 89' lang='lat' dir='ltr'><strong>nomen</strong></span> <span class='ocrx_word' id='word_1_118' title='bbox 222 1711 341 1781; x_wconf 93' lang='lat' dir='ltr'><strong>dicitur,</strong></span> <span class='ocrx_word' id='word_1_119' title='bbox 365 1709 503 1790; x_wconf 91' lang='lat' dir='ltr'><strong>eoquod</strong></span> <span class='ocrx_word' id='word_1_120' title='bbox 527 1707 651 1790; x_wconf 90' lang='lat' dir='ltr'><strong>singulis</strong></span> <span class='ocrx_word' id='word_1_121' title='bbox 673 1709 780 1771; x_wconf 87' lang='lat' dir='ltr'><strong>litteris</strong></span> <span class='ocrx_word' id='word_1_122' title='bbox 801 1717 1010 1790; x_wconf 83' lang='lat' dir='ltr'><strong>praenotatur:</strong></span> <span class='ocrx_word' id='word_1_123' title='bbox 1049 1710 1209 1792; x_wconf 91' lang='lat' dir='ltr'><strong>aliquando</strong></span> <span class='ocrx_word' id='word_1_124' title='bbox 1225 1714 1310 1788; x_wconf 48' lang='lat' dir='ltr'><strong>‚enim</strong></span> <span class='ocrx_word' id='word_1_125' title='bbox 1334 1730 1393 1773; x_wconf 87' lang='lat' dir='ltr'><strong>una</strong></span> 
     </span>
     <span class='ocr_line' id='line_1_14' title="bbox 96 1809 1393 1894; baseline 0.003 -22"><span class='ocrx_word' id='word_1_126' title='bbox 96 1812 203 1884; x_wconf 89' lang='lat' dir='ltr'><strong>littera,</strong></span> <span class='ocrx_word' id='word_1_127' title='bbox 227 1811 387 1893; x_wconf 85' lang='lat' dir='ltr'><strong>aliquando</strong></span> <span class='ocrx_word' id='word_1_128' title='bbox 409 1812 495 1883; x_wconf 90' lang='lat' dir='ltr'><strong>hina,</strong></span> <span class='ocrx_word' id='word_1_129' title='bbox 526 1810 685 1892; x_wconf 87' lang='lat' dir='ltr'><strong>aliquando</strong></span> <span class='ocrx_word' id='word_1_130' title='bbox 708 1821 807 1881; x_wconf 89' lang='lat' dir='ltr'><strong>terna,</strong></span> <span class='ocrx_word' id='word_1_131' title='bbox 837 1809 996 1890; x_wconf 88' lang='lat' dir='ltr'><strong>aliquando</strong></span> <span class='ocrx_word' id='word_1_132' title='bbox 1022 1820 1166 1892; x_wconf 89' lang='lat' dir='ltr'><strong>quaterna</strong></span> <span class='ocrx_word' id='word_1_133' title='bbox 1189 1814 1286 1876; x_wconf 89' lang='lat' dir='ltr'><strong>littera</strong></span> <span class='ocrx_word' id='word_1_134' title='bbox 1307 1833 1393 1894; x_wconf 91' lang='lat' dir='ltr'><strong>prae·</strong></span> 
     </span>
     <span class='ocr_line' id='line_1_15' title="bbox 97 1908 1396 1994; baseline 0.002 -20"><span class='ocrx_word' id='word_1_135' title='bbox 97 1923 219 1978; x_wconf 89' lang='lat' dir='ltr'><strong>notatur.</strong></span> <span class='ocrx_word' id='word_1_136' title='bbox 265 1914 342 1976; x_wconf 87' lang='lat' dir='ltr'><strong>Hinc</strong></span> <span class='ocrx_word' id='word_1_137' title='bbox 370 1908 535 1976; x_wconf 79' lang='lat' dir='ltr'><strong>Donatus</strong></span> <span class='ocrx_word' id='word_1_138' title='bbox 568 1914 654 1976; x_wconf 85' lang='lat' dir='ltr'><strong>dicit:</strong></span> <span class='ocrx_word' id='word_1_139' title='bbox 689 1912 820 1975; x_wconf 88' lang='lat' dir='ltr'><strong>Omnia</strong></span> <span class='ocrx_word' id='word_1_140' title='bbox 852 1915 1097 1994; x_wconf 90' lang='lat' dir='ltr'><strong>praenomina</strong></span> <span class='ocrx_word' id='word_1_141' title='bbox 1133 1923 1196 1977; x_wconf 94' lang='lat' dir='ltr'><strong>aut</strong></span> <span class='ocrx_word' id='word_1_142' title='bbox 1231 1915 1396 1994; x_wconf 89' lang='lat' dir='ltr'><strong>singulis</strong></span> 
     </span>
     <span class='ocr_line' id='line_1_16' title="bbox 69 2013 1392 2096; baseline 0.007 -26"><span class='ocrx_word' id='word_1_143' title='bbox 69 2013 239 2078; x_wconf 74' lang='lat' dir='ltr'><strong>relitteris</strong></span> <span class='ocrx_word' id='word_1_144' title='bbox 266 2020 557 2096; x_wconf 86' lang='lat' dir='ltr'><strong>praenotantur,</strong></span> <span class='ocrx_word' id='word_1_145' title='bbox 585 2022 624 2077; x_wconf 95' lang='lat' dir='ltr'><strong>ut</strong></span> <span class='ocrx_word' id='word_1_146' title='bbox 646 2013 670 2076; x_wconf 89' lang='lat' dir='ltr'><strong>G</strong></span> <span class='ocrx_word' id='word_1_147' title='bbox 694 2015 809 2077; x_wconf 87' lang='lat' dir='ltr'><strong>Gaius</strong></span> <span class='ocrx_word' id='word_1_148' title='bbox 831 2014 983 2086; x_wconf 86' lang='lat' dir='ltr'><strong>Caesar,</strong></span> <span class='ocrx_word' id='word_1_149' title='bbox 1012 2017 1035 2078; x_wconf 91' lang='lat' dir='ltr'>L</span> <span class='ocrx_word' id='word_1_150' title='bbox 1058 2015 1195 2078; x_wconf 88' lang='lat' dir='ltr'><strong>Luc&#39;ius</strong></span> <span class='ocrx_word' id='word_1_151' title='bbox 1217 2015 1392 2087; x_wconf 86' lang='lat' dir='ltr'><strong>Catilina,</strong></span> 
     </span>
     <span class='ocr_line' id='line_1_17' title="bbox 97 2114 1392 2196; baseline 0.002 -18"><span class='ocrx_word' id='word_1_152' title='bbox 97 2116 291 2179; x_wconf 88' lang='lat' dir='ltr'><strong>PPublius</strong></span> <span class='ocrx_word' id='word_1_153' title='bbox 319 2115 538 2187; x_wconf 87' lang='lat' dir='ltr'><strong>Cornelius;</strong></span> <span class='ocrx_word' id='word_1_154' title='bbox 567 2125 629 2178; x_wconf 93' lang='lat' dir='ltr'><strong>aut</strong></span> <span class='ocrx_word' id='word_1_155' title='bbox 657 2114 759 2178; x_wconf 89' lang='lat' dir='ltr'><strong>binis</strong></span> <span class='ocrx_word' id='word_1_156' title='bbox 785 2114 935 2177; x_wconf 91' lang='lat' dir='ltr'><strong>litteris</strong></span> <span class='ocrx_word' id='word_1_157' title='bbox 963 2124 1252 2196; x_wconf 89' lang='lat' dir='ltr'><strong>praenotantur,</strong></span> <span class='ocrx_word' id='word_1_158' title='bbox 1282 2128 1320 2180; x_wconf 93' lang='lat' dir='ltr'><strong>ut</strong></span> <span class='ocrx_word' id='word_1_159' title='bbox 1342 2121 1392 2181; x_wconf 84' lang='lat' dir='ltr'><strong>Gn</strong></span> 
     </span>
     <span class='ocr_line' id='line_1_18' title="bbox 99 2218 1392 2300; baseline 0.001 -21"><span class='ocrx_word' id='word_1_160' title='bbox 99 2219 242 2281; x_wconf 83' lang='lat' dir='ltr'><strong>Gnaeus</strong></span> <span class='ocrx_word' id='word_1_161' title='bbox 262 2218 478 2299; x_wconf 87' lang='lat' dir='ltr'><strong>Pompeius,</strong></span> <span class='ocrx_word' id='word_1_162' title='bbox 501 2225 564 2280; x_wconf 89' lang='lat' dir='ltr'><strong>aut</strong></span> <span class='ocrx_word' id='word_1_163' title='bbox 585 2221 704 2280; x_wconf 91' lang='lat' dir='ltr'><strong>ternis</strong></span> <span class='ocrx_word' id='word_1_164' title='bbox 726 2218 872 2279; x_wconf 89' lang='lat' dir='ltr'><strong>litteris</strong></span> <span class='ocrx_word' id='word_1_165' title='bbox 893 2226 1181 2298; x_wconf 87' lang='lat' dir='ltr'><strong>praenotantur,</strong></span> <span class='ocrx_word' id='word_1_166' title='bbox 1211 2229 1249 2281; x_wconf 93' lang='lat' dir='ltr'><strong>ut</strong></span> <span class='ocrx_word' id='word_1_167' title='bbox 1271 2219 1392 2300; x_wconf 91' lang='lat' dir='ltr'><strong>Semp,</strong></span> 
     </span>
     <span class='ocr_line' id='line_1_19' title="bbox 97 2318 1393 2401; baseline 0.001 -20"><span class='ocrx_word' id='word_1_168' title='bbox 97 2320 159 2381; x_wconf 90' lang='lat' dir='ltr'><strong>hoc</strong></span> <span class='ocrx_word' id='word_1_169' title='bbox 179 2329 235 2384; x_wconf 87' lang='lat' dir='ltr'><strong>est</strong></span> <span class='ocrx_word' id='word_1_170' title='bbox 255 2321 502 2401; x_wconf 88' lang='lat' dir='ltr'><strong>Sempronius</strong></span> <span class='ocrx_word' id='word_1_171' title='bbox 522 2319 692 2381; x_wconf 82' lang='lat' dir='ltr'><strong>Roscius.</strong></span> <span class='ocrx_word' id='word_1_172' title='bbox 730 2318 789 2382; x_wconf 91' lang='lat' dir='ltr'><strong>Sed</strong></span> <span class='ocrx_word' id='word_1_173' title='bbox 805 2319 881 2380; x_wconf 90' lang='lat' dir='ltr'><strong>hauc</strong></span> <span class='ocrx_word' id='word_1_174' title='bbox 902 2321 1077 2383; x_wconf 89' lang='lat' dir='ltr'><strong>uarietatem</strong></span> <span class='ocrx_word' id='word_1_175' title='bbox 1094 2323 1211 2384; x_wconf 89' lang='lat' dir='ltr'><strong>numeri</strong></span> <span class='ocrx_word' id='word_1_176' title='bbox 1226 2320 1393 2382; x_wconf 88' lang='lat' dir='ltr'><strong>litterarum</strong></span> 
     </span>
     <span class='ocr_line' id='line_1_20' title="bbox 98 2421 1393 2503; baseline 0.001 -20"><span class='ocrx_word' id='word_1_177' title='bbox 98 2421 209 2486; x_wconf 75' lang='lat' dir='ltr'><strong>claritas</strong></span> <span class='ocrx_word' id='word_1_178' title='bbox 238 2424 326 2485; x_wconf 92' lang='lat' dir='ltr'><strong>unius</strong></span> <span class='ocrx_word' id='word_1_179' title='bbox 355 2423 499 2503; x_wconf 86' lang='lat' dir='ltr'><strong>cuiusque</strong></span> <span class='ocrx_word' id='word_1_180' title='bbox 525 2430 667 2500; x_wconf 85' lang='lat' dir='ltr'><strong>praestat.</strong></span> <span class='ocrx_word' id='word_1_181' title='bbox 713 2421 768 2494; x_wconf 86' lang='lat' dir='ltr'><strong>Qui</strong></span> <span class='ocrx_word' id='word_1_182' title='bbox 791 2423 870 2481; x_wconf 90' lang='lat' dir='ltr'><strong>enim</strong></span> <span class='ocrx_word' id='word_1_183' title='bbox 893 2422 1016 2484; x_wconf 89' lang='lat' dir='ltr'><strong>minime</strong></span> <span class='ocrx_word' id='word_1_184' title='bbox 1038 2423 1129 2484; x_wconf 91' lang='lat' dir='ltr'><strong>luerit</strong></span> <span class='ocrx_word' id='word_1_185' title='bbox 1152 2422 1263 2495; x_wconf 89' lang='lat' dir='ltr'><strong>clarus,</strong></span> <span class='ocrx_word' id='word_1_186' title='bbox 1293 2422 1393 2485; x_wconf 89' lang='lat' dir='ltr'><strong>multis</strong></span> 
     </span>
     <span class='ocr_line' id='line_1_21' title="bbox 69 2522 1394 2605; baseline 0.003 -25"><span class='ocrx_word' id='word_1_187' title='bbox 69 2542 89 2580; x_wconf 81' lang='lat' dir='ltr'><strong>eo</strong></span> <span class='ocrx_word' id='word_1_188' title='bbox 99 2525 297 2604; x_wconf 90' lang='lat' dir='ltr'><strong>praenotando</strong></span> <span class='ocrx_word' id='word_1_189' title='bbox 309 2522 422 2604; x_wconf 87' lang='lat' dir='ltr'><strong>indiget</strong></span> <span class='ocrx_word' id='word_1_190' title='bbox 441 2523 562 2595; x_wconf 91' lang='lat' dir='ltr'><strong>litteris,</strong></span> <span class='ocrx_word' id='word_1_191' title='bbox 587 2525 638 2603; x_wconf 89' lang='lat' dir='ltr'><strong>qui</strong></span> <span class='ocrx_word' id='word_1_192' title='bbox 652 2541 725 2586; x_wconf 92' lang='lat' dir='ltr'><strong>uero</strong></span> <span class='ocrx_word' id='word_1_193' title='bbox 738 2523 853 2584; x_wconf 90' lang='lat' dir='ltr'><strong>cunctis</strong></span> <span class='ocrx_word' id='word_1_194' title='bbox 864 2530 954 2584; x_wconf 90' lang='lat' dir='ltr'><strong>notus</strong></span> <span class='ocrx_word' id='word_1_195' title='bbox 972 2532 1002 2584; x_wconf 92' lang='lat' dir='ltr'><strong>et</strong></span> <span class='ocrx_word' id='word_1_196' title='bbox 1020 2523 1118 2586; x_wconf 87' lang='lat' dir='ltr'><strong>clarus</strong></span> <span class='ocrx_word' id='word_1_197' title='bbox 1137 2523 1273 2596; x_wconf 87' lang='lat' dir='ltr'><strong>hahetur,</strong></span> <span class='ocrx_word' id='word_1_198' title='bbox 1290 2525 1394 2605; x_wconf 86' lang='lat' dir='ltr'><strong>paucis</strong></span> 
     </span>
     <span class='ocr_line' id='line_1_22' title="bbox 100 2623 1392 2709; baseline 0.002 -25"><span class='ocrx_word' id='word_1_199' title='bbox 100 2623 199 2688; x_wconf 91' lang='lat' dir='ltr'><strong>litteris</strong></span> <span class='ocrx_word' id='word_1_200' title='bbox 221 2635 427 2709; x_wconf 89' lang='lat' dir='ltr'><strong>praenotatur.</strong></span> <span class='ocrx_word' id='word_1_201' title='bbox 472 2624 587 2687; x_wconf 87' lang='lat' dir='ltr'><strong>Nomen</strong></span> <span class='ocrx_word' id='word_1_202' title='bbox 610 2624 680 2705; x_wconf 91' lang='lat' dir='ltr'><strong>quid</strong></span> <span class='ocrx_word' id='word_1_203' title='bbox 704 2626 768 2687; x_wconf 75' lang='lat' dir='ltr'><strong>est?</strong></span> <span class='ocrx_word' id='word_1_204' title='bbox 803 2625 887 2698; x_wconf 87' lang='lat' dir='ltr'><strong>Quod</strong></span> <span class='ocrx_word' id='word_1_205' title='bbox 910 2625 1022 2688; x_wconf 91' lang='lat' dir='ltr'><strong>indicat</strong></span> <span class='ocrx_word' id='word_1_206' title='bbox 1038 2644 1147 2705; x_wconf 91' lang='lat' dir='ltr'><strong>genus,</strong></span> <span class='ocrx_word' id='word_1_207' title='bbox 1171 2636 1204 2688; x_wconf 92' lang='lat' dir='ltr'><strong>ut</strong></span> <span class='ocrx_word' id='word_1_208' title='bbox 1226 2627 1392 2690; x_wconf 86' lang='lat' dir='ltr'><strong>Cornelius.</strong></span> 
     </span>
     <span class='ocr_line' id='line_1_23' title="bbox 100 2725 1391 2808; baseline 0.001 -19"><span class='ocrx_word' id='word_1_209' title='bbox 100 2727 221 2790; x_wconf 72' lang='lat' dir='ltr'><strong>tomelli</strong></span> <span class='ocrx_word' id='word_1_210' title='bbox 246 2731 327 2792; x_wconf 87' lang='lat' dir='ltr'><strong>enim</strong></span> <span class='ocrx_word' id='word_1_211' title='bbox 350 2745 455 2788; x_wconf 91' lang='lat' dir='ltr'><strong>omnes</strong></span> <span class='ocrx_word' id='word_1_212' title='bbox 475 2727 508 2788; x_wconf 93' lang='lat' dir='ltr'><strong>in</strong></span> <span class='ocrx_word' id='word_1_213' title='bbox 531 2744 566 2788; x_wconf 91' lang='lat' dir='ltr'><strong>eo</strong></span> <span class='ocrx_word' id='word_1_214' title='bbox 588 2745 699 2807; x_wconf 89' lang='lat' dir='ltr'><strong>genere</strong></span> <span class='ocrx_word' id='word_1_215' title='bbox 721 2725 917 2808; x_wconf 87' lang='lat' dir='ltr'><strong>appellantur,</strong></span> <span class='ocrx_word' id='word_1_216' title='bbox 940 2735 974 2808; x_wconf 82' lang='lat' dir='ltr'><strong>ut</strong></span> <span class='ocrx_word' id='word_1_217' title='bbox 996 2727 1104 2791; x_wconf 88' lang='lat' dir='ltr'><strong>dicitur</strong></span> <span class='ocrx_word' id='word_1_218' title='bbox 1118 2727 1257 2792; x_wconf 84' lang='lat' dir='ltr'><strong>Cornelia</strong></span> <span class='ocrx_word' id='word_1_219' title='bbox 1271 2729 1391 2792; x_wconf 91' lang='lat' dir='ltr'><strong>iamilia.</strong></span> 
     </span>
     <span class='ocr_line' id='line_1_24' title="bbox 100 2828 1393 2913; baseline 0 -21"><span class='ocrx_word' id='word_1_220' title='bbox 100 2829 248 2893; x_wconf 82' lang='lat' dir='ltr'><strong>Cornelius</strong></span> <span class='ocrx_word' id='word_1_221' title='bbox 281 2831 361 2892; x_wconf 92' lang='lat' dir='ltr'><strong>enim</strong></span> <span class='ocrx_word' id='word_1_222' title='bbox 394 2828 507 2910; x_wconf 86' lang='lat' dir='ltr'><strong>primus</strong></span> <span class='ocrx_word' id='word_1_223' title='bbox 540 2829 587 2891; x_wconf 87' lang='lat' dir='ltr'><strong>uir</strong></span> <span class='ocrx_word' id='word_1_224' title='bbox 613 2830 685 2900; x_wconf 91' lang='lat' dir='ltr'><strong>init,</strong></span> <span class='ocrx_word' id='word_1_225' title='bbox 719 2837 749 2890; x_wconf 91' lang='lat' dir='ltr'><strong>ot</strong></span> <span class='ocrx_word' id='word_1_226' title='bbox 776 2848 854 2891; x_wconf 93' lang='lat' dir='ltr'><strong>unus</strong></span> <span class='ocrx_word' id='word_1_227' title='bbox 881 2831 1007 2911; x_wconf 89' lang='lat' dir='ltr'><strong>quisque</strong></span> <span class='ocrx_word' id='word_1_228' title='bbox 1035 2831 1072 2894; x_wconf 88' lang='lat' dir='ltr'><strong>de</strong></span> <span class='ocrx_word' id='word_1_229' title='bbox 1100 2849 1210 2910; x_wconf 89' lang='lat' dir='ltr'><strong>genere</strong></span> <span class='ocrx_word' id='word_1_230' title='bbox 1236 2832 1314 2903; x_wconf 90' lang='lat' dir='ltr'><strong>eius,</strong></span> <span class='ocrx_word' id='word_1_231' title='bbox 1343 2834 1393 2913; x_wconf 91' lang='lat' dir='ltr'><strong>qui</strong></span> 
     </span>
     <span class='ocr_line' id='line_1_25' title="bbox 100 2929 1391 2996; baseline 0.002 -4"><span class='ocrx_word' id='word_1_232' title='bbox 100 2929 246 2995; x_wconf 84' lang='lat' dir='ltr'><strong>habuisset</strong></span> <span class='ocrx_word' id='word_1_233' title='bbox 273 2930 500 2994; x_wconf 88' lang='lat' dir='ltr'><strong>similitudinem</strong></span> <span class='ocrx_word' id='word_1_234' title='bbox 528 2929 609 2994; x_wconf 90' lang='lat' dir='ltr'><strong>illius</strong></span> <span class='ocrx_word' id='word_1_235' title='bbox 636 2933 668 2993; x_wconf 94' lang='lat' dir='ltr'><strong>in</strong></span> <span class='ocrx_word' id='word_1_236' title='bbox 697 2931 773 2994; x_wconf 87' lang='lat' dir='ltr'><strong>lacie</strong></span> <span class='ocrx_word' id='word_1_237' title='bbox 802 2939 852 2992; x_wconf 92' lang='lat' dir='ltr'><strong>aut</strong></span> <span class='ocrx_word' id='word_1_238' title='bbox 879 2932 910 2992; x_wconf 91' lang='lat' dir='ltr'><strong>in</strong></span> <span class='ocrx_word' id='word_1_239' title='bbox 933 2930 1077 2994; x_wconf 89' lang='lat' dir='ltr'><strong>membris</strong></span> <span class='ocrx_word' id='word_1_240' title='bbox 1098 2929 1164 2996; x_wconf 87' lang='lat' dir='ltr'><strong>aliis</strong></span> <span class='ocrx_word' id='word_1_241' title='bbox 1186 2934 1250 2994; x_wconf 91' lang='lat' dir='ltr'><strong>siue</strong></span> <span class='ocrx_word' id='word_1_242' title='bbox 1271 2935 1301 2994; x_wconf 92' lang='lat' dir='ltr'><strong>in</strong></span> <span class='ocrx_word' id='word_1_243' title='bbox 1325 2951 1391 2994; x_wconf 92' lang='lat' dir='ltr'><strong>cor·</strong></span> 
     </span>
     <span class='ocr_line' id='line_1_26' title="bbox 71 3031 1391 3115; baseline 0.005 -25"><span class='ocrx_word' id='word_1_244' title='bbox 71 3051 180 3112; x_wconf 74' lang='lat' dir='ltr'><strong>sporo,</strong></span> <span class='ocrx_word' id='word_1_245' title='bbox 209 3032 367 3098; x_wconf 86' lang='lat' dir='ltr'><strong>Cornelius</strong></span> <span class='ocrx_word' id='word_1_246' title='bbox 394 3031 558 3096; x_wconf 86' lang='lat' dir='ltr'><strong>dicebatur.</strong></span> <span class='ocrx_word' id='word_1_247' title='bbox 603 3034 773 3111; x_wconf 88' lang='lat' dir='ltr'><strong>Cognomen</strong></span> <span class='ocrx_word' id='word_1_248' title='bbox 802 3053 895 3115; x_wconf 88' lang='lat' dir='ltr'><strong>quare</strong></span> <span class='ocrx_word' id='word_1_249' title='bbox 923 3033 1049 3096; x_wconf 80' lang='lat' dir='ltr'><strong>dicitur?</strong></span> <span class='ocrx_word' id='word_1_250' title='bbox 1093 3035 1158 3108; x_wconf 86' lang='lat' dir='ltr'><strong>Quo</strong></span> <span class='ocrx_word' id='word_1_251' title='bbox 1187 3037 1254 3114; x_wconf 85' lang='lat' dir='ltr'><strong>quis</strong></span> <span class='ocrx_word' id='word_1_252' title='bbox 1282 3053 1391 3115; x_wconf 91' lang='lat' dir='ltr'><strong>cogno·</strong></span> 
     </span>
     <span class='ocr_line' id='line_1_27' title="bbox 100 3135 1392 3218; baseline 0.002 -22"><span class='ocrx_word' id='word_1_253' title='bbox 100 3137 184 3199; x_wconf 82' lang='lat' dir='ltr'><strong>scitur</strong></span> <span class='ocrx_word' id='word_1_254' title='bbox 206 3145 237 3198; x_wconf 90' lang='lat' dir='ltr'><strong>et</strong></span> <span class='ocrx_word' id='word_1_255' title='bbox 258 3135 434 3218; x_wconf 89' lang='lat' dir='ltr'><strong>appellatur.</strong></span> <span class='ocrx_word' id='word_1_256' title='bbox 479 3136 533 3198; x_wconf 88' lang='lat' dir='ltr'><strong>Est</strong></span> <span class='ocrx_word' id='word_1_257' title='bbox 560 3137 639 3197; x_wconf 88' lang='lat' dir='ltr'><strong>enim</strong></span> <span class='ocrx_word' id='word_1_258' title='bbox 667 3135 822 3216; x_wconf 90' lang='lat' dir='ltr'><strong>proprium</strong></span> <span class='ocrx_word' id='word_1_259' title='bbox 846 3153 955 3197; x_wconf 90' lang='lat' dir='ltr'><strong>nomen</strong></span> <span class='ocrx_word' id='word_1_260' title='bbox 978 3138 1230 3216; x_wconf 87' lang='lat' dir='ltr'><strong>uniuscuiusque</strong></span> <span class='ocrx_word' id='word_1_261' title='bbox 1253 3137 1392 3208; x_wconf 90' lang='lat' dir='ltr'><strong>bominis,</strong></span> 
     </span>
     <span class='ocr_line' id='line_1_28' title="bbox 100 3234 1393 3320; baseline 0.002 -23"><span class='ocrx_word' id='word_1_262' title='bbox 100 3247 128 3298; x_wconf 92' lang='lat' dir='ltr'><strong>ut</strong></span> <span class='ocrx_word' id='word_1_263' title='bbox 154 3234 264 3320; x_wconf 83' lang='lat' dir='ltr'><strong>Scipio.</strong></span> <span class='ocrx_word' id='word_1_264' title='bbox 316 3241 470 3317; x_wconf 88' lang='lat' dir='ltr'><strong>Agnomen</strong></span> <span class='ocrx_word' id='word_1_265' title='bbox 505 3253 598 3316; x_wconf 84' lang='lat' dir='ltr'><strong>quare</strong></span> <span class='ocrx_word' id='word_1_266' title='bbox 631 3236 756 3298; x_wconf 84' lang='lat' dir='ltr'><strong>diciturl</strong></span> <span class='ocrx_word' id='word_1_267' title='bbox 805 3237 868 3298; x_wconf 89' lang='lat' dir='ltr'><strong>lloe</strong></span> <span class='ocrx_word' id='word_1_268' title='bbox 901 3243 946 3300; x_wconf 89' lang='lat' dir='ltr'><strong>est</strong></span> <span class='ocrx_word' id='word_1_269' title='bbox 973 3237 1011 3301; x_wconf 88' lang='lat' dir='ltr'><strong>ab</strong></span> <span class='ocrx_word' id='word_1_270' title='bbox 1040 3248 1107 3302; x_wconf 92' lang='lat' dir='ltr'><strong>actu</strong></span> <span class='ocrx_word' id='word_1_271' title='bbox 1135 3240 1220 3318; x_wconf 90' lang='lat' dir='ltr'><strong>quasi</strong></span> <span class='ocrx_word' id='word_1_272' title='bbox 1248 3238 1393 3301; x_wconf 89' lang='lat' dir='ltr'><strong>accedens</strong></span> 
     </span>
     <span class='ocr_line' id='line_1_29' title="bbox 101 3333 1395 3422; baseline 0.001 -24"><span class='ocrx_word' id='word_1_273' title='bbox 101 3355 211 3402; x_wconf 92' lang='lat' dir='ltr'><strong>nomen.</strong></span> <span class='ocrx_word' id='word_1_274' title='bbox 257 3339 370 3411; x_wconf 86' lang='lat' dir='ltr'><strong>Quibus</strong></span> <span class='ocrx_word' id='word_1_275' title='bbox 398 3339 493 3400; x_wconf 87' lang='lat' dir='ltr'><strong>modis</strong></span> <span class='ocrx_word' id='word_1_276' title='bbox 522 3339 631 3400; x_wconf 89' lang='lat' dir='ltr'><strong>dicitur</strong></span> <span class='ocrx_word' id='word_1_277' title='bbox 657 3335 706 3421; x_wconf 76' lang='lat' dir='ltr'><strong>lli.</strong></span> <span class='ocrx_word' id='word_1_278' title='bbox 722 3333 811 3422; x_wconf 63' lang='lat'>80³1!</span> <span class='ocrx_word' id='word_1_279' title='bbox 836 3341 1000 3420; x_wconf 75' lang='lat' dir='ltr'><strong>agnomen?</strong></span> <span class='ocrx_word' id='word_1_280' title='bbox 1044 3341 1153 3403; x_wconf 84' lang='lat' dir='ltr'><strong>Tribus</strong></span> <span class='ocrx_word' id='word_1_281' title='bbox 1177 3339 1286 3412; x_wconf 89' lang='lat' dir='ltr'><strong>modis,</strong></span> <span class='ocrx_word' id='word_1_282' title='bbox 1315 3339 1395 3402; x_wconf 90' lang='lat' dir='ltr'><strong>idest</strong></span> 
     </span>
     <span class='ocr_line' id='line_1_30' title="bbox 101 3438 1392 3523; baseline 0.002 -21"><span class='ocrx_word' id='word_1_283' title='bbox 101 3440 132 3502; x_wconf 87' lang='lat' dir='ltr'><strong>ab</strong></span> <span class='ocrx_word' id='word_1_284' title='bbox 152 3445 250 3506; x_wconf 91' lang='lat' dir='ltr'><strong>animo</strong></span> <span class='ocrx_word' id='word_1_285' title='bbox 272 3461 288 3503; x_wconf 91' lang='lat' dir='ltr'><strong>a</strong></span> <span class='ocrx_word' id='word_1_286' title='bbox 312 3459 439 3522; x_wconf 91' lang='lat' dir='ltr'><strong>corpore</strong></span> <span class='ocrx_word' id='word_1_287' title='bbox 461 3441 656 3504; x_wconf 87' lang='lat' dir='ltr'><strong>extrinsecus.</strong></span> <span class='ocrx_word' id='word_1_288' title='bbox 691 3438 736 3502; x_wconf 92' lang='lat' dir='ltr'><strong>Ab</strong></span> <span class='ocrx_word' id='word_1_289' title='bbox 758 3441 870 3512; x_wconf 88' lang='lat' dir='ltr'><strong>animo,</strong></span> <span class='ocrx_word' id='word_1_290' title='bbox 895 3449 927 3503; x_wconf 91' lang='lat' dir='ltr'><strong>ut</strong></span> <span class='ocrx_word' id='word_1_291' title='bbox 949 3444 1167 3523; x_wconf 79' lang='lat' dir='ltr'><strong>‘magnanimus</strong></span> <span class='ocrx_word' id='word_1_292' title='bbox 1186 3443 1392 3506; x_wconf 89' lang='lat' dir='ltr'><strong>Anchisiades&#39;</strong></span> 
     </span>
     <span class='ocr_line' id='line_1_31' title="bbox 73 3541 1390 3623; baseline 0.006 -24"><span class='ocrx_word' id='word_1_293' title='bbox 73 3541 189 3606; x_wconf 73' lang='lat' dir='ltr'><strong>edictus</strong></span> <span class='ocrx_word' id='word_1_294' title='bbox 204 3555 252 3606; x_wconf 88' lang='lat' dir='ltr'><strong>cst</strong></span> <span class='ocrx_word' id='word_1_295' title='bbox 264 3547 396 3615; x_wconf 89' lang='lat' dir='ltr'><strong>Aeneas,</strong></span> <span class='ocrx_word' id='word_1_296' title='bbox 419 3541 495 3605; x_wconf 89' lang='lat' dir='ltr'><strong>lilius</strong></span> <span class='ocrx_word' id='word_1_297' title='bbox 510 3543 671 3612; x_wconf 79' lang='lat' dir='ltr'><strong>Anchisae,</strong></span> <span class='ocrx_word' id='word_1_298' title='bbox 696 3543 764 3620; x_wconf 87' lang='lat' dir='ltr'><strong>quia</strong></span> <span class='ocrx_word' id='word_1_299' title='bbox 788 3542 895 3604; x_wconf 88' lang='lat' dir='ltr'><strong>lortem</strong></span> <span class='ocrx_word' id='word_1_300' title='bbox 918 3551 947 3605; x_wconf 92' lang='lat' dir='ltr'><strong>et</strong></span> <span class='ocrx_word' id='word_1_301' title='bbox 968 3542 1099 3623; x_wconf 89' lang='lat' dir='ltr'><strong>regalem</strong></span> <span class='ocrx_word' id='word_1_302' title='bbox 1122 3547 1254 3607; x_wconf 92' lang='lat' dir='ltr'><strong>animum</strong></span> <span class='ocrx_word' id='word_1_303' title='bbox 1277 3543 1390 3607; x_wconf 83' lang='lat' dir='ltr'><strong>habuit</strong></span> 
     </span>
     <span class='ocr_line' id='line_1_32' title="bbox 101 3642 1392 3728; baseline 0.004 -24"><span class='ocrx_word' id='word_1_304' title='bbox 101 3648 120 3704; x_wconf 88' lang='lat' dir='ltr'><strong>A</strong></span> <span class='ocrx_word' id='word_1_305' title='bbox 143 3664 282 3728; x_wconf 91' lang='lat' dir='ltr'><strong>corpore,</strong></span> <span class='ocrx_word' id='word_1_306' title='bbox 311 3653 343 3707; x_wconf 90' lang='lat' dir='ltr'><strong>ut</strong></span> <span class='ocrx_word' id='word_1_307' title='bbox 369 3643 463 3707; x_wconf 89' lang='lat' dir='ltr'><strong>luhus</strong></span> <span class='ocrx_word' id='word_1_308' title='bbox 490 3644 619 3707; x_wconf 87' lang='lat' dir='ltr'><strong>Pulcher</strong></span> <span class='ocrx_word' id='word_1_309' title='bbox 646 3652 676 3705; x_wconf 89' lang='lat' dir='ltr'><strong>et</strong></span> <span class='ocrx_word' id='word_1_310' title='bbox 702 3642 826 3706; x_wconf 87' lang='lat' dir='ltr'><strong>Ouidius</strong></span> <span class='ocrx_word' id='word_1_311' title='bbox 854 3644 947 3717; x_wconf 89' lang='lat' dir='ltr'><strong>Naso,</strong></span> <span class='ocrx_word' id='word_1_312' title='bbox 977 3665 1013 3708; x_wconf 91' lang='lat' dir='ltr'><strong>eo</strong></span> <span class='ocrx_word' id='word_1_313' title='bbox 1040 3647 1118 3727; x_wconf 90' lang='lat' dir='ltr'><strong>quod</strong></span> <span class='ocrx_word' id='word_1_314' title='bbox 1147 3665 1235 3710; x_wconf 89' lang='lat' dir='ltr'><strong>nares</strong></span> <span class='ocrx_word' id='word_1_315' title='bbox 1262 3647 1392 3728; x_wconf 87' lang='lat' dir='ltr'><strong>grandes</strong></span> 
     </span>
     <span class='ocr_line' id='line_1_33' title="bbox 102 3743 1391 3826; baseline 0.005 -22"><span class='ocrx_word' id='word_1_316' title='bbox 102 3743 201 3810; x_wconf 85' lang='lat' dir='ltr'><strong>babuit</strong></span> <span class='ocrx_word' id='word_1_317' title='bbox 248 3747 444 3810; x_wconf 80' lang='lat' dir='ltr'><strong>Extrinsecus</strong></span> <span class='ocrx_word' id='word_1_318' title='bbox 472 3764 620 3826; x_wconf 87' lang='lat' dir='ltr'><strong>agnomen</strong></span> <span class='ocrx_word' id='word_1_319' title='bbox 649 3745 770 3821; x_wconf 90' lang='lat' dir='ltr'><strong>dicitur,</strong></span> <span class='ocrx_word' id='word_1_320' title='bbox 800 3751 834 3807; x_wconf 91' lang='lat' dir='ltr'><strong>ut</strong></span> <span class='ocrx_word' id='word_1_321' title='bbox 855 3746 998 3808; x_wconf 79' lang='lat' dir='ltr'><strong>Tenedos</strong></span> <span class='ocrx_word' id='word_1_322' title='bbox 1025 3746 1115 3810; x_wconf 85' lang='lat' dir='ltr'><strong>Diues</strong></span> <span class='ocrx_word' id='word_1_323' title='bbox 1142 3748 1239 3810; x_wconf 91' lang='lat' dir='ltr'><strong>dictus</strong></span> <span class='ocrx_word' id='word_1_324' title='bbox 1267 3757 1326 3821; x_wconf 89' lang='lat' dir='ltr'><strong>est,</strong></span> <span class='ocrx_word' id='word_1_325' title='bbox 1356 3768 1391 3810; x_wconf 91' lang='lat' dir='ltr'><strong>eo</strong></span> 
     </span>
     <span class='ocr_line' id='line_1_34' title="bbox 103 3846 1390 3938; baseline 0.002 -28"><span class='ocrx_word' id='word_1_326' title='bbox 103 3850 171 3924; x_wconf 86' lang='lat' dir='ltr'><strong>quod</strong></span> <span class='ocrx_word' id='word_1_327' title='bbox 204 3850 324 3912; x_wconf 86' lang='lat' dir='ltr'><strong>diuitias</strong></span> <span class='ocrx_word' id='word_1_328' title='bbox 352 3846 461 3938; x_wconf 86' lang='lat' dir='ltr'><strong>multas</strong></span> <span class='ocrx_word' id='word_1_329' title='bbox 487 3847 605 3910; x_wconf 88' lang='lat' dir='ltr'><strong>habuit:</strong></span> <span class='ocrx_word' id='word_1_330' title='bbox 639 3849 824 3911; x_wconf 84' lang='lat' dir='ltr'><strong>extrinsecus</strong></span> <span class='ocrx_word' id='word_1_331' title='bbox 852 3849 931 3910; x_wconf 88' lang='lat' dir='ltr'><strong>enim</strong></span> <span class='ocrx_word' id='word_1_332' title='bbox 960 3849 1081 3911; x_wconf 90' lang='lat' dir='ltr'><strong>diuitiae</strong></span> <span class='ocrx_word' id='word_1_333' title='bbox 1110 3857 1188 3912; x_wconf 88' lang='lat' dir='ltr'><strong>suot</strong></span> <span class='ocrx_word' id='word_1_334' title='bbox 1237 3855 1390 3930; x_wconf 90' lang='lat' dir='ltr'><strong>Agnomen</strong></span> 
     </span>
     <span class='ocr_line' id='line_1_35' title="bbox 103 3949 1391 4032; baseline 0.003 -24"><span class='ocrx_word' id='word_1_335' title='bbox 103 3967 164 4031; x_wconf 89' lang='lat' dir='ltr'><strong>ergo</strong></span> <span class='ocrx_word' id='word_1_336' title='bbox 184 3951 221 4014; x_wconf 85' lang='lat' dir='ltr'><strong>ab</strong></span> <span class='ocrx_word' id='word_1_337' title='bbox 244 3959 315 4016; x_wconf 89' lang='lat' dir='ltr'><strong>actu</strong></span> <span class='ocrx_word' id='word_1_338' title='bbox 337 3950 460 4024; x_wconf 89' lang='lat' dir='ltr'><strong>dicitur,</strong></span> <span class='ocrx_word' id='word_1_339' title='bbox 489 3959 522 4012; x_wconf 94' lang='lat' dir='ltr'><strong>ut</strong></span> <span class='ocrx_word' id='word_1_340' title='bbox 542 3951 701 4012; x_wconf 87' lang='lat' dir='ltr'><strong>Airicahus</strong></span> <span class='ocrx_word' id='word_1_341' title='bbox 723 3949 820 4011; x_wconf 92' lang='lat' dir='ltr'><strong>dictus</strong></span> <span class='ocrx_word' id='word_1_342' title='bbox 843 3957 888 4011; x_wconf 90' lang='lat' dir='ltr'><strong>est</strong></span> <span class='ocrx_word' id='word_1_343' title='bbox 910 3951 1009 4032; x_wconf 89' lang='lat' dir='ltr'><strong>Scipio</strong></span> <span class='ocrx_word' id='word_1_344' title='bbox 1033 3951 1136 4014; x_wconf 91' lang='lat' dir='ltr'><strong>consul</strong></span> <span class='ocrx_word' id='word_1_345' title='bbox 1158 3952 1325 4023; x_wconf 83' lang='lat' dir='ltr'><strong>Romanus,</strong></span> <span class='ocrx_word' id='word_1_346' title='bbox 1355 3970 1391 4014; x_wconf 92' lang='lat' dir='ltr'><strong>eo</strong></span> 
     </span>
    </p>

    <p class='ocr_par' dir='ltr' id='par_1_4' title="bbox 28 4051 1391 4236">
     <span class='ocr_line' id='line_1_36' title="bbox 28 4051 1391 4143; baseline -0.001 -27"><span class='ocrx_word' id='word_1_347' title='bbox 28 4109 29 4116; x_wconf 71' lang='grc'>,</span> <span class='ocrx_word' id='word_1_348' title='bbox 76 4055 171 4130; x_wconf 66' lang='lat' dir='ltr'><strong>equod</strong></span> <span class='ocrx_word' id='word_1_349' title='bbox 192 4056 321 4118; x_wconf 88' lang='lat' dir='ltr'><strong>Airicam</strong></span> <span class='ocrx_word' id='word_1_350' title='bbox 349 4055 431 4116; x_wconf 91' lang='lat' dir='ltr'><strong>uicit.</strong></span> <span class='ocrx_word' id='word_1_351' title='bbox 475 4053 537 4114; x_wconf 87' lang='lat' dir='ltr'><strong>Hae</strong></span> <span class='ocrx_word' id='word_1_352' title='bbox 565 4069 637 4132; x_wconf 89' lang='lat' dir='ltr'><strong>ergo</strong></span> <span class='ocrx_word' id='word_1_353' title='bbox 665 4058 803 4132; x_wconf 87' lang='lat' dir='ltr'><strong>quattuor</strong></span> <span class='ocrx_word' id='word_1_354' title='bbox 830 4053 946 4130; x_wconf 90' lang='lat' dir='ltr'><strong>species</strong></span> <span class='ocrx_word' id='word_1_355' title='bbox 974 4069 1034 4114; x_wconf 93' lang='lat' dir='ltr'><strong>non</strong></span> <span class='ocrx_word' id='word_1_356' title='bbox 1057 4053 1196 4143; x_wconf 71' lang='lat' dir='ltr'><strong>omnibus</strong></span> <span class='ocrx_word' id='word_1_357' title='bbox 1217 4051 1391 4115; x_wconf 87' lang='lat' dir='ltr'><strong>hominihus</strong></span> 
     </span>
     <span class='ocr_line' id='line_1_37' title="bbox 104 4155 1389 4236; baseline 0.005 -24"><span class='ocrx_word' id='word_1_358' title='bbox 104 4156 179 4218; x_wconf 85' lang='lat' dir='ltr'><strong>simul</strong></span> <span class='ocrx_word' id='word_1_359' title='bbox 205 4157 354 4220; x_wconf 86' lang='lat' dir='ltr'><strong>accidunt.</strong></span> <span class='ocrx_word' id='word_1_360' title='bbox 399 4155 564 4236; x_wconf 75' lang='lat' dir='ltr'><strong>Aliquando</strong></span> <span class='ocrx_word' id='word_1_361' title='bbox 590 4156 670 4216; x_wconf 87' lang='lat' dir='ltr'><strong>enim</strong></span> <span class='ocrx_word' id='word_1_362' title='bbox 692 4171 751 4216; x_wconf 87' lang='lat' dir='ltr'><strong>una</strong></span> <span class='ocrx_word' id='word_1_363' title='bbox 773 4155 890 4236; x_wconf 90' lang='lat' dir='ltr'><strong>species</strong></span> <span class='ocrx_word' id='word_1_364' title='bbox 912 4155 1035 4227; x_wconf 85' lang='lat' dir='ltr'><strong>accidit,</strong></span> <span class='ocrx_word' id='word_1_365' title='bbox 1065 4156 1123 4218; x_wconf 92' lang='lat' dir='ltr'><strong>hoc</strong></span> <span class='ocrx_word' id='word_1_366' title='bbox 1145 4165 1192 4220; x_wconf 88' lang='lat' dir='ltr'><strong>est</strong></span> <span class='ocrx_word' id='word_1_367' title='bbox 1214 4174 1389 4236; x_wconf 89' lang='lat' dir='ltr'><strong>cognomen,</strong></span> 
     </span>
    </p>
   </div>
   <div class='ocr_carea' id='block_1_3' title="bbox 108 4289 318 4302">
    <p class='ocr_par' dir='ltr' id='par_1_5' title="bbox 108 4289 318 4302">
     <span class='ocr_line' id='line_1_38' title="bbox 108 4289 318 4302; baseline 0.005 -1"><span class='ocrx_word' id='word_1_368' title='bbox 108 4289 318 4302; x_wconf 72' lang='lat'><strong>⁴-·—-—-—-————</strong></span> 
     </span>
    </p>
   </div>
   <div class='ocr_carea' id='block_1_4' title="bbox 28 4355 1390 4835">
    <p class='ocr_par' dir='ltr' id='par_1_6' title="bbox 105 4355 1390 4563">
     <span class='ocr_line' id='line_1_39' title="bbox 161 4355 1390 4428; baseline 0.001 -19"><span class='ocrx_word' id='word_1_369' title='bbox 161 4362 173 4409; x_wconf 93' lang='grc'><strong>1</strong></span> <span class='ocrx_word' id='word_1_370' title='bbox 190 4360 357 4428; x_wconf 83' lang='lat' dir='ltr'><strong>Propriorom</strong></span> <span class='ocrx_word' id='word_1_371' title='bbox 375 4359 509 4410; x_wconf 90' lang='lat' dir='ltr'><strong>nominum</strong></span> <span class='ocrx_word' id='word_1_372' title='bbox 526 4355 587 4425; x_wconf 77' lang='lat' dir='ltr'><strong>ete]</strong></span> <span class='ocrx_word' id='word_1_373' title='bbox 612 4355 791 4409; x_wconf 78' lang='lat' dir='ltr'><strong>Praemittttur</strong></span> <span class='ocrx_word' id='word_1_374' title='bbox 812 4359 898 4409; x_wconf 79' lang='lat' dir='ltr'><strong>titulus</strong></span> <span class='ocrx_word' id='word_1_375' title='bbox 919 4359 1012 4410; x_wconf 80' lang='lat' dir='ltr'><strong>litteris</strong></span> <span class='ocrx_word' id='word_1_376' title='bbox 1038 4360 1180 4411; x_wconf 76' lang='lat' dir='ltr'><strong>mubueulic</strong></span> <span class='ocrx_word' id='word_1_377' title='bbox 1204 4363 1331 4426; x_wconf 81' lang='lat' dir='ltr'><strong>scriptus:</strong></span> <span class='ocrx_word' id='word_1_378' title='bbox 1358 4361 1390 4410; x_wconf 89' lang='lat' dir='ltr'><strong>de</strong></span> 
     </span>
     <span class='ocr_line' id='line_1_40' title="bbox 105 4426 1389 4494; baseline -0.002 -15"><span class='ocrx_word' id='word_1_379' title='bbox 105 4430 224 4490; x_wconf 69' lang='lat' dir='ltr'><strong>speciebus</strong></span> <span class='ocrx_word' id='word_1_380' title='bbox 243 4439 365 4493; x_wconf 87' lang='lat' dir='ltr'><strong>quattuor</strong></span> <span class='ocrx_word' id='word_1_381' title='bbox 382 4428 543 4494; x_wconf 90' lang='lat' dir='ltr'><strong>propriorum</strong></span> <span class='ocrx_word' id='word_1_382' title='bbox 562 4428 705 4480; x_wconf 91' lang='lat' dir='ltr'><strong>nominum.</strong></span> <span class='ocrx_word' id='word_1_383' title='bbox 739 4426 809 4488; x_wconf 89' lang='lat' dir='ltr'><strong>quod</strong></span> <span class='ocrx_word' id='word_1_384' title='bbox 844 4439 986 4492; x_wconf 88' lang='lat' dir='ltr'><strong>pronomen</strong></span> <span class='ocrx_word' id='word_1_385' title='bbox 1038 4428 1194 4479; x_wconf 81' lang='lat' dir='ltr'><strong>2eornilius</strong></span> <span class='ocrx_word' id='word_1_386' title='bbox 1262 4431 1389 4494; x_wconf 75' lang='lat' dir='ltr'><strong>dgrecus</strong></span> 
     </span>
     <span class='ocr_line' id='line_1_41' title="bbox 159 4493 1389 4563; baseline 0 -17"><span class='ocrx_word' id='word_1_387' title='bbox 159 4497 206 4546; x_wconf 87' lang='lat' dir='ltr'><strong>due</strong></span> <span class='ocrx_word' id='word_1_388' title='bbox 272 4493 352 4548; x_wconf 73' lang='lat' dir='ltr'><strong>Aeci</strong></span> <span class='ocrx_word' id='word_1_389' title='bbox 402 4510 542 4562; x_wconf 89' lang='lat' dir='ltr'><strong>prenomen</strong></span> <span class='ocrx_word' id='word_1_390' title='bbox 627 4493 783 4546; x_wconf 82' lang='lat' dir='ltr'><strong>bcornilius</strong></span> <span class='ocrx_word' id='word_1_391' title='bbox 864 4495 1027 4561; x_wconf 78' lang='lat' dir='ltr'><strong>9repnhlice</strong></span> <span class='ocrx_word' id='word_1_392' title='bbox 1100 4498 1130 4546; x_wconf 89' lang='grc'><strong>11</strong></span> <span class='ocrx_word' id='word_1_393' title='bbox 1149 4496 1288 4563; x_wconf 83' lang='lat' dir='ltr'><strong>reipublice</strong></span> <span class='ocrx_word' id='word_1_394' title='bbox 1358 4499 1389 4546; x_wconf 82' lang='lat'><strong>14</strong></span> 
     </span>
    </p>

    <p class='ocr_par' dir='ltr' id='par_1_7' title="bbox 28 4557 1390 4835">
     <span class='ocr_line' id='line_1_42' title="bbox 28 4557 1389 4634; baseline 0.004 -24"><span class='ocrx_word' id='word_1_395' title='bbox 28 4579 29 4590; x_wconf 52' lang='grc' dir='ltr'>ι</span> <span class='ocrx_word' id='word_1_396' title='bbox 105 4557 217 4634; x_wconf 78' lang='lat' dir='ltr'><strong>bonetus]</strong></span> <span class='ocrx_word' id='word_1_397' title='bbox 233 4582 263 4632; x_wconf 86' lang='lat' dir='ltr'><strong>p.</strong></span> <span class='ocrx_word' id='word_1_398' title='bbox 274 4567 382 4625; x_wconf 78' lang='lat'><strong>373,10</strong></span> <span class='ocrx_word' id='word_1_399' title='bbox 434 4567 466 4616; x_wconf 78' lang='lat'><strong>15</strong></span> <span class='ocrx_word' id='word_1_400' title='bbox 484 4568 660 4630; x_wconf 58' lang='lat' dir='ltr'><strong>praenotantur</strong></span> <span class='ocrx_word' id='word_1_401' title='bbox 711 4577 785 4614; x_wconf 84' lang='lat' dir='ltr'><strong>cesar</strong></span> <span class='ocrx_word' id='word_1_402' title='bbox 836 4563 966 4614; x_wconf 82' lang='lat' dir='ltr'><strong>cantilena</strong></span> <span class='ocrx_word' id='word_1_403' title='bbox 1034 4565 1066 4614; x_wconf 87' lang='grc'><strong>16</strong></span> <span class='ocrx_word' id='word_1_404' title='bbox 1084 4564 1215 4628; x_wconf 83' lang='lat' dir='ltr'><strong>cornilius,</strong></span> <span class='ocrx_word' id='word_1_405' title='bbox 1233 4567 1271 4616; x_wconf 83' lang='lat' dir='ltr'><strong>eie</strong></span> <span class='ocrx_word' id='word_1_406' title='bbox 1287 4579 1389 4631; x_wconf 81' lang='lat' dir='ltr'><strong>semper</strong></span> 
     </span>
     <span class='ocr_line' id='line_1_43' title="bbox 28 4628 1390 4708; baseline 0.001 -26"><span class='ocrx_word' id='word_1_407' title='bbox 28 4689 29 4708; x_wconf 15' lang='grc' dir='ltr'><strong>χ</strong></span> <span class='ocrx_word' id='word_1_408' title='bbox 160 4649 176 4682; x_wconf 93' lang='lat' dir='ltr'><strong>u</strong></span> <span class='ocrx_word' id='word_1_409' title='bbox 192 4649 237 4699; x_wconf 89' lang='lat' dir='ltr'><strong>gn.</strong></span> <span class='ocrx_word' id='word_1_410' title='bbox 253 4648 352 4700; x_wconf 89' lang='lat' dir='ltr'><strong>genens</strong></span> <span class='ocrx_word' id='word_1_411' title='bbox 439 4635 469 4683; x_wconf 83' lang='lat' dir='ltr'><strong>tt</strong></span> <span class='ocrx_word' id='word_1_412' title='bbox 487 4642 532 4682; x_wconf 85' lang='lat' dir='ltr'><strong>out</strong></span> <span class='ocrx_word' id='word_1_413' title='bbox 554 4631 633 4684; x_wconf 88' lang='lat' dir='ltr'><strong>tarnis</strong></span> <span class='ocrx_word' id='word_1_414' title='bbox 657 4631 747 4681; x_wconf 83' lang='lat' dir='ltr'><strong>litteris</strong></span> <span class='ocrx_word' id='word_1_415' title='bbox 765 4628 961 4699; x_wconf 78' lang='lat' dir='ltr'><strong>praenotentur]</strong></span> <span class='ocrx_word' id='word_1_416' title='bbox 979 4631 1045 4683; x_wconf 82' lang='lat' dir='ltr'><strong>Poet</strong></span> <span class='ocrx_word' id='word_1_417' title='bbox 1061 4633 1126 4684; x_wconf 83' lang='lat' dir='ltr'><strong>haec</strong></span> <span class='ocrx_word' id='word_1_418' title='bbox 1143 4637 1235 4684; x_wconf 83' lang='lat' dir='ltr'><strong>lacuna</strong></span> <span class='ocrx_word' id='word_1_419' title='bbox 1251 4637 1390 4685; x_wconf 76' lang='lat' dir='ltr'><strong>statuendo</strong></span> 
     </span>
     <span class='ocr_line' id='line_1_44' title="bbox 28 4701 1389 4770; baseline 0.003 -22"><span class='ocrx_word' id='word_1_420' title='bbox 28 4719 29 4758; x_wconf 79' lang='lat' dir='ltr'><strong>t</strong></span> <span class='ocrx_word' id='word_1_421' title='bbox 103 4704 147 4748; x_wconf 71' lang='lat' dir='ltr'><strong>ee:</strong></span> <span class='ocrx_word' id='word_1_422' title='bbox 162 4718 217 4753; x_wconf 73' lang='lat' dir='ltr'><strong>noer</strong></span> <span class='ocrx_word' id='word_1_423' title='bbox 233 4705 304 4770; x_wconf 79' lang='lat' dir='ltr'><strong>qnod</strong></span> <span class='ocrx_word' id='word_1_424' title='bbox 317 4703 434 4767; x_wconf 76' lang='lat' dir='ltr'><strong>aequiter</strong></span> <span class='ocrx_word' id='word_1_425' title='bbox 450 4701 672 4766; x_wconf 59' lang='lat' dir='ltr'><strong>pacatumue</strong></span> <span class='ocrx_word' id='word_1_426' title='bbox 688 4707 838 4766; x_wconf 83' lang='lat' dir='ltr'><strong>quaternam</strong></span> <span class='ocrx_word' id='word_1_427' title='bbox 855 4702 966 4752; x_wconf 83' lang='lat' dir='ltr'><strong>litteram</strong></span> <span class='ocrx_word' id='word_1_428' title='bbox 982 4702 1104 4765; x_wconf 83' lang='lat' dir='ltr'><strong>pertinet.</strong></span> <span class='ocrx_word' id='word_1_429' title='bbox 1157 4703 1304 4768; x_wconf 70' lang='lat' dir='ltr'><strong>repressat</strong></span> <span class='ocrx_word' id='word_1_430' title='bbox 1355 4704 1389 4754; x_wconf 78' lang='lat'><strong>24</strong></span> 
     </span>
     <span class='ocr_line' id='line_1_45' title="bbox 28 4767 1390 4835; baseline 0.002 -18"><span class='ocrx_word' id='word_1_431' title='bbox 28 4767 29 4770; x_wconf 74' lang='grc'>’</span> <span class='ocrx_word' id='word_1_432' title='bbox 102 4767 205 4820; x_wconf 72' lang='lat' dir='ltr'><strong>nauseo</strong></span> <span class='ocrx_word' id='word_1_433' title='bbox 255 4769 315 4822; x_wconf 81' lang='lat' dir='ltr'><strong>latis</strong></span> <span class='ocrx_word' id='word_1_434' title='bbox 383 4771 416 4820; x_wconf 79' lang='lat'><strong>29</strong></span> <span class='ocrx_word' id='word_1_435' title='bbox 434 4769 606 4835; x_wconf 82' lang='lat' dir='ltr'><strong>magnanimis</strong></span> <span class='ocrx_word' id='word_1_436' title='bbox 624 4767 791 4818; x_wconf 76' lang='lat' dir='ltr'><strong>anchiseodes</strong></span> <span class='ocrx_word' id='word_1_437' title='bbox 861 4771 894 4820; x_wconf 83' lang='lat'><strong>³0</strong></span> <span class='ocrx_word' id='word_1_438' title='bbox 912 4769 999 4818; x_wconf 82' lang='lat' dir='ltr'><strong>uenias</strong></span> <span class='ocrx_word' id='word_1_439' title='bbox 1062 4769 1168 4820; x_wconf 77' lang='lat' dir='ltr'><strong>anchise</strong></span> <span class='ocrx_word' id='word_1_440' title='bbox 1236 4775 1268 4822; x_wconf 89' lang='grc'><strong>31</strong></span> <span class='ocrx_word' id='word_1_441' title='bbox 1287 4772 1390 4823; x_wconf 85' lang='lat' dir='ltr'><strong>auidius</strong></span> 
     </span>
    </p>
   </div>
   <div class='ocr_carea' id='block_1_5' title="bbox 28 4847 1187 5032">
    <p class='ocr_par' dir='ltr' id='par_1_8' title="bbox 28 4847 1187 5032">
     <span class='ocr_line' id='line_1_46' title="bbox 105 4847 1167 4956; baseline 0.006 -22"><span class='ocrx_word' id='word_1_442' title='bbox 105 4899 170 4937; x_wconf 82' lang='lat' dir='ltr'><strong>nasse</strong></span> <span class='ocrx_word' id='word_1_443' title='bbox 234 4892 267 4941; x_wconf 77' lang='grc'><strong>35</strong></span> <span class='ocrx_word' id='word_1_444' title='bbox 283 4889 317 4939; x_wconf 90' lang='lat' dir='ltr'><strong>he</strong></span> <span class='ocrx_word' id='word_1_445' title='bbox 386 4903 436 4938; x_wconf 90' lang='lat' dir='ltr'><strong>non</strong></span> <span class='ocrx_word' id='word_1_446' title='bbox 456 4883 587 4954; x_wconf 89' lang='lat' dir='ltr'><strong>omuibus]</strong></span> <span class='ocrx_word' id='word_1_447' title='bbox 607 4887 754 4938; x_wconf 87' lang='lat' dir='ltr'><strong>nominibus</strong></span> <span class='ocrx_word' id='word_1_448' title='bbox 823 4888 856 4938; x_wconf 82' lang='lat'><strong>36</strong></span> <span class='ocrx_word' id='word_1_449' title='bbox 875 4887 999 4938; x_wconf 78' lang='lat' dir='ltr'><strong>accedunt</strong></span> <span class='ocrx_word' id='word_1_450' title='bbox 1066 4847 1167 4956; x_wconf 58' lang='lat' dir='ltr'><strong>:bbcies</strong></span> 
     </span>
     <span class='ocr_line' id='line_1_47' title="bbox 28 4977 1187 5032; baseline -0.003 0"><span class='ocrx_word' id='word_1_451' title='bbox 28 5013 29 5020; x_wconf 58' lang='lat'><strong>.</strong></span> <span class='ocrx_word' id='word_1_452' title='bbox 125 4985 211 5032; x_wconf 73' lang='lat' dir='ltr'><strong>Gun.</strong></span> <span class='ocrx_word' id='word_1_453' title='bbox 222 4999 274 5030; x_wconf 73' lang='lat' dir='ltr'><strong>aar.</strong></span> <span class='ocrx_word' id='word_1_454' title='bbox 287 4989 370 5031; x_wconf 76' lang='lat' dir='ltr'><strong>suern.</strong></span> <span class='ocrx_word' id='word_1_455' title='bbox 1171 4977 1187 5028; x_wconf 81' lang='grc' dir='ltr'>ὓ</span> 
     </span>
    </p>
   </div>
   <div class='ocr_carea' id='block_1_6' title="bbox 0 0 1679 5558">
    <p class='ocr_par' dir='ltr' id='par_1_9' title="bbox 0 0 1679 5558">
     <span class='ocr_line' id='line_1_48' title="bbox 0 0 1679 5558; baseline 0 0"><span class='ocrx_word' id='word_1_456' title='bbox 0 0 1679 5558; x_wconf 95' lang='lat' dir='ltr'><strong> </strong></span> 
     </span>
    </p>
   </div>
  </div>
 </body>
</html>
