3560 5574
487 395 763 450 omnnnuurmn
783 395 995 448 snnuouvu.
1313 394 1377 460 235

81 587 165 648 uires
185 584 222 646 ad
244 584 355 646 bouum
379 593 410 646 et
433 583 638 646 tortitudinem
661 585 796 666 corporis
824 585 1009 654 referuntur,
1039 592 1068 645 ct
1089 585 1128 644 ita
1151 584 1197 644 uis
1219 582 1289 646 lacit
1311 585 1373 644 uio·

79 686 209 757 lentum,
234 689 315 748 uires
338 688 491 747 uiriosum.
845 755 847 758 v

167 788 247 850 lnter
274 805 397 851 saeuum
421 795 452 850 et
474 787 624 850 crudelem
649 789 705 850 hoc
727 790 866 858 interest,
896 788 974 866 quod
1004 805 1112 848 saeuus
1139 789 1219 849 circa
1247 787 1373 850 uerbera

80 875 142 958 est,
166 891 297 952 crudelis
320 897 504 951 monstratur
526 891 689 968 sanguinis.

55 1009 67 1046 t
164 991 244 1053 luter
275 991 386 1053 bellum
416 1000 445 1052 et
473 991 566 1052 aciem
598 1000 627 1052 et
653 991 800 1070 proelium
830 999 860 1051 et
887 1009 1016 1070 pugnam
1045 990 1101 1052 lroe
1128 992 1266 1060 interest,
1295 993 1373 1070 quoti

81 1093 188 1155 bollum
211 1093 369 1163 indicitur,
393 1095 473 1153 acies
495 1092 657 1162 ordinatur,
681 1093 828 1173 proelium
851 1093 1054 1168 committitur,
1079 1110 1177 1173 pugna
1200 1096 1322 1173 geritur,
1346 1105 1376 1154 et

81 1195 158 1274 quod
181 1196 260 1257 ecies
284 1204 343 1256 tam
366 1195 453 1265 terri,
477 1212 566 1275 ‹puam
589 1194 754 1256 oculorum.

165 1297 246 1358 lnter
268 1314 387 1377 passum
410 1303 442 1356 et
464 1304 618 1376 expertum
642 1297 699 1358 lroo
720 1297 858 1368 interest,
883 1296 961 1373 quod
984 1299 1112 1376 patimur
1133 1296 1301 1367 uoluntate,
1325 1316 1392 1374 eit·-

80 1401 216 1479 perimur
238 1401 425 1460 necessitate.

47 1517 68 1554 ro
163 1499 245 1561 lntcr
266 1517 361 1578 genus
376 1506 406 1559 et
416 1510 538 1577 gentem
556 1499 612 1560 lroe
634 1502 772 1570 interest,
796 1500 874 1580 quod
897 1519 992 1580 genus
1014 1509 1073 1560 tam
1097 1500 1260 1569 hominum,
1285 1517 1372 1578 quam

81 1600 210 1662 terarum
227 1608 318 1662 estet
339 1599 377 1661 ab
400 1619 461 1662 uno
483 1603 579 1682 capite
602 1601 764 1671 descendit.
781 1619 856 1680 gens
871 1601 906 1662 ad
928 1603 1192 1680 congregationem
1215 1600 1373 1681 plurimam

82 1705 222 1780 pertinet:
246 1703 374 1764 dicimus
396 1705 475 1766 enini
498 1705 585 1782 ‘gens
608 1702 784 1764 Gallorum’.

161 1804 242 1867 luter
269 1811 381 1864 terram
405 1813 434 1865 et
456 1803 592 1866 tellurem
621 1816 651 1866 et
677 1805 799 1866 humum
828 1804 884 1865 lroc
913 1807 1051 1877 interest,
1082 1803 1160 1882 quoti
1190 1807 1276 1866 tertia
1304 1823 1373 1884 pars

82 1907 180 1967 muudi
202 1914 284 1966 terra
312 1913 370 1975 est,
400 1903 488 1966 tellus
516 1906 585 1977 dea,
617 1906 723 1968 liumus
746 1906 828 1968 locus
850 1905 1021 1987 sepulturae
1044 1905 1081 1967 ab
1104 1905 1255 1967 humando
1277 1906 1373 1967 dictus
1432 1904 1435 1910 ’

48 2024 70 2064 is
83 2004 94 2089 {l
109 2008 128 2068 l.
144 2005 223 2068 114'1
240 2005 264 2090 ll.

160 2109 241 2170 luter
263 2111 381 2170 moenia
404 2117 434 2170 et
455 2109 589 2172 aedilicia
612 2109 668 2170 ltoc
691 2112 832 2180 interest,
856 2110 934 2190 quod
958 2111 1073 2171 moenia
1093 2108 1279 2187 publicorum
1302 2117 1372 2170 sunt

82 2229 215 2289 operum,
238 2211 371 2272 aedificia
394 2213 588 2290 priuatorum.

161 2312 243 2373 luter
265 2329 355 2374 omne
377 2321 407 2373 et
429 2321 523 2375 totum
546 2314 603 2375 hoe
626 2317 765 2384 interest,
795 2313 874 2394 quud
897 2331 986 2375 omne
1009 2315 1222 2376 numerositate
1243 2322 1369 2384 constat,

83 2422 169 2474 totum
191 2414 347 2475 soliditatis
370 2421 424 2475 est.

51 2531 73 2568 eo
160 2515 239 2576 lnter
267 2515 351 2578 ulcus
378 2525 409 2578 ot
435 2517 542 2579 uulnus
570 2527 600 2580 et
627 2517 743 2598 plagam
771 2517 828 2578 hoo
856 2520 999 2588 interest,
1033 2517 1113 2598 quod
1142 2517 1229 2579 ulcus
1257 2534 1311 2597 por
1339 2536 1371 2579 se

87 2619 151 2692 crit,
175 2616 281 2679 uulnus
303 2620 401 2690 lerro,
422 2620 509 2699 plaga
532 2628 716 2700 potestesse
739 2619 846 2700 planus
868 2620 958 2691 ictus,
982 2627 1014 2680 ot
1029 2619 1107 2696 quod
1133 2619 1217 2681 ulcus
1240 2619 1370 2681 leuitatis

87 2727 137 2788 est,
160 2719 264 2780 uulnus
285 2722 454 2797 grauitatis,
478 2720 581 2801 plagae
604 2722 691 2781 etiarn
716 2720 842 2782 uerbera
857 2730 1013 2783 uocantur.

160 2820 239 2881 luter
261 2823 305 2882 sic
328 2825 417 2884 etita
441 2821 497 2882 hoo
524 2823 665 2898 interest,
693 2821 773 2903 quod
801 2826 844 2885 sic
871 2825 922 2903 qui
950 2823 1037 2893 dicit,
1068 2822 1200 2903 exempla
1229 2823 1368 2893 ostendit.

88 2921 120 2978 ita
140 2921 173 2982 ad
196 2924 342 2986 rationem
365 2925 503 2986 retertur.

56 3039 78 3077 u
160 3023 238 3086 luter
261 3024 336 3087 duos
358 3032 389 3086 et
410 3025 514 3086 ambos
535 3024 591 3087 hoo
613 3029 751 3096 interest,
775 3027 854 3106 quod
877 3026 937 3088 duo
959 3032 1169 3100 numerantur,
1194 3024 1282 3087 ambo
1298 3044 1368 3086 con-

87 3134 246 3201 gregantur.

158 3227 237 3290 lntcr
266 3237 351 3308 paret
379 3237 409 3290 et
435 3239 559 3308 apparet
586 3230 644 3292 hoc
672 3232 811 3301 interest,
845 3231 923 3308 quod
953 3237 1038 3310 paret
1070 3230 1212 3310 imperio,
1245 3235 1369 3309 apparet

88 3497 104 3501 --
113 3499 298 3508 --ᾑ-

143 3619 154 3666 1
172 3615 304 3670 rellerunti
322 3619 356 3668 itu
376 3619 414 3668 uis
427 3619 489 3669 lucit
502 3619 648 3669 uiolentiam
701 3620 741 3669 uis
754 3619 888 3684 impetu-
901 3618 1016 3672 refertur.
1037 3619 1073 3668 lta
1085 3619 1125 3668 uis
1138 3618 1198 3670 lacit
1210 3619 1365 3680 uiolentiam,
1460 3623 1469 3638 '

88 3678 142 3733 tures
159 3687 282 3735 uitiosum
302 3686 817 3753 00111001οωρ.102,σ[.111111.ρ.201
884 3689 1008 3738 doenum
1055 3703 1133 3738 senus
1201 3689 1365 3752 tsetgotnts

114 3767 197 3804 saeuus
215 3756 282 3802 circu
301 3756 377 3804 uerba
396 3765 444 3818 est,
461 3755 572 3804 crudelis
590 3765 746 3804 monstratur
764 3755 899 3819 sauguinis
919 3755 1092 3818 Gotdosredua
1106 3771 1135 3819 p.
1154 3757 1213 3811 102,
1232 3755 1267 3816 cs.
1287 3755 1365 3820 lleiff.

87 3833 107 3880 p.
124 3823 166 3870 201
267 3823 399 3873 ddicitor
420 3825 488 3872 acies
509 3819 613 3873 ordinat*
681 3837 737 3872 cum
756 3823 853 3872 mititnr
906 3822 997 3872 bellum
1016 3823 1108 3872 dieitur
1124 3847 1159 3859 -·
1176 3821 1308 3873 oculorum
1327 3835 1367 3873 eat

747 3898 768 3926 m

89 3935 242 3998 Gotlosredett
258 3957 286 4004 p.
306 3941 355 3988 102
423 3940 525 3990 8lnter
542 3955 633 4006 purum
686 3939 807 4007 potilssllnr
857 3941 1174 4006 patimur-necessitate
1192 3940 1365 4004 Gotkofredus

86 4018 107 4065 p.
117 4009 158 4054 102
225 4010 258 4058 10
276 4023 358 4072 genus
377 4008 509 4058 hominum
527 4019 577 4058 tam
596 4023 672 4071 quom
690 4009 800 4058 tororum
814 4017 853 4058 est
864 4023 928 4074 gens
941 4008 974 4057 od
986 4009 1209 4074 congregationem
1229 4009 1363 4074 plurimam

88 4073 177 4134 pertinet
197 4076 228 4124 ab
253 4090 305 4124 turo
328 4077 411 4141 eapite
432 4076 564 4126 descendit
585 4077 694 4126 dicimus
718 4077 783 4126 enim
836 4091 919 4142 genus
938 4087 988 4126 tum
1007 4075 1140 4126 hominum
1158 4091 1235 4138 quam
1253 4077 1363 4126 lerarurn
1450 4133 1452 4136 ¹

88 4152 128 4200 est,
146 4158 207 4206 gons
226 4143 259 4192 ad
283 4147 462 4208 cognationem
484 4145 622 4210 plurimum
645 4145 755 4210 pertinet
772 4155 796 4193 et
814 4146 845 4192 ab
865 4159 915 4194 uno
933 4145 1017 4210 capite
1034 4144 1166 4194 descendit
1184 4170 1215 4179 —
1235 4143 1362 4195 Gallorum

87 4207 243 4272 Gotlofredua
258 4228 286 4275 p.
306 4213 356 4260 102
426 4215 458 4262 13
476 4213 587 4263 teliorem
657 4215 690 4262 14
706 4212 836 4286 sepulture
888 4212 962 4262 tertia
979 4227 1039 4278 pots
1059 4238 1090 4247 -
1109 4211 1254 4276 sepulturae
1272 4213 1364 4263 dieitur

86 4275 110 4324 tlt
125 4277 248 4328 humando
267 4278 440 4342 Gotltosredua
455 4297 482 4343 p.
503 4283 552 4330 102
622 4281 654 4330 16
672 4282 791 4342 ntoepnio
842 4281 944 4330 moenia
962 4306 995 4315 —
1013 4281 1172 4344 priuatorum
1193 4281 1364 4344 damosacum

86 4359 105 4405 p.
117 4349 167 4395 102.
179 4349 240 4405 toa,
259 4348 294 4410 es.
309 4347 386 4412 terp.
399 4364 426 4413 p.
440 4349 498 4410 281,
519 4352 563 4413 qul
577 4363 627 4413 pro
645 4349 738 4398 altern'
751 4347 889 4397 ‘aedilicia’
908 4362 995 4397 muros
1013 4349 1093 4398 sarili
1108 4347 1190 4414 iubet,
1211 4363 1261 4412 pro
1280 4351 1363 4400 altem

86 4463 136 4510 nuri
152 4463 339 4525 dediticiorum,
355 4466 470 4527 sortasse
487 4473 566 4516 recte.
659 4469 691 4517 19
712 4466 848 4516 soliditatis
867 4463 917 4532 cst]
941 4429 1084 4528 soliditatels
1137 4481 1212 4516 omne
1229 4491 1262 4501 -
1281 4475 1361 4516 totum

86 4530 184 4581 soliditas
204 4533 377 4596 Gotdosredus
391 4551 420 4598 p.
439 4536 500 4596 103,
519 4535 553 4597 cs.
571 4535 647 4599 Reiff.
665 4551 692 4598 p.
702 4537 756 4585 283
832 4536 864 4583 21
884 4535 947 4584 exiit
997 4531 1199 4599 potestllllesse
1251 4534 1362 4584 leultntis

86 4597 110 4646 li
128 4599 198 4664 plaga
220 4603 288 4650 enim
310 4603 389 4650 uerba
412 4612 536 4651 uocantur
604 4605 675 4652 tricus
699 4618 745 4667 per
767 4617 797 4652 so
815 4603 869 4651 exit
885 4627 920 4638 —
937 4603 993 4651 siue
1010 4603 1079 4664 quod
1097 4601 1169 4651 uleus
1186 4627 1220 4636 —
1238 4613 1363 4652 uocantur

87 4665 240 4727 Gotiosrcdua
255 4686 283 4733 p.
301 4671 363 4732 103,
381 4670 415 4732 cs.
436 4671 511 4735 lteiff.
528 4687 556 4735 p.
575 4673 625 4720 2⁹5
711 4673 744 4720 23
762 4672 799 4719 sio
817 4670 879 4732 quid
897 4667 941 4720 dit'a
990 4670 1028 4718 sio
1045 4672 1090 4733 qui
1107 4669 1168 4719 dicit
1185 4670 1299 4720 ostendit
1316 4685 1363 4720 ex-

87 4735 644 4872 1111100“11”’21111111ῗ’
663 4738 982 4872 ‘tltttiiim
994 4739 1362 4872 iotiilttdi'fgliiffmll

88 4867 146 4934 lteiff.
158 4889 185 4937 p.
203 4875 253 4924 207
