3352 5556
266 385 346 434 CCVI
565 371 615 422 Dc
633 371 784 422 IVLIANO
802 371 997 422 TOLETANO
1017 371 1261 422 GRAMMATICO

265 563 353 620 male.
420 555 462 619 30
487 567 517 618 ut
538 565 622 638 petra
646 565 723 618 terra
746 559 853 638 paries.
899 557 935 620 Et
957 557 1008 618 ubi
1031 565 1136 620 natura
1159 557 1206 619 uel
1228 576 1276 618 ars
1304 576 1399 637 genus
1426 576 1484 619 non
1507 558 1563 620 de-

269 660 497 728 monstrauerit,
532 659 600 738 quid
629 660 796 720 laciendum
824 661 886 721 esti
929 662 1096 722 Auctoritas
1159 657 1200 722 31
1229 661 1388 720 srrctoritus
1415 661 1563 720 maiorum

267 762 409 832 doluerit,
433 761 502 842 quid
519 762 686 824 laciendum
704 763 765 823 esti
803 761 929 823 Scribsit
944 764 1060 824 Varro
1076 762 1111 822 cd
1129 762 1316 824 Ciceronem:
1341 764 1564 841 ‘potestatis

266 873 422 924 nostrae
445 872 500 924 cst
522 863 601 924 illis
624 863 737 925 rebus
759 864 848 926 dure
870 883 1023 943 genera,
1047 883 1139 944 quae
1156 883 1195 926 cx
1212 874 1474 944 natarageuus
1490 882 1561 924 non

265 965 418 1035 liabent.
442 965 647 1027 seeundum
671 963 894 1046 qualitatem
917 967 995 1048 (cod.
1013 964 1169 1046 qualitatis)
1193 964 1398 1029 lucutionis
1420 967 1563 1028 similis

266 1067 478 1150 quaerenda
502 1077 558 1130 est
580 1069 705 1130 oratio
727 1079 762 1128 et
784 1069 881 1130 sicut
908 1066 1086 1149 placitum
1114 1067 1223 1130 nobis
1253 1077 1391 1140 manet,
1420 1069 1563 1129 dicitur

266 1173 469 1250 unicuique
493 1173 646 1233 nomen’.
692 1169 745 1232 Vbi
769 1169 977 1232 discernuntur
999 1171 1055 1232 ista
1078 1172 1205 1249 genera?
1228 1178 1283 1232 etc.

348 1307 551 1370 subsistamus
569 1309 742 1384 paululum:
764 1310 825 1366 iam
840 1309 933 1376 uides,
955 1309 1104 1370 Varronis
1117 1309 1214 1368 locum
1229 1311 1261 1368 in
1275 1308 1343 1369 cod.
1359 1308 1453 1369 Bern.
1469 1309 1564 1368 multo

266 1413 440 1472 accuratim
467 1408 596 1484 referri,
632 1427 721 1486 quam
749 1407 916 1471 clodiano
933 1407 1054 1482 sactum
1086 1417 1131 1470 est
1160 1413 1328 1486 culmisque
1359 1411 1560 1486 artigraphis,

265 1530 338 1589 quos
358 1515 379 1573 i.
395 1515 416 1572 1.
440 1513 557 1572 dellius
578 1515 767 1572 enumerouit
789 1511 828 1571 de
849 1511 953 1572 endem
975 1529 1010 1571 re
1031 1511 1219 1572 disserentes.
1265 1512 1344 1571 Nam
1366 1513 1453 1572 baud
1473 1511 1565 1572 dubie

267 1615 379 1676 rauba:
408 1616 583 1674 ‘secundum
611 1616 786 1690 qualitatem
812 1646 856 1659 -
884 1615 1044 1690 unicuique
1070 1614 1188 1674 nomen’
1216 1613 1260 1672 ud
1286 1615 1452 1674 Varronem
1480 1613 1564 1685 resc-

266 1717 365 1777 rendu
391 1723 474 1788 sunt,
505 1714 619 1792 quippe
646 1733 724 1792 quae
751 1717 789 1776 ab
819 1717 995 1792 artigraphi
1021 1715 1185 1776 Berneusis
1211 1723 1301 1790 utque
1327 1717 1422 1792 ipsius
1447 1715 1567 1775 iuliani

174 1851 176 1856 ·
267 1819 390 1880 dicendi
423 1837 479 1879 usu
503 1820 614 1894 procul
641 1818 834 1878 abhorreant.
892 1819 985 1888 Vnde,
1015 1826 1048 1878 ut
1069 1821 1129 1878 iam
1157 1817 1195 1876 de
1220 1819 1330 1878 ceteris
1353 1815 1563 1892 pronioribus,

266 1937 343 1997 quae
375 1923 455 1980 inter
486 1921 641 1980 Iulianum
671 1921 862 1996 codicemque
889 1919 1071 1980 Beruensem
1099 1921 1307 1988 intercedunt,
1345 1919 1563 1995 discrepantiis

266 2031 392 2092 taceam,
409 2024 554 2083 concludi
561 2029 671 2098 potest,
689 2021 766 2083 ortis
780 2022 945 2083 Berncnsis
959 2025 1137 2099 scriptorem
1151 2039 1211 2082 non
1225 2039 1265 2082 eac
1279 2021 1401 2083 Iuliano
1413 2021 1561 2094 hausisse,

270 2127 420 2185 nonnullis
442 2125 491 2185 uel
512 2125 623 2184 desua
644 2125 694 2185 uel
714 2143 754 2184 eu
775 2123 847 2184 aliis
869 2125 985 2185 artibus
1002 2127 1118 2201 passim
1140 2128 1273 2199 insertis,
1297 2126 1353 2185 sed
1370 2125 1564 2184 econtrario

272 2233 326 2288 out
358 2226 512 2287 lulianum
546 2228 729 2302 artiprcpbo
756 2227 908 2286 Beruensi
932 2243 1017 2287 usum
1045 2243 1108 2288 esse
1134 2235 1188 2288 aut
1214 2243 1394 2288 communem
1422 2225 1564 2286 ambobus

263 2329 380 2404 sontem
399 2335 525 2404 praesto
541 2327 649 2399 fuisse.
696 2328 762 2400 Oua
784 2329 822 2388 de
842 2345 877 2389 re
897 2330 1009 2390 certius
1030 2337 1092 2389 tren
1113 2331 1230 2390 demum
1257 2326 1465 2402 iudicabimus,
1493 2346 1563 2389 cum

266 2439 370 2492 cetera
392 2445 517 2506 quoque,
543 2445 620 2504 quoe
642 2447 662 2490 a
684 2428 787 2491 Kellia
808 2437 954 2508 excerpto
975 2437 1060 2506 nint,
1079 2429 1380 2509 perlustruuerirnus.

350 2550 380 2611 p.
404 2527 484 2610 318,
507 2527 549 2593 35
572 2531 691 2610 quando
714 2531 779 2592 dicu
802 2532 852 2593 lric
874 2530 1027 2594 masculini
1050 2534 1168 2612 generis
1190 2541 1250 2602 est,
1274 2531 1390 2612 quando
1414 2531 1481 2594 dicu
1504 2531 1562 2592 hcc

269 2633 410 2702 seminini,
435 2632 551 2711 quando
574 2633 640 2695 dicu
664 2635 719 2695 hoc
742 2636 839 2696 neutri

351 2755 381 2816 p.
404 2731 476 2806 319,
509 2733 524 2796 1
556 2739 704 2808 comunis,
733 2755 789 2798 orn.
820 2755 875 2816 pru
902 2745 931 2798 et
958 2737 1034 2799 dico.
1085 2737 1203 2818 quando
1230 2737 1279 2798 hic
1308 2747 1338 2799 et
1364 2736 1421 2798 hec
1449 2745 1477 2797 et
1505 2735 1564 2796 bue

267 2840 372 2908 omnis,
394 2836 504 2901 ceteris
517 2843 641 2902 omissis.
684 2837 706 2900 4
720 2841 823 2920 posita,
839 2857 994 2916 suprascr.
1011 2857 1049 2900 m.
1067 2840 1103 2900 II
1117 2858 1139 2901 s.
1157 2841 1264 2920 scripta
1307 2836 1329 2902 5
1344 2855 1563 2918 personamque

267 2941 415 3002 interdum
431 2942 538 3020 recipit
553 2959 610 3002 om.
657 2939 675 3002 i
692 2941 793 3020 ipsud,
809 2960 865 3003 orn.
883 2959 976 3020 paene
1020 2939 1039 3003 8
1055 2951 1085 3002 et
1100 2959 1207 3002 nomen
1223 2959 1299 3022 pene
1321 2943 1372 3003 sed
1389 2939 1562 3020 conplere.

267 3043 331 3115 Quo
348 3042 454 3105 modu?
484 3043 515 3104 Si
530 3043 642 3104 dicum:
665 3044 802 3122 Virgilius
824 3043 942 3105 scribsit
958 3042 1133 3116 bucolicum,
1152 3043 1289 3122 Virgilius
1303 3046 1482 3122 georgicam,
1498 3043 1563 3103 Vir-

268 3147 357 3224 gilius
384 3144 531 3207 Aeneidos
559 3163 628 3207 ecce
655 3163 726 3225 sepe
756 3149 881 3226 repetita
958 3144 996 3206 11
1025 3147 1154 3207 auferret
1188 3154 1216 3206 et
1242 3153 1377 3207 ornatum
1405 3145 1564 3206 locutionis

177 3229 180 3240 ¹
273 3249 427 3310 induceret
449 3264 555 3308 nomen
580 3250 707 3326 positum
730 3267 895 3328 pronomen
964 3245 1001 3310 13
1016 3248 1095 3326 quod
1119 3255 1147 3308 et
1169 3267 1277 3308 nomen
1293 3247 1380 3308 uelud
1403 3249 1428 3308 si
1451 3247 1562 3307 dicam:

246 3349 409 3430 ·Virgilius
438 3347 558 3411 scribsit
587 3348 762 3421 bucolicum,
797 3351 860 3429 ipse
889 3353 1073 3430 georgterm,
1103 3351 1182 3411 idem
1209 3351 1365 3420 Aeneidos
1395 3349 1466 3410 dum
1495 3349 1563 3408 dico

269 3471 377 3513 numen
445 3449 485 3512 14
507 3450 611 3513 tultum
635 3469 708 3512 uero
732 3469 840 3513 numen
907 3451 946 3514 15
969 3473 1036 3514 nam
1059 3457 1126 3532 quis
1154 3453 1272 3513 lecisset
1299 3470 1358 3512 non
1381 3450 1504 3512 ostendo
1528 3469 1563 3510 sc

268 3557 293 3614 si
321 3554 436 3615 dicum:
467 3555 535 3634 quis
562 3553 682 3615 scribsit
711 3553 790 3615 hune
819 3553 947 3615 libruml
975 3555 1045 3616 dicit
1072 3554 1143 3616 nrilri
1171 3557 1237 3634 quis
1266 3553 1341 3614 liber
1368 3554 1441 3632 ipse.
1488 3553 1563 3613 llum

269 3656 339 3717 dicit
361 3659 442 3736 ipsc,
466 3673 513 3715 res
535 3673 611 3734 quae
634 3657 728 3716 luctae
750 3665 818 3716 sunt
846 3656 984 3718 ostendit.
1029 3657 1102 3718 Nam
1132 3658 1196 3736 quis
1223 3657 1307 3733 lecit,
1337 3673 1396 3715 non
1425 3653 1562 3722 ostendit,

269 3761 335 3837 quia
359 3777 466 3820 nornen
491 3761 555 3820 eins
578 3759 629 3838 qui
650 3759 729 3829 lecit,
753 3777 811 3820 nun
837 3759 919 3820 dixit.

354 3881 433 3951 Quid
451 3895 526 3939 uero
547 3879 707 3940 Iulianus?
752 3881 813 3940 Pro
833 3882 879 3946 iis,
901 3896 980 3954 quae
1000 3879 1089 3939 modu
1110 3880 1208 3949 nitidi,
1231 3877 1306 3937 icccc
1327 3879 1462 3938 exbibet:

354 3999 439 4058 Sicut
460 4000 484 4058 si
506 3997 587 4059 dicos
610 3998 681 4059 milri
704 4000 784 4077 ‘quis
806 3999 925 4075 scripsit
953 3996 1174 4077 etymologiasl’
1205 3997 1270 4057 dico
1299 3996 1463 4065 ‘isidor-uu,
1493 4013 1564 4054 ecce

269 4101 379 4162 dictum
404 4119 512 4161 numen
536 4100 641 4161 lsidori
664 4109 693 4160 ut
716 4119 779 4170 res,
810 4118 884 4178 quoe
907 4100 1000 4159 iscus
1023 4108 1092 4160 sunt
1114 4109 1144 4160 et
1166 4100 1232 4178 quis
1259 4075 1392 4168 lecisset,
1422 4095 1564 4164 ostendo;

270 4206 341 4264 item
364 4203 438 4264 dicis
460 4202 532 4262 mibi
557 4205 729 4282 ‘synonymo
753 4203 848 4281 quisi’
873 4200 939 4261 dicu
962 4203 1065 4280 ‘ipse’;
1097 4219 1166 4260 ecce
1189 4198 1293 4260 tultum
1316 4217 1425 4260 numen
1449 4197 1564 4268 lsiiluri

269 4307 397 4386 positum
428 4323 592 4384 pronomen
620 4305 700 4384 ipse,
735 4321 783 4364 res
810 4321 885 4384 quac
913 4305 1008 4364 l'octau
1036 4312 1118 4373 sunt,
1154 4301 1293 4370 ostendo:
1332 4319 1399 4362 nam
1433 4303 1485 4380 qui
1513 4319 1565 4360 uus

270 4409 396 4473 iecisset.
422 4425 479 4466 nun
502 4405 638 4468 ostendo.

358 4545 460 4607 tl'unne
480 4547 554 4606 satis
575 4547 693 4619 mirum,
718 4543 834 4604 Isidori
853 4559 958 4604 nomen
981 4551 1010 4603 et
1031 4545 1148 4618 scriptu
1170 4559 1190 4601 u
1213 4542 1334 4602 lulinuo
1355 4543 1386 4600 in
1406 4542 1565 4613 firmanda

270 4649 374 4724 aliquo
396 4647 502 4722 recula
524 4649 762 4721 commemorari,
786 4647 824 4705 ab
847 4645 1031 4722 arcipropbo
1053 4643 1202 4704 demensi
1217 4646 1313 4718 plume
1334 4644 1450 4702 omitti?
1480 4642 1566 4713 Quod

270 4751 417 4826 quomodo
436 4749 507 4822 fieri
527 4751 667 4825 potuerit,
692 4750 776 4809 baud
796 4746 972 4821 inteilepns,
1002 4749 1030 4807 si
1056 4765 1096 4806 ex
1118 4747 1239 4806 Iuliano
1260 4754 1356 4806 ortem
1380 4745 1564 4804 tiernensem

270 4855 395 4930 ducisse
416 4859 541 4922 siutuns,
559 4854 740 4928 praesertim
763 4867 830 4910 curn
846 4847 960 4910 Isidori
981 4865 1084 4909 riomen
1106 4847 1169 4910 illis
1183 4851 1365 4926 temporibus
1380 4846 1565 4908 rectissimum
