3316 5566
624 363 835 418 sonnonem.
1124 333 1133 344 ⁸
1316 364 1376 428 121

167 557 199 618 ln
221 554 267 617 alx
292 569 410 631 quoqne
433 569 524 612 riuum
549 569 656 614 nornen
680 553 841 623 inuenitur,
865 561 897 614 ιιι
918 551 983 614 oalr
1007 553 1105 624 caleis,
1128 553 1208 634 quod
1230 555 1376 634 posterio-

90 678 148 720 rem
170 665 285 736 partem
309 654 392 735 pedis
415 653 567 732 signifieat.

169 761 200 821 ln
223 777 277 820 ans
300 763 372 835 quot
394 773 503 835 genera
526 756 737 818 inueniuntur?
773 756 853 818 ldest
869 762 938 828 trio,
964 758 1125 820 masculina
1140 760 1281 820 feminina
1297 776 1378 819 eom-

92 865 198 932 munla;
221 857 399 926 masculina,
424 865 457 918 ut
478 856 525 918 bie
549 857 689 918 adamans
711 857 799 920 buius
821 859 999 930 adamantis,
1025 879 1133 932 nomeu
1156 860 1261 941 lapidis
1282 861 1378 922 duris·

70 967 162 1027 ssimi.
204 963 277 1025 Item
306 961 354 1022 bie
383 962 487 1040 gigans
515 959 603 1022 buius
631 962 767 1038 gigantis.
815 961 986 1031 Femiulua,
1020 969 1053 1024 ut
1081 960 1153 1023 baec
1181 961 1265 1041 glans
1292 961 1379 1023 buius

91 1065 199 1146 glandis
221 1073 251 1126 et
272 1063 347 1124 baeu
369 1061 498 1124 dodrans
519 1061 607 1123 buius
630 1061 799 1142 dodrantis,
829 1062 885 1124 boe
908 1072 954 1126 est
975 1081 1083 1125 nomen
1106 1064 1247 1142 ponderis
1270 1082 1378 1126 nouem

91 1171 185 1230 uncias
206 1165 352 1228 habentis.
385 1165 558 1227 Communia
581 1165 669 1224 trium
692 1182 835 1243 generum
858 1167 889 1226 in
911 1182 973 1235 ans,
997 1173 1030 1227 ut
1051 1166 1099 1227 bio
1122 1166 1248 1227 ethaeo
1271 1165 1380 1227 etheo

93 1289 188 1332 amans
214 1268 304 1330 huius
333 1268 473 1334 amantis;
502 1267 544 1326 sio
566 1274 647 1327 stans
669 1273 699 1326 et
720 1265 890 1335 ambulans:
920 1275 950 1344 et
972 1269 1071 1329 omnia
1094 1269 1250 1348 partieipia
1272 1269 1303 1329 in
1326 1285 1380 1328 aas

91 1371 262 1441 desinentia,
294 1387 370 1448 quae
397 1386 515 1448 semper
543 1387 559 1430 a
589 1371 686 1447 prima
715 1370 921 1448 coniugatione
949 1371 1089 1440 ueniunt,
1119 1371 1207 1432 trium
1235 1387 1379 1448 generum

63 1474 253 1534 ueommunla
276 1479 355 1533 sunt.
473 1544 478 1554 ι

170 1575 202 1636 ln
223 1593 273 1636 ars
294 1573 352 1637 dua
374 1591 483 1653 genera
506 1573 708 1644 inueniuntur,
731 1572 941 1643 masculinum,
967 1582 999 1635 ut
1020 1573 1068 1635 bie
1091 1573 1170 1636 llars
1191 1573 1281 1635 buius
1303 1573 1379 1634 blar-

92 1679 137 1747 tis;
167 1676 214 1740 bio
241 1685 340 1738 autem
362 1675 441 1737 illars
469 1683 553 1753 pater
575 1673 693 1736 Romuli
721 1673 817 1737 dietus
839 1686 897 1746 est,
928 1693 1014 1753 quern
1038 1675 1162 1738 Romani
1186 1676 1268 1754 quasi
1292 1675 1379 1736 derum

67 1757 261 1848 'adorabant3
285 1779 459 1840 femininum
482 1778 513 1837 in
537 1795 594 1846 ars,
618 1786 649 1837 ut
670 1776 743 1837 haee
766 1795 815 1838 ars
837 1776 924 1839 buius
946 1778 1026 1838 artis.

170 1880 202 1942 lu
217 1879 270 1941 abs
285 1879 341 1941 dna
357 1897 467 1958 genera
483 1879 692 1948 inueniuntur,
716 1877 773 1939 hoo
788 1886 836 1939 est
850 1878 1045 1941 masculinum
1062 1889 1091 1942 et
1106 1897 1279 1949 eommuner
1303 1881 1380 1941 mas-

65 1983 229 2060 ueulinum,
253 1990 286 2042 ut
306 1982 354 2042 bio
377 1980 460 2042 trabs
482 1979 571 2042 buius
585 1979 694 2041 trabis:
717 1980 965 2063 Hieronymus
981 1980 1099 2043 ‘trabis’
1114 1965 1296 2044 nominatiuo
1311 1999 1380 2061 pro-

95 2087 246 2154 nuntiauit,
275 2086 352 2145 sieut
374 2085 409 2143 in
433 2080 628 2159 euangelio
652 2079 773 2160 legitur:
808 2092 843 2144 et
870 2101 954 2144 ecee
977 2082 1096 2144 trabis
1117 2085 1152 2145 iu
1175 2082 1285 2144 oeulo
1307 2091 1379 2144 tuo.
1480 2117 1489 2126 «

95 2189 247 2250 Commune
270 2186 396 2248 duorum
419 2201 577 2262 generum,
601 2192 634 2245 ut
656 2184 703 2245 bie
726 2193 755 2245 et
778 2185 851 2246 baee
872 2183 967 2246 Arabs
990 2185 1078 2248 buius
1092 2184 1211 2257 Arabis,
1235 2183 1312 2266 quod
1336 2193 1382 2246 est

95 2289 195 2368 gentile
216 2290 252 2352 de
275 2286 381 2350 Arabia
400 2286 569 2348 diriuatum.

171 2393 202 2453 ln
217 2410 269 2452 arx
286 2408 376 2451 uuum
393 2407 501 2450 nomen
518 2388 703 2457 femininum,
726 2397 759 2448 ut
781 2388 854 2450 liaeo
877 2407 928 2450 arn
946 2389 1033 2451 buius
1049 2391 1127 2452 areis
1143 2389 1211 2450 buis
1227 2390 1289 2450 arel
1305 2387 1380 2449 bane

67 2513 185 2555 narrem
207 2513 225 2554 ο
247 2511 300 2554 arx
323 2491 360 2554 ab
383 2491 437 2552 bae
459 2508 528 2552 aree
551 2490 606 2551 bae
629 2509 713 2552 arces
741 2491 845 2552 barum
874 2493 986 2553 areium
1010 2492 1059 2553 his
1081 2491 1200 2554 arcibus
1223 2492 1275 2554 bas
1297 2510 1382 2552 arces

99 2615 209 2657 oarees
231 2594 269 2656 ab
292 2594 339 2655 bis
361 2591 488 2655 arcibus.

170 2698 202 2759 ln
225 2695 273 2758 uls
296 2714 386 2757 unum
409 2711 519 2755 nomen
543 2695 732 2764 femininum,
756 2703 788 2756 ut
810 2695 881 2757 baeu
904 2694 970 2776 puls
993 2695 1091 2775 pultis.

171 2799 203 2860 ln
226 2817 281 2860 anx
306 2815 399 2858 unum
423 2814 531 2857 nomen
555 2795 742 2867 femininum,
772 2805 804 2858 ut
825 2797 898 2858 baeu
921 2799 988 2860 lanx
1011 2797 1100 2860 huius
1122 2795 1215 2859 laneis
1238 2805 1268 2858 et
1290 2816 1381 2859 unum

100 2900 296 2969 masmlinum,
321 2907 354 2960 ut
375 2897 423 2959 bic
445 2895 573 2978 phalanx
595 2896 683 2958 buius
706 2898 868 2979 phalangis

71 3019 90 3058 n
171 3003 203 3066 ln
226 3021 286 3064 unx
301 3017 394 3064 unum
415 3017 521 3062 nomen
537 3016 705 3071 commune,
729 3008 761 3061 ιιι
775 3003 825 3064 lu'e
839 3009 869 3064 et
883 3002 956 3064 baec
978 3003 1106 3065 coniunx
1129 3002 1216 3063 huius
1238 3001 1380 3080 coniugis.

172 3105 203 3165 ln
226 3123 279 3166 ens
301 3111 374 3184 quot
396 3119 504 3180 genera
524 3101 740 3162 terminantur?
777 3103 839 3165 Hoc
855 3111 899 3166 est
914 3113 1060 3184 quattuor,
1085 3102 1280 3166 masculinum
1296 3103 1381 3164 iemln

100 3205 188 3267 uinum
211 3223 370 3267 commune
393 3205 608 3284 promiscuum
632 3203 836 3276 masculinum,
861 3216 894 3268 ut
910 3207 956 3267 bie
973 3207 1047 3268 (leus
1061 3206 1149 3267 buius
1165 3204 1270 3266 dentis.
1308 3203 1381 3266 Item

101 3310 255 3387 proprium,
288 3317 321 3368 ut
349 3306 396 3367 bio
425 3306 526 3374 erns:
562 3306 751 3378 femininum,
780 3317 813 3370 ut
839 3307 912 3369 baec
941 3327 1025 3370 meus
1054 3309 1162 3369 mentis
1189 3324 1261 3385 gens
1288 3309 1383 3384 gentis

102 3405 192 3470 bidens
215 3409 351 3478 bidentis,
375 3407 452 3488 quod
477 3425 563 3469 ouem
585 3409 739 3486 signifieat,
763 3415 791 3468 et
814 3407 877 3471 lens
899 3410 996 3479 lentis,
1020 3427 1115 3488 genus
1136 3409 1221 3487 panis
1244 3407 1382 3486 legumen

74 3518 151 3580 uest:
178 3513 246 3573 item
274 3510 339 3571 leus
366 3509 476 3578 lendis,
505 3509 612 3570 animal
643 3519 696 3571 est.
741 3511 903 3574 Commune
926 3513 1015 3574 trium
1038 3529 1197 3590 generum,
1227 3518 1259 3572 ιιι
1282 3510 1330 3571 bio
1354 3518 1383 3571 et

103 3607 163 3673 baec
190 3622 219 3676 et
245 3613 301 3674 hoe
329 3612 422 3673 eliens
450 3611 538 3672 buius
565 3609 680 3672 clientis
708 3613 783 3676 huie.
806 3612 905 3675 clienti
934 3613 1013 3674 buno
1040 3619 1070 3673 et
1092 3611 1169 3672 bane
1191 3611 1329 3674 clientem
1354 3618 1383 3672 et

102 3710 149 3772 boo
173 3714 264 3776 cliens
291 3733 308 3774 o
337 3713 431 3775 eliens
458 3713 496 3774 ab
523 3713 578 3774 boo
607 3722 636 3775 et
663 3715 701 3776 ab
730 3715 784 3775 bae
807 3723 836 3776 et
858 3715 896 3775 ab
919 3715 975 3777 boe
998 3714 1099 3776 clienti
1122 3724 1151 3775 et
1173 3712 1280 3794 plurali
1302 3713 1332 3775 hi
1355 3721 1385 3776 et

103 3811 149 3874 bae
175 3816 298 3878 clientes
330 3825 360 3876 et
392 3816 464 3877 baec
493 3813 610 3877 clientia
638 3815 747 3878 borum
774 3825 804 3877 et
831 3818 935 3878 barum
965 3824 994 3878 et
1020 3797 1127 3878 bdrum
1156 3815 1307 3878 clientium
1337 3816 1384 3877 bis

105 3936 114 3992 ι
129 3915 144 3975 i.
161 3915 233 3979 108·
250 3915 262 4000 ΙΙ
284 3915 440 3978 clientibus
469 3917 524 3978 bos
552 3926 582 3978 et
610 3918 662 3979 bas
689 3918 812 3980 clientes
839 3927 870 3981 et
891 3918 963 3981 baee
986 3917 1104 3980 dtenua
1127 3936 1145 3978 o
1168 3917 1293 3980 clientes
1315 3928 1384 3980 eto

77 4014 205 4080 metientia
227 4019 264 4081 ab
287 4019 335 4080 his
357 4018 529 4081 clientibus:
554 4021 597 4081 sio
620 4020 806 4082 declinantur
828 4020 959 4101 prudeus
982 4023 1088 4100 iugens
1109 4020 1251 4098 frequens
1266 4021 1385 4099 sapiens

106 4125 130 4176 et
147 4123 237 4182 omnia
260 4123 414 4202 partieipia
437 4123 603 4202 praesentis
625 4124 766 4202 temporis
788 4124 817 4184 in
842 4141 895 4184 eus
917 4123 1092 4192 desinentia,
1116 4140 1192 4202 quae
1214 4130 1283 4184 suut
1305 4139 1384 4182 eorn-

106 4224 190 4282 muula
210 4225 300 4285 trium
322 4241 475 4303 generum.
514 4223 646 4286 beorum
669 4243 813 4303 generum
837 4226 1014 4294 communia,
1038 4233 1070 4286 ut
1093 4223 1140 4284 bie
1164 4231 1193 4285 et
1210 4223 1284 4285 haee
1300 4221 1385 4284 libri-

107 4339 180 4397 peos,
202 4325 255 4387 boe
280 4327 397 4404 estqui
420 4323 526 4386 libram
550 4325 662 4407 pendit.

109 4437 318 4455 ’ξι-

164 4512 216 4562 iiu
233 4513 285 4563 ales
338 4513 391 4563 eale
460 4513 649 4564 abnuentium
700 4515 748 4563 triu
765 4515 857 4565 addidi
924 4515 1042 4565 'Iuntina
1129 4514 1160 4562 12
1178 4512 1268 4562 romoll
1335 4527 1386 4575 que

29 4617 37 4636 ,
108 4579 192 4628 romani
257 4584 289 4633 1³
306 4580 369 4631 bnee
387 4597 428 4631 ars
446 4581 525 4632 hartis
611 4584 643 4636 15
661 4582 818 4633 hieronimus
887 4579 1283 4648 euuangelio]Mattb.V114
1354 4582 1385 4631 1'1

108 4640 159 4694 base
173 4649 252 4700 ambis
322 4651 354 4701 19
371 4665 428 4700 ures
447 4651 543 4699 utinm
561 4664 654 4700 nomen
705 4665 761 4700 arcs
831 4652 864 4700 20
880 4665 937 4700 ares
989 4650 1100 4698 antinum
1174 4650 1207 4698 22
1225 4648 1284 4714 plns
1352 4651 1387 4699 at

108 4711 188 4772 palanx
235 4717 353 4784 palangis
421 4719 454 4768 25
472 4719 496 4766 iu
517 4733 570 4767 unx
588 4729 616 4767 ut
633 4718 694 4768 baeu
712 4720 839 4768 conlunex
890 4720 1017 4784 congugis
1072 4718 1105 4767 26
1123 4719 1192 4779 quod
1244 4717 1277 4768 28
1294 4716 1386 4767 buleus

109 4779 253 4847 liligumen
304 4786 429 4838 dolentis
447 4787 579 4836 animalem
599 4789 728 4837 communi
796 4786 963 4838 stelionum
1032 4788 1065 4836 32
1083 4785 1164 4836 elisos
1216 4783 1303 4835 clienti
1353 4788 1386 4836 33

29 4879 30 4898 ;
109 4841 135 4894 be
178 4849 221 4902 bae
237 4853 337 4904 clientis
391 4857 424 4906 36
442 4855 527 4904 omnin
545 4869 561 4903 n
577 4856 712 4922 partieipia
780 4856 814 4908 38
830 4853 921 4905 librem
938 4855 1032 4922 pendet
