3316 5566
625 363 837 416 BERNENSIS.
1318 361 1377 424 ll'l

93 555 232 616 Cereris
260 560 371 632 atque
401 551 506 614 illius
534 553 611 614 iani
640 553 838 615 antistitae
866 553 1027 612 maiores
1054 558 1139 611 nato
1163 567 1202 609 ac
1232 549 1380 612 nobiles

93 655 261 717 mulieres
294 673 371 716 rem
401 655 443 715 ed
472 656 715 732 magistratus
743 672 827 715 suus
856 653 1039 715 delerunt.
1089 652 1262 713 Communia
1291 655 1378 713 trium

93 777 227 836 generum
255 758 286 819 in
315 775 363 828 es,
392 765 425 817 ut
452 754 500 817 hic
526 763 556 816 et
577 755 650 816 haec
674 765 703 816 et
725 756 782 816 hoc
806 766 897 824 teres,
928 755 985 815 hoc
1013 762 1057 815 est
1085 753 1231 814 rotundus
1253 756 1378 816 rotunda

94 859 252 928 rotundum,
276 858 325 919 hio
347 867 378 918 et
399 857 472 920 haec
495 866 524 917 et
547 859 602 918 hoc
625 877 725 920 cuntes
748 877 763 918 a
787 857 953 919 comitando
977 855 1095 916 dicitur.
1133 855 1379 934 interrogandum

69 971 133 1022 aest
152 970 255 1032 autem,
280 959 429 1039 quomodo
452 961 593 1022 dilleruut
616 963 733 1020 numina
754 960 866 1039 primae
882 958 1089 1020 declinationis
1105 959 1135 1018 in
1152 977 1184 1018 es
1200 957 1378 1020 desinentia:

92 1073 137 1124 aut
151 1063 259 1124 Graeca
284 1071 354 1123 sunt
375 1072 426 1123 ant
447 1064 660 1140 patronomica,
684 1080 759 1142 quae
781 1061 951 1139 genetiuum
975 1063 1004 1120 iu
1027 1079 1061 1121 ae
1085 1059 1290 1140 diphthongon
1314 1063 1398 1122 mit·-

92 1173 163 1236 tunt‚
192 1171 224 1226 ut
249 1162 394 1225 Anchises
422 1163 565 1226 Anchisae
592 1159 744 1225 Aeneades
771 1163 933 1225 Aetaeadae.
979 1161 1103 1224 Nomina
1131 1170 1229 1222 autem
1259 1163 1380 1243 quintae

92 1267 287 1328 declinationis
303 1267 312 1325 i
328 1272 396 1326 ante
419 1285 433 1326 s
454 1283 573 1345 semper
596 1266 770 1340 obseruant,
795 1272 827 1325 nt
849 1265 912 1326 dies
935 1264 1044 1343 glacies
1066 1265 1214 1344 pernicies
1236 1262 1377 1340 luxuries,

92 1370 212 1448 exceptis
233 1367 328 1429 tribus
352 1366 534 1430 nominibus:
564 1386 612 1429 res
634 1386 703 1445 spes
726 1367 813 1438 tides,
840 1385 915 1448 qnae
938 1367 947 1426 i
969 1374 1037 1427 ante
1060 1383 1091 1425 es
1114 1383 1173 1426 non
1196 1365 1321 1436 hahent:
1351 1375 1380 1428 et

61 1485 80 1520 10
92 1489 123 1530 ex
148 1472 296 1531 contrario
323 1489 416 1550 pauca
441 1472 559 1532 nomina
582 1471 611 1529 in
634 1472 721 1532 tertia
744 1469 940 1530 declinatione
963 1470 973 1528 i
996 1476 1063 1528 ante
1086 1487 1119 1528 es
1141 1466 1318 1537 obseruant‚
1349 1478 1380 1530 ut

91 1574 179 1651 paries
207 1573 285 1634 aries
314 1575 412 1650 quies:
441 1574 560 1652 requies
583 1579 680 1631 autem
704 1571 742 1631 ab
763 1591 797 1631 ea
821 1571 1005 1651 conpositum
1029 1571 1150 1650 quintae
1173 1568 1378 1632 declinationis

92 1682 140 1734 est.
182 1673 254 1735 Nam
284 1675 398 1755 requiei
427 1673 510 1743 iacit,
541 1693 600 1734 ιιοιι
622 1674 773 1750 requietis.
817 1670 937 1751 Reliqui
961 1678 1061 1732 autem
1084 1673 1182 1734 omnia
1206 1674 1324 1733 nomina
1348 1675 1378 1733 in

91 1795 118 1836 cs
138 1775 297 1838 desinentia
321 1776 426 1850 tertiae
449 1775 654 1837 declinationis
676 1783 753 1834 sunt.

165 1879 196 1938 ln
212 1879 237 1939 is
253 1880 492 1939 terminationem
516 1886 586 1957 quot
609 1893 717 1954 genera
741 1877 956 1938 inueniuntur?
995 1876 1073 1938 ldest
1088 1885 1236 1956 quattuor,
1261 1894 1377 1938 mascn-

63 1977 173 2040 atinum
200 1980 375 2041 femininum
404 1988 541 2040 nentrum
572 1995 743 2046 commuue:
779 1977 989 2048 masculinum,
1019 1987 1050 2038 ut
1077 1979 1125 2039 hic
1155 1979 1239 2058 panis
1266 1975 1377 2058 †renis

92 2083 191 2142 uermis
213 2083 290 2160 ignis
314 2080 391 2168 lunis
414 2083 475 2141 axis
498 2082 578 2140 ensis
601 2081 711 2140 incursis
734 2076 746 2160 ΙΙ
762 2081 782 2140 i.
802 2075 878 2140 106·
895 2077 907 2162 ll
932 2079 1015 2140 collis
1037 2079 1137 2140 corbis
1159 2079 1240 2140 orbis
1262 2083 1376 2160 torquis

90 2180 155 2259 lapis
170 2181 267 2259 puluis
289 2185 409 2260 sanguis
432 2182 515 2242 cinis.
556 2181 707 2242 Feminina
732 2180 803 2241 haec
827 2184 925 2261 cuspis
949 2181 1003 2260 glis
1025 2181 1061 2242 lis
1085 2184 1177 2244 cassis
1199 2184 1290 2242 uestis
1312 2184 1375 2244 auis

91 2281 181 2344 classis
207 2282 292 2345 uallis
319 2286 424 2364 puppis
446 2285 522 2344 cutis
544 2285 656 2344 securis
680 2283 770 2344 turris
793 2285 890 2361 neptis
912 2283 1053 2363 bipennis
1075 2285 1179 2344 messis
1201 2285 1291 2345 restis
1313 2285 1376 2344 sitis

91 2387 130 2444 uis
143 2385 225 2459 sedis,
242 2405 319 2466 quae
342 2387 461 2446 nomina
484 2387 523 2445 ita
546 2383 746 2446 declinantur:
771 2387 816 2445 nis
834 2387 879 2445 uis
895 2387 925 2445 ui
941 2387 1001 2446 uim
1016 2387 1062 2446 uis
1077 2405 1093 2446 a
1110 2387 1151 2445 ui:
1176 2383 1260 2446 aliter
1275 2396 1374 2447 autem

63 2490 261 2550 :unanimum
289 2486 431 2565 singulari
460 2487 562 2548 dicunt
590 2490 708 2557 ‘nicosa
737 2488 816 2564 quod
840 2486 1078 2548 Cominianns
1106 2486 1191 2559 dicit,
1222 2488 1375 2549 unde'uir

92 2589 250 2668 appellatus.
301 2588 523 2649 Priscianus
549 2607 625 2649 uero
648 2586 732 2648 dicit:
767 2587 857 2650 haec
885 2591 942 2650 uis
970 2587 1080 2650 huius
1109 2591 1219 2659 uiris,
1243 2589 1321 2650 unde
1345 2593 1373 2650 in

92 2690 185 2768 plurali
204 2709 328 2752 numero
351 2691 432 2751 nires
455 2692 562 2752 uirium
585 2689 701 2751 uiribus
725 2692 806 2750 uires
825 2691 905 2750 uires
927 2709 942 2750 a
966 2689 1090 2751 uiribus.
1128 2691 1238 2755 Neutra
1255 2694 1375 2754 nomina

91 2793 116 2850 in
136 2796 159 2852 is
179 2794 232 2854 tria
256 2799 326 2853 sunt
348 2791 574 2861 indeclinabilia,
600 2800 631 2852 ut
653 2793 709 2864 hoc
732 2789 849 2872 †tresis
871 2793 951 2852 sexis
973 2791 1062 2854 decis.
1105 2775 1277 2854 Communia
1301 2794 1374 2855 cluo·

93 2911 147 2954 rum
172 2913 329 2974 generum,
359 2893 415 2954 hcc
438 2902 483 2954 est
505 2893 660 2956 masculini
684 2901 712 2953 et
735 2890 871 2953 leminiui
894 2895 922 2952 in
946 2895 971 2954 is
993 2893 1158 2954 desinentia
1180 2892 1271 2958 multa
1294 2909 1371 2964 sunt,

64 3007 155 3069 atquae
181 3004 284 3058 neutra
312 2996 343 3056 in
367 3013 383 3056 e
406 3003 436 3055 et
462 2995 602 3057 adnerhia
624 2997 654 3056 in
678 3003 723 3056 ter
746 3013 782 3055 ex
803 3013 835 3056 se
857 2995 984 3064 iaciunt,
1013 3003 1047 3054 ut
1068 2993 1117 3056 llic
1140 3003 1169 3058 et
1192 2996 1265 3056 haec
1288 2997 1373 3058 tortis

92 3104 115 3154 et
139 3098 189 3158 hoc
216 3099 293 3158 torte
319 3098 462 3170 fortiter„
481 3098 529 3158 hic
558 3104 587 3158 et
616 3098 687 3158 haec
717 3095 863 3158 mirabilis
893 3095 1027 3157 mirabile
1050 3097 1241 3167 mirabiliter,
1272 3097 1373 3160 hicet

94 3193 152 3258 haec
178 3198 251 3260 leuis
278 3200 379 3260 suauis
402 3199 510 3278 regalis
532 3198 628 3260 dulcis
651 3201 793 3277 exanguis
816 3200 972 3269 exanimis,
1005 3198 1053 3260 hic
1076 3207 1105 3260 et
1127 3199 1201 3260 haec
1225 3203 1322 3261 otnnis
1345 3210 1373 3261 et

94 3297 138 3358 ltoc
157 3321 250 3372 omne,
275 3299 353 3379 quod
377 3301 552 3363 aduerhium
576 3311 678 3362 contra
702 3300 834 3378 regulam
857 3303 887 3361 in
904 3320 930 3371 ο,
954 3319 1014 3362 non
1037 3303 1068 3366 in
1091 3319 1124 3362 er
1147 3302 1225 3372 lacit,
1249 3301 1305 3363 hoc
1329 3311 1373 3363 est

93 3405 210 3472 omnium,
240 3423 300 3465 non
330 3406 466 3466 omniter.
511 3404 617 3464 incerti
643 3405 777 3482 generis,
808 3410 840 3463 ut
860 3402 909 3466 hic
931 3402 981 3464 uel
1004 3403 1077 3464 haec
1100 3405 1182 3473 dnis;
1210 3407 1372 3485 promiscui

66 3507 209 3575 ttgeneris,
233 3513 267 3564 ut
289 3505 337 3564 hic
359 3506 458 3585 piscis.

160 3606 190 3668 lu
213 3626 247 3668 os
269 3615 341 3686 quot
362 3625 471 3686 genera
489 3608 705 3669 terminantur?
742 3607 804 3668 lluc
828 3615 873 3669 est
895 3614 1042 3686 quattuor,
1067 3607 1263 3669 mascnlinum
1287 3609 1370 3670 temi-

93 3706 176 3769 ninnm
206 3718 342 3770 neutrum
372 3727 538 3770 commune.
584 3708 759 3779 hlasculina,
790 3717 822 3770 ut
850 3709 898 3771 hic
926 3728 991 3770 mos
1018 3728 1069 3770 ros
1097 3711 1152 3770 llos
1174 3730 1266 3792 nepos
1288 3709 1371 3791 lepns

93 3823 199 3888 tottpus;
222 3811 373 3879 feminina,
397 3818 429 3870 ut
450 3809 524 3870 haec
546 3810 600 3872 dos
624 3811 710 3878 dotis,
736 3811 807 3872 haec
830 3811 894 3888 glos
909 3810 1009 3890 glosis,
1034 3811 1105 3872 haec
1121 3831 1173 3872 cos
1188 3815 1272 3882 cotis,
1297 3813 1370 3874 haec

93 3905 162 3972 artos
187 3911 318 3980 arboris,
348 3911 426 3991 quod
451 3918 479 3971 et
501 3911 591 3973 arbor
613 3911 732 3973 dicitur.
779 3913 904 3984 Neutra,
935 3921 966 3974 ut
989 3914 1045 3974 hoc
1067 3933 1100 3974 os
1124 3915 1185 3975 oris
1207 3923 1237 3975 et
1259 3915 1315 3976 hoc
1338 3935 1371 3977 cs

20 4027 21 4032 ¹
68 4012 159 4072 iiossis.
199 4015 363 4076 Commune
392 4013 518 4076 duorum
547 4032 703 4092 generum:
735 4014 781 4074 hic
810 4023 839 4074 et
866 4016 939 4075 haec
965 4012 1041 4095 †tos
1069 4034 1120 4076 cos
1149 4017 1233 4086 totis,
1264 4017 1314 4078 hic
1341 4025 1371 4078 et

95 4103 152 4173 haec
170 4115 321 4183 sacerdos,
346 4114 394 4175 hic
417 4115 541 4176 ethaeo
564 4115 618 4177 hus
642 4115 741 4185 honis,
765 4115 865 4177 hicet
888 4116 960 4178 haec
982 4137 1113 4198 compos.
1185 4131 1192 4138 '

20 4243 21 4258 ι
96 4227 301 4247 Ἢ*

146 4302 252 4352 laeteris
265 4301 350 4363 adque
362 4300 439 4350 illuns
473 4303 593 4352 antestite
626 4303 1257 4370 maioresnnnprotensaenobttest’ructanue
1291 4307 1369 4359 3hnc

20 4401 21 4414 ι
95 4370 255 4419 ιειιόιιιιιιιιιιιι
290 4369 433 4420 hdelerunt
467 4367 1006 4439 denigrent]Excidieseuideturpropria
1041 4375 1243 4440 inedigtcngcn
1277 4363 1377 4427 tentm'

20 4477 21 4488 a
94 4429 291 4510 “desquiro-pede
341 4440 576 4499 liquaettentees
624 4441 823 4504 llrequiesnnt
875 4444 906 4491 12
920 4457 977 4491 nam
991 4441 1096 4504 reliquie
1149 4445 1179 4494 14
1192 4445 1217 4492 in
1231 4443 1270 4493 his
1284 4446 1368 4494 termi-

20 4523 21 4552 ι
95 4509 200 4554 tattonem
217 4507 286 4569 quod
345 4507 387 4556 -15
404 4507 459 4556 reni
477 4509 567 4558 sermis
638 4510 668 4559 17
688 4507 825 4558 femininae
842 4509 903 4560 tneo
920 4526 994 4560 cecus
1013 4512 1053 4575 pis
1105 4512 1173 4561 cusis
1242 4510 1274 4561 18
1292 4512 1368 4562 clasis

121 4572 200 4636 puhpis
249 4575 314 4624 mesi
332 4575 369 4623 sis
439 4576 470 4624 ta
489 4575 585 4625 uisedis
637 4577 778 4626 declinatur
830 4579 870 4628 uis
889 4578 963 4630 einim
1027 4581 1059 4628 20
1078 4579 1148 4627 uirus
1167 4579 1236 4642 quod
1255 4582 1368 4629 comnia-

96 4633 141 4699 ann]
158 4640 189 4701 rs.
205 4639 302 4694 Charis.
321 4659 348 4707 p.
368 4644 416 4703 35,
435 4645 469 4692 29
488 4643 530 4693 rt:
553 4645 623 4693 uirus
642 4645 709 4694 unde
728 4645 767 4694 nir
784 4647 927 4711 appellatur
1028 4648 1060 4696 21
1079 4646 1224 4696 Priscianus
1242 4662 1304 4698 uero
1323 4645 1363 4714 dt]

95 4699 151 4780 idi
164 4711 301 4770 praest
361 4708 430 4760 nirfi
450 4709 522 4776 uiris]
543 4711 605 4760 haee
623 4713 663 4762 nis
682 4712 758 4763 hunius
778 4714 817 4762 uis
837 4715 920 4766 Prisc.
940 4719 957 4768 l.
976 4719 991 4766 l.
1060 4715 1093 4763 22
1113 4716 1195 4764 rrirum
1263 4719 1296 4768 23
1315 4727 1367 4764 trea

95 4777 153 4847 tuen
169 4776 234 4826 sexis
250 4775 332 4843 decis]
351 4777 475 4830 Fortasse
492 4779 662 4830 arridendum:
682 4782 771 4830 tressis
789 4785 904 4833 sesessis
922 4783 1037 4834 decussis
1124 4785 1157 4835 25
1176 4784 1200 4832 in
1220 4793 1256 4836 tes
1334 4785 1367 4836 27

96 4828 153 4904 lenas]
171 4843 229 4893 cinis
296 4848 329 4896 29
347 4848 485 4912 promiscui
503 4863 585 4913 genus
654 4851 684 4900 31
708 4850 733 4898 in
752 4849 798 4900 hus
816 4853 885 4914 qttnd
954 4855 986 4904 33
1004 4853 1051 4901 dus
1070 4853 1131 4904 totis
