3354 5580
634 393 838 446 exonerat.
1330 392 1390 458 193

90 591 180 653 ruut,
213 581 292 643 unde
319 581 459 643 dicebant
485 581 551 642 ‘hic
579 583 644 644 uir’
674 592 704 643 et
732 581 824 643 ‘haec
847 580 975 643 mulier’
999 589 1028 642 et
1050 581 1126 643 ‘boc
1148 580 1240 663 lapis’
1264 591 1292 642 et
1315 582 1390 643 ‘hoo

90 684 197 746 arbor’
221 693 250 744 et
272 684 340 744 ‘hoc
363 688 443 746 cera’
466 691 495 744 ει
517 683 587 744 ‘ltoc
608 685 705 764 panis'
723 691 752 744 et
767 683 835 744 ‘hoe
857 682 975 746 domus’
993 691 1023 744 et
1037 684 1107 745 ‘hoc
1122 685 1250 745 manus’.
1285 683 1389 744 ilonea

90 790 195 866 itaque
219 793 263 854 ιε,
292 787 383 847 irater
406 787 573 856 carissime,
604 795 636 846 ot
658 787 796 866 quamuis
818 803 877 846 non
900 785 955 848 hae
976 803 1056 846 nunc
1078 784 1294 848 consuetudine
1317 787 1390 847 scri·

90 887 183 948 benit
206 889 331 956 cuntur,
361 894 458 948 tamen
487 889 554 966 quia
579 886 636 948 hoc
658 886 736 967 apud
760 893 878 947 ueteres
900 905 956 966 pro
978 895 1060 950 recto
1083 887 1264 958 habebatur,
1293 887 1389 968 siquid

63 991 172 1050 elorte
195 987 364 1051 huiusmodi
386 991 527 1069 scripturn
551 990 716 1069 repereris,
739 985 809 1048 licet
832 1006 890 1049 non
913 987 949 1049 ad
965 988 1160 1050 indubitatam
1183 990 1391 1050 auctoritatem

90 1091 285 1152 referentium
308 1099 410 1170 putes,
439 1097 537 1152 tamen
560 1091 628 1169 quia
652 1108 667 1150 a
690 1089 842 1151 ueteribus
871 1099 1048 1171 usurpatum
1077 1101 1136 1159 cst.
1169 1089 1391 1172 reprehendere

90 1213 155 1254 non
176 1192 269 1254 debes
291 1193 422 1254 omnino.

171 1293 221 1378 ll.
239 1291 322 1376 lirp
353 1294 428 1355 llicit
450 1294 650 1373 Virgilius:
686 1292 827 1363 Nomina,
851 1311 929 1372 quae
951 1295 1103 1374 conposita
1127 1301 1196 1355 suut
1218 1313 1255 1356 ex
1277 1293 1393 1356 duabus

91 1395 229 1477 partibus
252 1398 415 1477 corruptis,
450 1415 509 1458 oon
532 1402 726 1458 reuertuntur
749 1395 784 1456 ad
807 1397 1026 1474 integritatem,
1056 1403 1088 1456 ut
1109 1397 1173 1475 ipse
1196 1395 1281 1456 dicit:
1320 1395 1392 1457 Cor·

56 1514 79 1552 ιο
92 1499 190 1579 ruptis
217 1508 317 1559 autem
339 1498 433 1559 modis
455 1499 612 1576 integritas
635 1515 693 1557 non
723 1506 768 1556 est
795 1480 979 1574 quaerenda,
1009 1499 1086 1557 sieut
1113 1515 1168 1558 nee
1194 1497 1318 1576 integris
1340 1498 1393 1558 de·

92 1599 218 1669 menda,
247 1602 300 1678 qui
322 1601 401 1660 enim
424 1600 557 1678 corrupti
580 1597 728 1670 dicuntur,
757 1617 818 1660 non
841 1598 919 1680 quod
942 1599 1050 1678 integri
1078 1606 1145 1660 ante
1173 1599 1310 1669 luerunt,
1339 1600 1392 1661 secl

90 1703 163 1782 quia
186 1700 241 1763 soli
263 1701 368 1764 Latine
390 1702 448 1762 dici
468 1708 630 1780 nequeunt.

177 1804 257 1865 Ilici.
302 1801 382 1874 Quot
409 1811 478 1864 sunt
504 1803 608 1864 εεεεει
646 1801 714 1864 Sex.
753 1800 852 1873 Quare
880 1809 950 1863 sunt
978 1803 1047 1864 sexi
1091 1801 1168 1864 Dicit
1190 1803 1393 1887 Virgilius:

92 1906 188 1968 Casus
221 1905 375 1966 nominum
409 1912 478 1966 sunt
512 1921 573 1965 sex.
619 1903 737 1976 Quare?
780 1902 856 1975 Quia
889 1922 941 1966 sex
972 1903 1088 1983 negotia
1119 1902 1257 1966 homines
1285 1915 1391 1984 agunt:

56 2021 78 2061 ιε
93 2008 249 2068 nominant
270 2016 415 2085 generant
436 2005 508 2067 dant
529 2013 621 2083 agunt
642 2004 690 2066 uel
712 2015 853 2066 accusant
875 2013 985 2067 nocant
1006 2005 1155 2066 aulcrunt.

171 2103 186 2192 ΙΙ
201 2109 222 2170 l.
239 2104 326 2190 llill
356 2107 414 2169 Sed
444 2105 517 2168 dicit
537 2105 738 2184 Virgilius:
776 2105 901 2177 Quando
923 2105 990 2168 dico
1015 2106 1127 2168 ‘doceo
1150 2106 1320 2170 hominem'
1343 2109 1391 2171 uel
1483 2168 1484 2172 ,

91 2211 181 2271 ‘anno
204 2209 384 2278 homincm’‚
414 2225 474 2270 non
497 2217 543 2269 est
564 2209 729 2278 accusatio,
759 2208 811 2270 secl
839 2208 1030 2288 glorificatio.
1061 2218 1090 2270 et
1112 2207 1192 2288 quod
1214 2211 1316 2272 uerius
1338 2218 1392 2280 est,

91 2313 125 2372 tit
148 2309 276 2372 uerbum
300 2312 452 2379 ‘accuso',
481 2308 561 2370 idest
581 2325 650 2387 ago,
680 2317 851 2372 accusatum
873 2312 918 2372 ire
940 2311 1011 2372 iacit
1032 2311 1179 2372 inlinitiuo
1202 2311 1317 2386 luturo,
1342 2331 1393 2374 ex·

92 2413 180 2492 pulsa
201 2414 245 2473 ire
268 2421 299 2474 et
321 2429 465 2474 conuersa
488 2418 550 2472 turn
573 2412 604 2470 lo
626 2411 721 2482 tiuus,
751 2413 795 2473 sic
818 2413 850 2474 lit
872 2413 1059 2474 accusatious
1086 2413 1164 2474 idest
1186 2412 1311 2475 actious.
1356 2414 1394 2473 Vt

55 2531 79 2570 ao
92 2513 281 2593 Virgilius
303 2514 389 2576 dicit:
414 2513 455 2574 ue
477 2513 648 2574 accusation
672 2529 740 2574 casu
764 2515 926 2590 quaeritur,
950 2513 1020 2594 quiri
1036 2515 1083 2574 sil.
1121 2513 1260 2591 Plerique
1275 2523 1393 2576 nostro-

91 2635 163 2678 rum
185 2616 243 2678 hoa
266 2614 393 2676 uerbum
415 2615 590 2696 frequenter
606 2599 828 2684 'adhibuerunc
851 2615 927 2676 idest
948 2615 1118 2678 accusandi.
1157 2617 1289 2678 Cicero
1312 2619 1392 2679 enim

90 2719 134 2778 sic
166 2717 253 2779 dicit:
288 2723 463 2779 accusate
492 2713 585 2796 quod
614 2724 757 2777 recturo
788 2724 857 2786 εει,
886 2715 943 2778 hoc
966 2723 1011 2778 est
1033 2717 1146 2794 ‘agitet
1192 2719 1393 2782 Terentius

91 2837 229 2900 quoqne:
259 2837 376 2899 quare
399 2835 469 2880 nou
498 2818 688 2880 accusatis
715 2817 1016 2898 paenitudinem,
1040 2817 1098 2879 hoc
1121 2828 1166 2880 εει
1187 2819 1258 2880 ‘oon
1282 2821 1391 2899 agitis’.

92 2919 287 2982 Giluidius
309 2920 396 2980 etiam
413 2917 450 2980 de
465 2917 621 2980 Ambrosio
636 2919 745 2998 inquit:
769 2918 896 2981 Omnia
919 2919 1027 2981 laude
1048 2918 1249 2982 accusabat
1271 2920 1390 3001 digna,

56 3040 79 3078 ε
92 3041 150 3104 pro
174 3021 315 3102 ‘agebat'.
361 3019 445 3082 Vnde
474 3018 671 3100 intellegitur,
699 3018 779 3100 quod
801 3023 987 3083 accusatiuus
1009 3039 1096 3083 casus
1118 3021 1155 3082 ab
1177 3021 1235 3082 hoc
1256 3031 1391 3095 uocatur,

91 3123 165 3204 quia
194 3122 289 3186 uerbo
318 3121 421 3184 haeret
449 3122 555 3183 actico.
606 3121 644 3183 Et
672 3129 704 3182 ut
732 3122 834 3184 uerius
864 3123 974 3193 dicam,
1012 3125 1075 3204 ipse
1104 3125 1291 3186 accusatione
1320 3127 1392 3188 acti·
1499 3167 1509 3182 .

92 3245 150 3288 uus
181 3227 246 3287 erit.

179 3326 193 3412 {l
210 3329 231 3389 l.
249 3321 308 3388 16¹³
325 3322 336 3406 ll
373 3323 448 3386 Dicit
469 3323 672 3403 Virgilius:
711 3325 791 3386 inter
817 3345 982 3407 pronomen
1012 3336 1110 3389 autern
1140 3337 1169 3389 et
1197 3347 1305 3390 nornen
1335 3329 1392 3392 hoc

91 3433 233 3498 interest,
262 3425 340 3508 quod
368 3443 535 3506 pronomen
564 3427 776 3504 conparatione
798 3445 904 3490 carens
925 3447 1083 3510 personam
1114 3429 1235 3501 lrabeat,
1264 3441 1297 3492 ut
1317 3433 1392 3510 ‘ego

56 3550 79 3588 aa
92 3541 122 3593 tu
145 3529 219 3601 ille’,
251 3545 358 3592 nomen
381 3536 481 3590 autem
504 3545 632 3607 persona
661 3526 775 3590 abiecta
804 3532 1045 3610 conparationem
1068 3533 1208 3612 recipiet,
1232 3539 1264 3593 ut
1286 3536 1393 3593 ‘carus

91 3635 192 3696 carior
213 3631 410 3695 carissimus'.
1175 3625 1179 3634 '

161 3905 255 3956 linde
272 3903 359 3955 Maiae
413 3912 452 3958 ,et
469 3900 518 3950 hoe
535 3899 611 3950 arhor
629 3911 655 3951 ει
672 3902 721 3953 hoe
737 3919 795 3953 cera
813 3915 837 3956 ει
854 3905 904 3956 hoo
920 3905 995 3970 panis
1014 3906 1105 3955 ἀεεεει
1122 3905 1194 3969 apud
1210 3905 1307 3956 Maleam
1376 3908 1392 3956 2

93 3977 189 4034 uranio,
209 3987 278 4027 corr.
296 3985 388 4021 moneo
406 3985 437 4019 m.
455 3968 490 4019 11
559 3965 637 4020 illac
693 3969 771 4037 nune]
791 3987 843 4023 nou
911 3973 1067 4024 thabentur
1084 3971 1172 4022 Maius
1228 3973 1304 4036 scdq;
1327 3972 1392 4024 loric

92 4044 188 4106 tiquia
205 4041 334 4092 ueteribus
421 4037 559 4088 'lorunino
579 4049 630 4087 uun
648 4039 726 4089 debes
744 4039 831 4091 Maiae
910 4037 1081 4106 8Virgilius]
1102 4041 1181 4092 Deest
1199 4041 1270 4106 opud
1287 4041 1391 4092 Maiora.

93 4110 243 4176 apartibus
259 4108 402 4174 eupralin.
421 4103 506 4155 m.11
576 4107 608 4155 10
625 4108 754 4167 querenda
811 4109 943 4169 armenia,
962 4125 1031 4162 corr.
1050 4107 1120 4159 dem·
1138 4125 1168 4160 m.
1186 4108 1223 4159 ΙΙ
1289 4111 1320 4158 ll
1340 4123 1392 4158 nou

93 4193 118 4240 q:
135 4178 281 4244 integritate
299 4187 358 4226 ante
427 4175 458 4223 12
477 4171 603 4234 nequinnt
654 4176 686 4225 13
704 4176 773 4237 qood
826 4174 963 4244 Virgilius]
981 4194 1008 4242 p.
1020 4179 1073 4228 135
1091 4177 1155 4232 Mari.
1209 4179 1241 4226 14
1258 4177 1392 4227 nominum

92 4262 139 4297 aaa.
158 4245 246 4297 Maiae
296 4242 409 4294 hominis
461 4239 579 4290 homines
598 4241 691 4291 habent
708 4244 795 4307 Maius
848 4247 879 4297 15
899 4245 938 4295 uel
956 4255 1094 4295 accussant
1111 4244 1135 4307 (ε
1147 4246 1220 4309 prius
1232 4245 1324 4308 eruc),
1342 4259 1390 4295 om.

93 4313 179 4365 Mauo
230 4312 346 4363 attinent
424 4309 456 4358 ta
468 4305 609 4373 Virgilius]
629 4309 687 4360 Non
705 4319 779 4362 enatat
796 4315 868 4376 opud
883 4313 992 4376 Maium,
1010 4314 1059 4363 ced
1069 4313 1103 4376 cs.
1116 4329 1162 4362 ore
1173 4328 1298 4378 anonymo
1308 4311 1391 4362 Bere.

90 4398 117 4446 p.
129 4385 174 4444 88,
187 4384 284 4448 19eeq.
303 4387 329 4430 et
347 4377 413 4430 Mati
429 4376 509 4427 editio
527 4392 555 4440 p.
574 4378 634 4426 136.
737 4382 771 4430 20
789 4379 927 4446 Virgilius]
944 4398 973 4446 p.
992 4384 1046 4431 135
1057 4381 1128 4439 Mai,·
1150 4381 1185 4443 rs.
1205 4395 1249 4430 ars
1267 4396 1393 4445 anonymo

93 4447 172 4503 Ber-u.
187 4465 217 4514 p.
233 4452 275 4514 87,
290 4451 390 4512 ioaeq.
458 4454 585 4506 quaeruut
603 4444 689 4496 Maius
758 4450 788 4498 21
808 4445 990 4516 adhibuerunt]
1010 4449 1163 4506 tribuerunt,
1182 4450 1251 4514 quoti
1267 4464 1314 4498 om.
1333 4450 1391 4498 cod.

94 4518 172 4581 Matr,
190 4517 350 4584 quomobrem
367 4516 409 4566 ille
426 4512 615 4577 ‘frequentant'
633 4515 764 4578 legendum
781 4518 897 4572 coniecit.
975 4517 1007 4566 22
1025 4517 1093 4566 idest
1109 4517 1185 4582 agite.
1221 4517 1391 4566 Accusatiuus

92 4601 167 4636 εεεεε
185 4585 217 4635 ab
236 4585 285 4635 hoe
302 4592 407 4634 uocatur
424 4579 516 4632 Maius
533 4581 627 4630 ceteris
644 4585 757 4640 amicam
774 4587 894 4636 nonnulla
911 4601 947 4636 ea·
963 4586 1027 4648 illie,
1046 4600 1111 4650 quac
1122 4599 1204 4648 supro
1219 4585 1307 4648 posita
1323 4591 1391 4648 εεει,

93 4655 181 4704 ludat
199 4653 368 4717 Gainpiedoa,
387 4664 458 4716 quem
475 4654 552 4698 uocat
568 4647 668 4713 Maiae,
690 4655 868 4716 pranmoticaoe
883 4670 912 4718 p.
931 4655 964 4704 18
981 4659 1035 4703 not.
1053 4653 1121 4714 Mol,
1150 4652 1184 4714 cs.
1204 4668 1249 4701 err
1266 4667 1392 4716 anonym

93 4719 463 4787 ammanuensium,
532 4717 668 4767 terrentius
742 4721 775 4770 23
793 4722 967 4786 penitudinem
978 4715 992 4788 ll
1003 4721 1168 4786 penitentiam
1186 4735 1232 4768 ore
1251 4719 1393 4771 Berrceoaie

94 4798 119 4838 et
137 4790 293 4853 Goiosredue
376 4787 410 4838 24
428 4783 518 4846 inquid
595 4785 629 4832 26
647 4795 671 4834 ει
690 4788 775 4837 iterius
794 4789 875 4838 dicam
894 4789 982 4840 Maius
1050 4787 1211 4838 acerasatiuus
1229 4788 1286 4853 ipse
1304 4788 1393 4840 Molos

93 4857 125 4907 28
144 4854 282 4925 Virgilius]
303 4857 361 4906 Noc
378 4859 453 4906 extat
470 4852 542 4916 opud
558 4851 662 4918 Maium,
681 4856 716 4918 es.
734 4871 779 4906 ors
797 4874 921 4923 ercongota
938 4857 1020 4912 Bern.
1037 4857 1058 4921 s.
1078 4853 1148 4907 113¹³
1164 4873 1192 4921 p.
1213 4859 1275 4922 134,
1289 4861 1392 4908 25-29

6 5005 7 5008 ,
117 4958 212 5002 Gonu.
224 4967 278 5001 nae.
290 4957 373 5013 iimo·
1156 4943 1188 4994 13
