3308 5542
478 300 587 354 cont).
606 301 737 354 BERNN.
756 301 805 354 522
825 307 853 355 et
870 303 928 356 433.
1266 319 1353 368 XLIII

81 498 112 552 illa
134 494 242 570 ntique,
272 511 343 570 quae
372 511 423 552 nee
451 493 560 552 auditur
583 489 648 570 (ns)
677 511 728 552 nee
758 495 880 570 tangitur
910 483 992 572 (uel,
1026 497 1097 554 sicut
1125 497 1224 554 eliditur
1251 497 1353 556 iustitia

81 590 145 655 petas
163 589 190 636 et
211 579 331 654 reliqua.
376 580 490 654 Proprie
511 572 576 652 (aa)
600 579 633 636 ad
656 595 758 654 eorpus
779 581 914 655 pertinet,
943 583 1007 657 quia
1029 599 1109 639 omne
1130 599 1250 656 eorpus,
1280 583 1353 656 qnod

81 675 149 740 potest
169 683 213 722 res
238 681 319 736 esse,
342 672 369 721 et
392 665 532 740 proprium
556 673 583 721 et
605 663 802 740 appellatiuum
825 665 921 739 habet,
950 674 981 724 ut
1003 666 1103 724 dteitnr
1129 667 1212 724 Roma
1242 667 1353 724 ciuitas:

82 752 236 808 communiter
258 749 296 806 ad
318 766 375 808 rem
399 749 558 824 coniungis,
589 749 694 807 seilicet
721 749 890 824 spIritalem‚
918 768 988 827 quae
1011 770 1111 828 eorpus
1135 768 1194 810 esse
1218 769 1271 808 non
1295 761 1355 825 pot·

81 847 122 907 est,
145 845 173 892 nt
192 835 297 893 dieitur
317 835 423 892 instilla
451 835 539 910 pietas
563 829 697 912 [institIa]
727 835 862 910 dignitas,
891 839 952 911 quia
981 836 1026 894 illa
1055 853 1163 911 semper
1189 839 1354 908 communio,

83 923 132 978 dest
154 920 320 996 appellatiua
349 920 492 994 dicuntur,
520 921 581 994 quia
610 921 700 977 omnia
729 919 861 996 spiritalia
890 925 997 978 aomina
1022 923 1064 980 luis
1087 919 1135 997 (ln)
1157 921 1254 979 similia
1278 939 1355 978 num·
1447 979 1453 992 ,

82 1024 138 1082 pam
157 1009 319 1080 proprium,
343 1005 390 1062 sed
411 1020 519 1080 semper
540 1004 735 1080 appellatiuum
757 1005 867 1062 lrabeat.

144 1124 196 1183 liis
223 1121 329 1183 uerbis
355 1123 455 1182 codena
477 1123 520 1182 ad
538 1125 627 1194 finem
651 1123 817 1199 perductus
838 1131 897 1190 est,
926 1125 1013 1184 euius
1033 1125 1155 1184 sinilia
1177 1123 1356 1200 quibusdam

82 1243 152 1301 anta
175 1226 265 1286 neda
291 1226 388 1300 pretii
406 1225 526 1299 publici
551 1225 626 1285 iuris
649 1224 762 1297 secisse
789 1226 908 1300 uideor,
938 1225 972 1286 id
992 1231 1021 1285 et
1042 1227 1190 1286 assentior
1208 1224 1306 1298 facite
1326 1231 1356 1285 et

81 1329 121 1387 aa
137 1345 182 1388 eos
194 1341 291 1404 spero
305 1327 435 1401 inaeaue
449 1323 657 1400 confessuros,
681 1327 758 1386 lraec
779 1344 895 1403 quoquc
918 1327 962 1386 ad
982 1327 1074 1386 medii
1095 1329 1167 1388 acui
1187 1327 1355 1388 doctrinam

82 1429 241 1490 meditem
260 1430 389 1506 penitus
409 1429 647 1503 capnoseeodam
669 1444 727 1488 non
750 1443 880 1504 prorsas
901 1429 1000 1502 suessa
1022 1430 1220 1505 nealeaendu.
1264 1429 1356 1504 Epai-

81 1534 126 1590 iea
144 1533 222 1594 iaec
244 1531 461 1607 artiprupnum
482 1533 611 1604 primum
627 1533 753 1606 repperi
772 1532 863 1591 trium
884 1532 1060 1605 linauurum
1083 1532 1247 1592 uarietates
1268 1537 1357 1605 atque
1457 1533 1463 1544 “

30 1685 31 1704 ,
78 1635 257 1710 proprietates
280 1635 361 1692 inter
381 1649 414 1692 se
435 1640 660 1708 conparantem.

30 1791 31 1814 p
142 1735 199 1794 Sed
220 1736 272 1795 liis
293 1735 475 1812 appendicis
495 1737 560 1796 ioco
587 1735 623 1796 aa
652 1736 807 1810 quondam
835 1738 1008 1810 arpurnenti
1032 1735 1257 1796 similitudinem
1284 1735 1356 1794 tibet

30 1899 31 1920 p
80 1839 238 1912 munaus,
270 1853 351 1912 quae
371 1840 403 1897 in
426 1843 561 1898 extrema
587 1838 701 1898 codicis
725 1835 887 1898 Berneresis
911 1843 969 1897 432
985 1839 1107 1912 paupino
1128 1852 1206 1898 saec.
1231 1836 1361 1896 tit-X

29 1971 31 2044 p
81 1942 106 1996 te
122 1941 229 2000 Donati
250 1945 323 1998 arie
344 1942 460 2015 scripta
481 1945 551 2000 sunt
572 1942 661 2014 quasi
681 1939 913 2000 introductoria.
957 1939 1035 2000 Sient
1057 1947 1157 2000 autem
1179 1939 1272 1998 tace:

29 2045 30 2110 1
141 2043 287 2101 Sciendum
311 2051 354 2100 est
376 2043 480 2118 primo,
510 2044 572 2118 qula
602 2043 751 2101 auctoritas
778 2045 973 2117 scalpturarum
1001 2043 1044 2102 nel
1073 2045 1170 2100 artium
1195 2042 1355 2117 plerumque

29 2129 30 2192 l
81 2127 144 2183 intus
169 2129 382 2188 commendatur
409 2129 512 2201 modis,
542 2128 612 2185 idest
634 2127 811 2186 eorrflrmatur
833 2144 965 2202 persona,
989 2128 1050 2186 loco
1073 2137 1101 2186 et
1124 2138 1262 2202 tempore,
1285 2127 1357 2184 sieut

81 2217 185 2288 reipsum
208 2223 254 2272 est
280 2215 306 2272 in
330 2215 490 2286 euangelio:
521 2213 603 2270 ‘Cum
627 2223 707 2270 natus
729 2223 804 2270 esset
825 2212 901 2270 lesus
924 2215 950 2269 in
973 2213 1110 2271 Bethleem
1137 2209 1233 2270 luileae
1255 2210 1356 2284 (inulae)

80 2299 199 2356 ndiebas
222 2298 343 2356 llerodis
365 2297 461 2372 regis?
506 2298 623 2356 Dicendo
651 2299 738 2356 enirn:
776 2297 847 2354 ‘cum
878 2308 957 2355 natus
985 2307 1059 2356 esset
1085 2297 1184 2368 losud,
1211 2313 1356 2371 personam

79 2383 189 2450 saradim
217 2383 361 2440 addendo:
390 2383 436 2440 ‘in
459 2383 595 2441 Bethleem
618 2383 714 2440 ludeae
736 2381 854 2454 (intlael’
883 2383 973 2440 losum
1003 2384 1173 2440 demonstrat
1194 2392 1222 2437 et
1244 2381 1356 2439 subinn-

78 2469 160 2539 pmdo:
182 2469 221 2526 ‘in
247 2467 346 2525 diebus
369 2469 495 2525 llerodis'
519 2475 627 2543 tempus
649 2467 777 2526 deelarat.
808 2467 926 2534 Persona
947 2476 1037 2525 antem
1060 2469 1140 2525 liuius
1163 2469 1229 2524 artis
1251 2467 1357 2538 Ilonail,

78 2551 133 2609 loeas
158 2555 242 2612 loma
274 2563 333 2625 est,
367 2563 502 2628 tempore,
534 2563 563 2610 ut
588 2554 689 2626 lertur,
716 2553 874 2611 ConstantIs
897 2553 1072 2628 Imperatoris
1096 2553 1144 2610 lilii
1167 2553 1355 2610 Constantini:

78 2640 166 2714 scripsit
186 2641 262 2698 nanc
283 2647 370 2696 artem
394 2639 469 2696 iussu
492 2638 552 2695 lulli
576 2655 669 2714 papae.

142 2739 215 2800 Eius
243 2739 361 2800 codicis
387 2745 599 2812 oruamentum
629 2745 788 2806 accurate,
816 2745 850 2799 ut
876 2741 963 2806 solet,
991 2738 1150 2815 descripsit
1177 2737 1215 2796 H.
1239 2737 1357 2796 Kailios

74 2841 155 2912 poss.
184 2843 230 2902 ad
260 2841 454 2901 Consentium
479 2857 511 2916 p.
537 2845 602 2900 329.
630 2846 696 2900 333.
741 2839 804 2900 Sed
833 2842 865 2902 in
897 2843 1020 2902 ultimae
1046 2843 1187 2918 popinae
1219 2839 1357 2912 maraine

76 2941 209 3018 userius-i,
248 2959 330 3019 quae
361 2944 400 3004 de
426 2944 608 3004 monasterio
636 2943 816 3004 Mieiaccnsi
841 2945 958 3020 scripto
985 2949 1068 3010 stant,
1101 2944 1145 3002 ita
1172 2957 1204 3002 sc
1230 2941 1357 3001 tabent:

76 3043 113 3102 llic
134 3051 177 3105 est
198 3043 279 3106 liber
301 3045 397 3106 sanati
418 3043 569 3105 mailmiui
593 3045 775 3106 miciaeemsi
797 3043 979 3120 monasfterii
1002 3061 1090 3122 (paam
1107 3045 1133 3104 si
1149 3044 1214 3122 quis
1229 3041 1266 3102 de
1281 3043 1357 3102 istos

75 3141 124 3206 loao
141 3147 145 3226 Ι
163 3145 299 3227 Vespillo
323 3164 431 3226 sep...
468 3149 602 3208 Ceterum
625 3147 703 3208 iaec
724 3148 818 3208 uerbo
841 3150 942 3208 omniu
964 3149 995 3207 in
1017 3163 1129 3206 rasura
1150 3147 1357 3220 sempternus

75 3251 137 3320 atta,
165 3267 229 3326 pua
258 3255 378 3318 aetna,
406 3267 509 3310 manu.
557 3249 695 3310 dedicent
717 3250 802 3309 Petri
822 3250 960 3309 Danielis
984 3247 1096 3321 fuisse,
1121 3250 1301 3324 priusquam
1324 3249 1356 3307 in

76 3348 224 3426 Doaparsii
240 3358 422 3428 potestatem
445 3353 580 3425 eueniret,
605 3367 671 3412 eima
693 3353 848 3428 suspicari
867 3357 1099 3412 consentaneum
1120 3353 1173 3423 sit,
1198 3357 1259 3410 tuns
1280 3367 1357 3410 corr-

74 3457 194 3514 imatur
223 3469 279 3526 eo,
311 3455 392 3528 quod
417 3455 554 3514 Danielis
579 3445 672 3514 manu
699 3461 728 3512 et
755 3455 859 3514 titulus
887 3453 1022 3514 uniuersi
1047 3453 1120 3512 iibri
1147 3454 1179 3511 in
1201 3453 1359 3527 peculiari

77 3555 197 3616 sledda
224 3557 362 3632 scriptus
389 3565 433 3616 est
460 3561 490 3615 et
516 3557 628 3616 multae
653 3555 780 3630 sinentis
806 3557 930 3630 popinis
951 3562 1040 3615 notae
1061 3553 1208 3614 adiectae.
1255 3551 1359 3627 Neque

76 3675 129 3712 uro
156 3659 262 3718 statim
285 3665 356 3732 post
383 3658 468 3717 Petri
487 3658 622 3716 Danielis
644 3663 768 3716 mortem
792 3657 982 3730 Bouporsius
1009 3657 1090 3716 husee
1117 3655 1252 3716 codicem
1274 3670 1357 3714 saetam

76 3759 143 3832 sicit,
166 3761 224 3820 sed
240 3760 337 3835 prior
357 3759 462 3820 tabuit
483 3759 597 3820 Paulae
612 3758 770 3828 Patauino,
794 3775 880 3834 quem
903 3774 983 3819 anno
1007 3765 1082 3816 tritta
1104 3774 1165 3818 urio
1186 3774 1255 3818 eum
1277 3756 1357 3815 Don-

28 3867 30 3920 i
77 3865 158 3921 sardo
183 3863 276 3922 Petri
299 3861 436 3922 Danielis
469 3862 562 3922 lilros
589 3862 693 3922 emese
726 3869 834 3922 auctor
861 3868 905 3921 est
932 3862 1061 3939 Baptisas
1087 3878 1110 3919 s.
1141 3877 1169 3918 u.
1199 3859 1357 3934 Bosporo,

77 3969 140 4022 :aius
165 3979 280 4024 nomen
309 3981 491 4038 quamquam
514 3967 546 4025 ia
568 3963 673 4024 codice
694 3979 841 4040 nusquam
864 3970 972 4040 aperte
997 3965 1140 4038 scripturn
1168 3969 1227 4034 est,
1257 3967 1358 4020 tamen

28 4033 30 4072 '
78 4065 160 4124 *itteris
181 4066 217 4126 P.
243 4065 282 4124 P.
305 4066 499 4126 adnotatione·
524 4069 556 4126 in
578 4067 684 4142 prima
710 4067 828 4142 popina
856 4069 992 4142 marpini
1017 4066 1194 4140 adscriptae
1219 4063 1358 4124 subiectis

28 4167 29 4220 l
75 4170 225 4238 unificari
248 4166 384 4242 uidetur,
414 4184 475 4242 qua
503 4170 552 4228 uir
575 4169 681 4228 doetus
708 4167 811 4228 eodem
833 4169 921 4228 enode
943 4169 1163 4228 Corrseruianae
1184 4167 1260 4224 atriis
1283 4163 1357 4223 Ber-

28 4243 30 4352 l
76 4273 150 4328 amus
170 4269 300 4330 titutum
315 4285 497 4344 peruersum
524 4271 742 4344 interpretatus
763 4277 824 4339 est,
853 4287 913 4348 puo
933 4271 1051 4330 Keilins
1076 4267 1198 4328 librarii
1224 4283 1358 4326 errorent

77 4373 166 4432 uisse
189 4371 275 4433 uidit
290 4389 323 4446 p.
347 4377 412 4431 333.
437 4377 506 4431 333.
551 4371 585 4430 Ρ.
608 4371 731 4432 Patauii
751 4380 866 4441 autent,
896 4375 949 4448 quei
974 4375 1028 4431 illa
1052 4370 1199 4430 saeculata
1222 4391 1356 4464 quarum

77 4481 206 4548 itttttntt't
229 4473 320 4534 unde
341 4474 478 4542 inclusit,
502 4473 595 4534 uerbo
617 4475 693 4533 liaeo
714 4480 799 4533 sunt:
832 4473 910 4534 Ilaec
934 4471 1026 4534 uerba
1049 4473 1180 4551 quirrque
1203 4472 1357 4531 eluitatnm

28 4601 29 4652 3
77 4571 100 4629 at
121 4577 218 4655 inepto
252 4574 402 4652 scriptore
430 4577 524 4654 posita
553 4581 621 4636 snrrt
649 4591 683 4634 ex
708 4575 785 4635 nous
808 4573 842 4643 Ο.
867 4575 897 4638 C.
919 4591 1075 4654 perperam
1105 4570 1278 4642 intellectis,
1308 4573 1357 4651 qni

78 4672 162 4756 slinpri
184 4673 349 4740 dubitabat
370 4693 408 4736 arr
430 4676 630 4755 significarent
652 4677 787 4756 qulntum
811 4675 964 4737 consulem
981 4676 1176 4756 autquinque
1192 4675 1356 4735 ciuitatum.

78 4775 154 4852 leone
175 4799 214 4841 ne
240 4794 348 4839 errare
370 4775 522 4839 uideretur
544 4785 703 4856 utrumque
725 4780 826 4859 posuit
846 4777 879 4839 P.
903 4777 935 4840 P.
959 4779 1129 4856 Bonparsii
1149 4793 1254 4840 nomeu
1275 4783 1303 4836 et
1326 4778 1356 4835 in

28 4885 30 4942 l
