3560 5574
343 347 408 416 254
746 349 982 404 corruendum
999 349 1243 403 smsrnnunsu

342 539 538 620 ‘compescui’
562 539 647 601 lacit:
671 539 753 600 ‘sedo
775 541 820 600 as’
843 540 863 598 i·
885 536 1060 616 tranquillo:
1084 539 1167 600 diseo
1189 538 1339 610 similiter,
1370 540 1424 602 sad
1446 540 1536 604 didici
1560 542 1638 602 lacit.

252 641 383 706 maella
413 641 507 712 enlm,
537 659 612 722 quae
639 641 833 709 inchoantur,
863 659 921 702 non
951 647 1077 718 possunt
1104 640 1216 702 trahere
1244 643 1451 720 praeteritum.
1497 641 1638 704 Horren

342 751 388 804 est
411 749 525 811 rnetuo,
550 743 619 802 inde
642 741 841 810 ‘horribilis’,
870 743 895 802 i·
920 742 1111 812 metuendus,
1141 749 1171 802 et
1199 741 1307 804 horreo
1335 750 1380 804 est
1401 743 1549 823 despicio,
1574 744 1639 804 iude

282 895 286 902 .
342 844 465 906 dicitur:
495 861 566 904 uon
590 843 773 905 horruisti
799 845 962 921 tringinis
992 851 1153 914 uterum,
1177 845 1197 904 i·
1221 861 1281 906 non
1310 844 1485 925 despexisti:
1514 845 1566 905 lric
1587 863 1640 924 pro

252 961 301 1010 sas,
314 961 327 1002 s
341 945 533 1026 despectione
555 947 685 1024 ponitur,
710 943 780 1006 inde
796 941 807 1026 l
826 941 914 1026 17911
930 944 1076 1006 horresco
1099 945 1225 1007 horrere
1245 949 1369 1026 incipio.
1413 947 1662 1014 Consuescet

340 1049 360 1107 i·
384 1045 683 1108 inconsuetudinem
707 1047 834 1126 recipio,
866 1053 1007 1108 econtra
1030 1047 1212 1110 ‘desuesco’
1242 1065 1258 1108 a
1280 1047 1497 1111 consuetudine
1520 1049 1640 1124 recedo,
1727 1053 1728 1056 ’

342 1149 490 1210 ‘desueui’
512 1167 527 1208 a
552 1146 767 1210 consuetudine
789 1150 910 1209 recessi.

239 1267 287 1314 aas,
303 1267 327 1306 ro
425 1249 718 1326 coniugationes
740 1249 873 1310 uerbis
895 1250 1071 1311 accidunt
1094 1258 1178 1312 tres.
1211 1249 1381 1313 Secundum
1398 1251 1640 1314 priscianum

340 1361 480 1432 quattuor
507 1359 590 1426 sunt:
625 1350 757 1412 Donatus
785 1359 845 1410 tres
874 1359 1028 1414 enumerat
1053 1354 1278 1430 coniugatiooes
1306 1354 1491 1432 distinguens
1519 1357 1640 1416 tertiam

341 1461 371 1515 at
385 1461 534 1533 quartam,
558 1450 609 1513 ubi
632 1451 704 1513 dicit
718 1453 728 1512 i
744 1461 911 1532 correptam
934 1450 981 1513 uel
996 1454 1006 1513 l
1022 1453 1212 1534 productam:
1235 1472 1303 1515 cum
1319 1455 1394 1516 dicit
1407 1456 1431 1514 ‘i
1445 1457 1639 1536 correptam',
1654 1470 1674 1507 ιο
1728 1471 1729 1490 ³

340 1558 436 1635 tangit
457 1555 589 1622 tertiam:
618 1571 686 1614 cunr
709 1552 781 1616 dicit
803 1555 829 1614 ‘i
851 1553 1055 1634 productum’,
1084 1556 1178 1634 tangit
1199 1565 1348 1633 quartam:
1380 1557 1494 1626 uincto.
1525 1559 1547 1618 i.
1572 1558 1640 1636 ligo,

200 1658 457 1723 aaas‘utnxt’
480 1657 564 1731 lacit,
594 1656 710 1718 uineior
732 1655 773 1716 ris
796 1655 961 1724 ‘uinctus’;
985 1656 1087 1726 uinco,
1111 1659 1130 1716 i·
1154 1675 1278 1738 supero,
1301 1658 1396 1718 ‘uici'
1419 1658 1506 1728 lacit,
1532 1661 1641 1722 uincor

339 1760 472 1822 ‘uictus’.

249 1877 325 1928 saar
424 1861 595 1922 Genera
630 1858 875 1920 uerborum
913 1868 1018 1920 sunt
1054 1862 1264 1941 quinque.
1319 1861 1392 1922 Corn
1426 1861 1499 1922 dixit
1532 1865 1641 1942 ‘quin-

339 1969 425 2042 que',
455 1979 610 2025 numerum
633 1961 782 2031 deflniuit,
807 1963 875 2039 quia
898 1958 964 2022 alii
989 1961 1149 2023 uoluerunt
1169 1962 1400 2041 impersonalem
1423 1962 1544 2025 modum
1570 1983 1640 2026 curu
1654 1979 1675 2016 1³
1729 1945 1730 2008 l

338 2061 499 2143 generibus
541 2070 571 2124 et
611 2061 876 2140 significationibus
918 2061 1004 2124 uerbi
1046 2071 1161 2125 sextum
1205 2081 1300 2143 genus
1340 2082 1465 2144 ponere.
1533 2065 1642 2127 Genus

338 2174 369 2227 et
403 2165 577 2246 significatio
613 2167 643 2225 in
681 2163 776 2225 uerbo
812 2163 893 2228 idern
931 2171 985 2225 est.
1052 2165 1168 2227 Genera
1211 2165 1350 2228 dicuntur
1392 2185 1407 2227 a
1451 2167 1640 2245 generando,

339 2287 375 2329 eo
398 2268 477 2348 quod
500 2250 605 2348 unuopl
615 2272 776 2343 generetur
799 2264 836 2326 ab
859 2265 969 2337 altero,
991 2269 1143 2346 passiuum
1166 2266 1307 2328 uidelicet
1328 2267 1366 2330 ab
1388 2271 1487 2330 actiuo
1508 2271 1641 2334 oraru·

337 2386 408 2430 uum
431 2385 446 2428 a
470 2369 600 2448 passion.
644 2363 880 2444 significationes
909 2367 1064 2442 dicuntur,
1094 2387 1130 2430 eo
1159 2368 1237 2448 quod
1267 2378 1365 2430 aetum
1394 2368 1440 2430 uel
1463 2371 1640 2449 passionem
1730 2421 1731 2434 ,

248 2489 298 2540 aas,
312 2491 325 2528 s
339 2469 557 2538 demonstrant,
582 2474 612 2528 et
633 2475 680 2530 cst
701 2469 878 2548 significatio
901 2487 1005 2530 sensus
1027 2469 1124 2531 uerbi.
1169 2471 1298 2531 setina
1323 2471 1470 2540 dicuntur,
1495 2490 1530 2532 eo
1555 2472 1677 2550 quoda

337 2579 434 2632 aetum
458 2571 639 2648 significant:
669 2571 835 2649 passiua,
865 2570 1001 2648 eoquod
1025 2575 1193 2650 passionem
1216 2571 1433 2642 demonstrant,
1457 2581 1490 2634 ut
1512 2571 1603 2652 legor
1618 2577 1639 2634 i·

247 2693 296 2744 ssa,
310 2693 323 2734 u
337 2691 402 2734 mea
426 2670 518 2733 uerba
541 2670 691 2750 leguntur.
725 2669 864 2732 Neutra
887 2671 1027 2734 dicuntur
1050 2690 1108 2734 non
1131 2674 1215 2754 quasi
1237 2672 1346 2750 aliquid
1370 2691 1430 2734 noo
1453 2675 1638 2752 significent,

335 2776 356 2836 l·
380 2773 429 2836 uel
457 2781 554 2835 actum
583 2773 631 2834 uel
654 2772 837 2851 passionem,
861 2773 912 2834 sed
935 2781 1093 2855 utrumque
1116 2773 1202 2835 simul
1226 2791 1286 2836 non
1308 2776 1489 2851 significem
1513 2777 1639 2855 quaudo

335 2885 434 2938 actum
463 2876 643 2954 signidcant,
680 2875 848 2954 passionem
877 2874 1025 2946 relaxant,
1061 2884 1090 2936 et
1117 2876 1236 2956 quando
1266 2878 1448 2956 passionem,
1479 2877 1639 2940 dimittunt
1731 2909 1732 2958 j

233 2999 282 3050 ses,
297 3001 321 3040 11
336 2985 444 3040 actum.
488 2977 700 3039 Communia
728 2975 882 3046 dicuntur,
911 2995 947 3038 eo
970 2977 1049 3058 quod
1078 2976 1134 3038 sub
1157 2997 1215 3040 uoa
1238 2978 1402 3039 litteratura
1426 2977 1501 3040 duos
1523 2996 1673 3040 sensusss

234 3081 356 3150 ascani·
380 3080 455 3142 duos
484 3078 654 3140 intellectus
682 3076 801 3139 habent.
847 3078 1079 3159 [leponentio
1107 3079 1262 3148 dicuntur,
1295 3079 1431 3160 eoquod
1454 3098 1515 3141 nou
1537 3081 1638 3160 depo-

335 3189 408 3244 nunt
429 3199 446 3242 r
468 3180 515 3242 uel
543 3179 620 3261 quod
650 3179 802 3260 deponunt
830 3182 1020 3260 participium
1049 3180 1140 3242 iuturl
1169 3183 1311 3261 temporis
1339 3200 1354 3242 a
1384 3181 1520 3260 pessino,
1549 3183 1635 3260 quod

244 3283 443 3356 aas,sdcsioit
475 3283 506 3343 in
535 3281 603 3352 dus,
633 3290 665 3343 ut
694 3280 861 3360 loquendus
889 3281 1055 3344 lactandus.
1107 3281 1382 3362 impersonalia
1411 3281 1563 3354 dicuntur,
1599 3304 1636 3345 eo

334 3384 413 3466 quod
452 3385 569 3446 tertiam
607 3382 736 3444 habeant
772 3401 940 3462 personam.
1000 3382 1162 3444 Neutro
1199 3386 1375 3465 passiua
1414 3383 1556 3445 dicuntur
1597 3405 1636 3448 eo

333 3486 411 3568 quod
432 3487 463 3546 in
487 3487 635 3566 praesenti
660 3492 689 3546 et
711 3485 741 3545 in
770 3485 870 3546 luturo
897 3483 1062 3547 neutralem
1091 3483 1202 3547 habent
1223 3485 1464 3555 declinationem,
1486 3487 1519 3546 in
1542 3505 1635 3566 prae·
1649 3503 1673 3542 ao

229 3611 279 3664 sss,
294 3615 318 3655 n
333 3591 421 3651 terito
443 3606 516 3650 uero
539 3594 696 3649 transeunt
718 3589 775 3648 iam
798 3589 829 3646 iu
853 3589 1017 3666 passiuam,
1048 3596 1079 3648 ut
1101 3587 1216 3665 gaudeo
1238 3588 1358 3665 gauisus
1380 3605 1455 3648 sum.
1500 3587 1632 3660 Soleo,

332 3692 350 3752 i.
374 3693 405 3752 in
429 3690 647 3752 cousuetudine
675 3687 787 3760 habeo,
816 3687 919 3750 solitus
946 3707 1022 3751 sum.
1068 3688 1268 3761 Conuiuor,
1290 3683 1409 3772 ll180l
1430 3687 1517 3751 simul
1539 3691 1635 3761 uiuo;

511 3825 558 3834 -m

398 3912 415 3962 8
434 3909 578 3960 Secundum
596 3906 767 3975 Priscianum]
788 3909 806 3959 1
820 3926 847 3976 p.
867 3912 927 3971 452,
948 3911 980 3960 18
995 3925 1051 3984 rep.
1069 3912 1199 3977 mutemque
1216 3911 1275 3960 aliis
1291 3911 1363 3962 locis.
1441 3912 1473 3961 10
1491 3910 1534 3959 ubi
1552 3909 1633 3978 dicit]

328 4030 357 4080 p.
376 4015 438 4076 382,
458 4015 491 4062 21
578 4014 610 4062 lli
628 4011 699 4060 uerbi
716 4010 782 4060 sexti
805 4021 905 4061 sextum
998 4013 1028 4062 tt
1040 3985 1126 4061 ¹llerbo
1196 4009 1631 4077 29ueutropassiua1r11Don.

328 4099 356 4200 fii
374 4081 723 4200 ggssuzrffieffmmm
740 4080 831 4130 osana
849 4079 884 4128 H.
903 4078 984 4130 Keilii
1050 4081 1083 4132 at
1102 4076 1192 4147 Soleo]
1211 4081 1245 4142 rs.
1266 4079 1346 4130 Keilii
1362 4082 1450 4180 adnot.
1468 4083 1486 4133 l.
1503 4083 1521 4134 l.
1594 4084 1630 4133 32

330 4269 557 4278 --—-.--.—-·

397 4357 414 4406 d
432 4353 522 4406 Glossa
539 4351 635 4404 codicis
644 4347 786 4402 Beruenrls
801 4349 1045 4417 prorumpam:
1066 4349 1132 4402 llaec
1149 4349 1200 4402 duo
1220 4349 1297 4401 uuarba
1314 4365 1457 4402 consuesco
1475 4361 1499 4403 et
1516 4353 1627 4416 qrrieseo

329 4423 401 4472 aiunt
422 4422 548 4485 quidam
567 4434 617 4471 non
636 4435 694 4470 esse
710 4419 868 4480 tochosrtuu,
892 4421 952 4482 quis
974 4420 1136 4486 praeteritum
1159 4420 1253 4470 hubent
1273 4421 1396 4470 consneui
1415 4431 1439 4470 et
1456 4421 1558 4485 quiesci,
1578 4425 1627 4474 sed

330 4506 419 4541 reuera
436 4491 499 4541 satis
517 4500 629 4556 possunt
646 4503 704 4538 esse
722 4488 880 4547 lnelmatiun,
899 4491 959 4551 quia
977 4489 1100 4538 consuent
1119 4497 1143 4539 et
1160 4489 1246 4552 quieui
1259 4503 1274 4536 a
1288 4489 1371 4537 uerbis
1383 4503 1497 4538 eonsueo
1510 4501 1534 4539 et
1546 4493 1626 4553 quiec

331 4559 450 4621 ueniunt,
473 4573 539 4622 qrrae
557 4557 635 4608 modo
655 4571 703 4607 non
722 4567 782 4607 sunt
799 4557 825 4606 lu
845 4572 907 4616 usu,
930 4557 977 4606 sed
999 4555 1048 4605 illis
1071 4557 1103 4605 ab
1122 4572 1169 4606 usu
1187 4555 1362 4606 recedentibus
1380 4571 1468 4606 eornm
1487 4560 1626 4623 praeterita

329 4629 353 4676 ln
375 4641 422 4677 usu
440 4637 626 4677 remanserunt.
729 4627 761 4676 14
780 4624 870 4676 Oiasso
887 4627 983 4676 codieia
1001 4623 1179 4687 Bernenctcs.
1199 4626 1246 4673 10·
1268 4639 1348 4688 scarp.
1371 4625 1457 4675 decan:
1493 4626 1581 4676 (learns
1601 4639 1626 4677 es

328 4694 483 4759 signiilcstlo
511 4695 577 4746 ldcm
599 4705 639 4744 est
660 4694 685 4744 in
710 4693 794 4745 uerbo.
830 4693 903 4744 llunc
928 4693 1030 4744 modurn
1057 4693 1245 4758 inpersonalern
1268 4692 1396 4754 quidam
1419 4697 1625 4757 grammatici

328 4771 496 4828 potestesse
514 4777 560 4828 per
576 4778 605 4812 se
622 4763 690 4812 sicut
706 4762 818 4812 setinum
838 4771 862 4812 et
879 4763 1024 4827 passinum,
1043 4771 1067 4810 et
1084 4761 1180 4824 quare?
1200 4759 1261 4819 Qtria
1275 4775 1321 4827 per
1333 4773 1422 4810 omnes
1435 4761 1525 4811 modos
1544 4765 1625 4812 currit

327 4838 352 4884 et
369 4829 445 4880 habet
461 4831 548 4882 tectim
565 4843 700 4898 personas.
