3346 5558
567 425 617 476 DE
636 423 823 477 sitantum
841 425 945 476 Auru.
1286 441 1399 490 COXLV

123 634 169 694 pro
189 617 312 678 inlinitio
335 615 434 696 (iuri-l,
458 613 598 676 utillud:
622 613 778 676 ‘dominus
793 613 929 693 regnabit
952 615 980 675 in
996 621 1149 675 aeternum
1174 623 1203 674 et
1226 615 1324 686 ultra'.
1349 635 1403 695 pro

121 703 264 780 ‘semper';
287 718 342 780 pro
364 700 435 768 loci,
460 698 603 760 utillud:
626 703 728 780 ‘porro
750 699 825 760 ultra
849 708 877 761 te
900 708 969 760 sunt
984 701 1137 776 sagittae:
1161 719 1216 780 pro
1239 699 1401 781 ‘amplius’,

121 783 247 846 utillud:
270 785 354 866 ‘qnid
378 799 438 854 est,
461 784 540 864 quod
563 784 668 846 debuit
691 785 766 846 ultra
789 784 889 845 lacere
912 786 1017 845 uineae
1034 790 1141 854 nreae’‚
1166 794 1195 844 ot
1217 784 1306 847 illud:
1330 789 1402 847 ‘non

119 870 262 932 notaberis
292 869 370 931 ultra
400 867 562 939 derelicta’‚
592 877 635 930 et:
667 873 737 930 ‘non
767 869 883 930 discent
912 869 988 930 ultra
1018 867 1207 948 belligerari'.
1254 871 1400 933 ‘Praeter'

119 975 176 1018 cum
197 957 233 1017 sit
254 957 416 1016 accusatiui
438 972 523 1017 casus
550 956 741 1035 praepositio,
764 955 885 1034 ponitur
907 953 1062 1034 aliquoties
1084 973 1138 1034 pro
1162 953 1291 1016 ablatiua
1314 957 1400 1017 ‘sine‘

118 1039 158 1101 uel
177 1059 229 1122 pro
252 1043 420 1120 ‘excepto’;
449 1057 504 1118 pro
533 1049 690 1102 accusatuo
719 1041 772 1100 ita:
802 1043 874 1100 ‘uon
904 1047 949 1101 est
975 1039 1047 1100 deus
1074 1049 1195 1118 praeter
1219 1040 1400 1110 llonrinum'‚

117 1144 163 1204 pro
183 1124 309 1188 ablatiuo
331 1127 386 1186 ita:
415 1125 531 1187 ‘similis
560 1125 652 1187 iactus
682 1135 727 1187 est
749 1124 836 1187 nobis
857 1133 975 1205 praetor
1003 1126 1182 1203 peccatum'.
1214 1124 1291 1186 idest
1313 1126 1400 1187 ‘sine‘

27 1239 29 1260 ι
118 1209 156 1272 uel
177 1212 312 1292 ‘excepto
335 1212 482 1291 peccato’.

187 1296 266 1357 lnter
288 1295 402 1375 ‘super’
426 1303 457 1356 et
479 1297 592 1376 ‘supra’
614 1295 671 1357 hoo
693 1295 789 1366 distat.
814 1295 892 1373 quod
908 1296 1024 1374 ‘super'
1047 1293 1202 1376 aliquoties
1224 1294 1271 1356 ‘ad
1289 1295 1399 1357 locnnr’

115 1381 256 1458 signifieat,
280 1392 327 1443 ut:
352 1380 498 1442 ‘ascendit
519 1399 610 1461 super
630 1379 727 1442 caelos
742 1381 896 1442 Dominns’
921 1377 966 1458 (ds
988 1380 1145 1460 dominus).
1170 1380 1285 1460 ‘supra’
1302 1380 1398 1443 loerrrn

116 1473 232 1536 tantum,
257 1477 305 1526 ut:
329 1467 443 1528 ‘statuit
464 1483 553 1544 supra
576 1473 690 1546 petram
714 1465 806 1546 pedes
829 1467 933 1526 rneos'
979 1464 1100 1545 ‘Vsque'
1125 1467 1306 1545 praepositio
1330 1485 1398 1527 raro

113 1552 167 1610 sine
187 1553 281 1632 aliqua
307 1552 427 1631 ponitur
447 1553 669 1632 praepositione
697 1561 725 1612 et
754 1550 909 1629 aliquoties
931 1549 1004 1617 loci,
1035 1549 1192 1630 aliquoties
1220 1569 1294 1611 uero
1321 1561 1397 1613 tern-

113 1636 184 1713 poris
205 1636 295 1698 habet
317 1637 578 1715 significationem,
611 1637 682 1705 loci,
711 1643 743 1697 ut
771 1633 858 1696 iliud:
889 1639 918 1696 ‘a
947 1636 1022 1696 mari
1045 1635 1196 1716 usquead
1220 1639 1325 1708 mare'‚
1349 1645 1396 1698 et:
1496 1703 1503 1714 ,

113 1723 134 1780 ‘a
154 1721 271 1783 dumine
300 1741 394 1802 usque
422 1723 458 1782 ad
488 1723 632 1783 terminos
662 1723 789 1790 terrae’;
821 1721 980 1801 temporis,
1010 1728 1043 1781 ιιι
1068 1719 1156 1781 illud:
1186 1720 1345 1782 ‘olescendo
1369 1723 1396 1782 in

112 1807 262 1888 Aegyptum
287 1816 317 1868 et
339 1815 403 1867 esto
425 1805 467 1868 ibi
491 1824 588 1885 usquo
612 1806 681 1867 dum
712 1805 806 1866 dicarn
835 1804 913 1866 tibi!
959 1806 1078 1868 ‘Penes'
1108 1807 1289 1886 praepositio
1317 1807 1396 1869 idenr

112 1909 220 1970 semper
242 1893 399 1970 significat,
423 1891 501 1972 quod
525 1899 555 1952 et
576 1891 688 1972 ‘apud’,
713 1889 856 1953 utillud:
879 1892 922 1952 ‘tu
946 1889 1043 1962 fldem,
1066 1908 1153 1971 quarn
1178 1889 1279 1960 habes,
1302 1909 1396 1972 penes

111 1975 252 2047 lebabe’,
275 1976 352 2038 idest
374 1977 462 2056 ‘apud
485 1980 538 2038 te.'

569 2113 615 2175 lle
637 2111 818 2174 ablatiuis
839 2131 916 2174 sex.

18 2287 19 2298 ,
183 2230 314 2293 dblatiui
339 2249 426 2294 casus
448 2233 685 2311 praepositiones
707 2231 763 2293 hoo
791 2231 879 2294 ruodo
907 2229 1023 2292 casibus
1051 2240 1282 2312 praeponuntur.
1329 2236 1392 2296 ‘d’2

18 2311 19 2378 j
111 2316 133 2374 ‘a
154 2315 278 2378 Domino
301 2316 411 2378 lacturn
435 2324 480 2378 est
501 2317 596 2378 ittot’
642 2316 726 2380 ‘Ab’z
756 2316 805 2377 ‘ab
829 2318 892 2397 ipso
915 2316 993 2376 eninr
1015 2313 1137 2377 salutari
1160 2322 1250 2376 meo.'
1295 2317 1393 2380 ‘lusu

110 2399 218 2464 ‘beatus
242 2403 298 2472 uir,
322 2403 407 2464 cuius
430 2411 474 2462 est
496 2402 635 2464 auxilium
658 2401 710 2464 abs
732 2407 784 2471 te’,
808 2399 944 2464 utillud:
968 2403 1077 2462 ‘omnia
1101 2418 1176 2482 quao
1199 2401 1304 2462 dedisti
1322 2404 1394 2464 milri

16 2503 17 2516 ¹
109 2485 210 2548 abste
238 2489 329 2556 sunt’,
358 2488 484 2566 pro‘de
513 2492 654 2549 te’sunt
700 2487 798 2550 ‘Cum'
821 2485 939 2566 quando
962 2484 1137 2547 aduerbiurn
1162 2497 1222 2556 est,
1246 2507 1301 2568 per
1324 2509 1342 2569 q
1366 2499 1395 2549 et

107 2569 158 2632 duo
178 2591 218 2634 un
247 2571 437 2634 scribendum
466 2581 526 2642 est,
556 2591 622 2634 curn
650 2591 723 2634 uero
752 2573 947 2652 praepositio,
977 2589 1030 2648 per
1052 2590 1069 2631 c
1091 2579 1219 2640 uotum,
1249 2581 1281 2633 ut
1307 2573 1392 2634 illud:

107 2656 260 2736 'rapiemur
283 2659 314 2718 in
337 2655 468 2718 nubibus
484 2661 514 2718 in
530 2677 599 2720 aera
615 2665 646 2718 et
659 2660 701 2718 sic
717 2674 834 2734 semper
850 2675 916 2716 cum
933 2657 1059 2717 Domino
1075 2657 1208 2720 erimus!
1246 2658 1391 2720 ‘Coram’:

106 2741 160 2818 ‘qui
181 2761 229 2806 rue
251 2743 407 2804 contessus
430 2743 519 2804 tuterit
541 2761 643 2804 eoram
666 2741 851 2810 hominibus,
880 2739 1045 2802 confitebor
1073 2751 1178 2819 elego
1202 2760 1270 2804 eum
1293 2761 1392 2806 coram

106 2837 181 2902 patre
204 2847 283 2896 meo,
308 2829 359 2906 qni
382 2830 479 2888 estin
502 2828 615 2889 caelis?
661 2828 781 2889 Ponitur
804 2835 901 2888 autem
925 2833 954 2886 ot
973 2843 1029 2906 pro
1045 2825 1164 2903 ‘palona’
1190 2834 1220 2888 et
1241 2847 1296 2906 pro
1319 2832 1392 2891 ‘ma-

107 2911 228 2981 nifeste’.
259 2921 306 2973 nt:
337 2913 448 2974 ‘corano
477 2911 653 2993 loquebatur
682 2920 710 2974 et
739 2930 839 2973 corarn
872 2911 988 2972 adluit!
1038 2908 1145 2972 ‘Ciani'
1181 2915 1302 2991 ponitur
1336 2933 1391 2994 pro

14 3025 15 3030 κ
105 2996 238 3060 aduerbio
261 2996 414 3068 ‘occulte'‚
443 2997 521 3059 unde
550 3007 579 3058 et
607 2995 762 3059 ‘clanculo'
792 2995 985 3059 diminuendo
1013 2994 1168 3057 dirinatur.
1214 2997 1337 3058 l’onitur
1360 3006 1389 3059 ot

103 3100 151 3159 pro
177 3083 400 3162 praepositione
428 3101 514 3144 casus
541 3081 675 3154 ablatiui,
707 3092 751 3144 ut:
782 3081 869 3144 ‘clara
898 3079 1080 3142 custodibus’
1109 3089 1138 3142 et
1168 3081 1255 3143 ‘elam
1277 3085 1391 3145 uocatis

104 3169 209 3245 nagis’.
255 3168 339 3228 ‘lle’2
370 3167 419 3229 ‘de
441 3166 523 3229 eaelo
552 3168 683 3230 audituro
713 3168 805 3228 iecisti
833 3166 998 3228 iudicium.’
1042 3165 1116 3226 ‘E'z
1146 3168 1175 3226 ‘o
1196 3169 1289 3236 iure';
1321 3169 1389 3228 ‘ius'

102 3255 173 3314 euim
208 3253 418 3334 uniuscuisque
452 3255 566 3334 priuata
599 3252 782 3332 intellegitur
815 3258 959 3330 potestas,
990 3269 1045 3313 nos
1073 3250 1213 3312 dicimus:
1251 3253 1280 3312 ‘e
1308 3251 1390 3314 caelo

104 3339 178 3398 uenit
206 3336 293 3398 nobis
320 3336 484 3400 auxilium!
534 3337 624 3399 ‘Er’2
653 3341 701 3399 ‘ex
731 3338 940 3416 praefectura)
986 3336 1175 3397 Praefectura
1205 3335 1312 3399 dieitur
1340 3357 1389 3400 res

102 3421 237 3493 ollioialis,
261 3443 278 3485 a
300 3441 359 3504 qua
382 3424 524 3502 praetecti
547 3433 692 3485 uocantur
713 3423 921 3484 Romanorum.
967 3419 1028 3483 Nos
1050 3428 1148 3482 autern
1172 3441 1239 3483 curn
1256 3424 1388 3502 apostolo

102 3505 236 3570 dicimus:
267 3509 376 3568 ‘ononis
404 3510 483 3571 enirn
511 3510 642 3587 pontifex
671 3527 707 3568 ex
734 3507 904 3568 hominibus
932 3505 1105 3586 adsnrnptus
1134 3525 1189 3587 pro
1218 3506 1386 3569 hominibus

101 3595 307 3656 constituitur.'
359 3591 456 3654 ‘Pro’:
485 3595 551 3674 ‘pro
579 3593 711 3655 cliente.’
755 3590 878 3654 ‘Cliens'
906 3593 986 3653 enim
1016 3599 1045 3652 et
1072 3609 1178 3653 seruus
1205 3591 1387 3672 intellegitur

101 3679 267 3748 demicus,
295 3695 350 3740 nos
373 3697 445 3740 uero
468 3697 534 3740 cnm
556 3676 705 3759 psalmista
728 3677 871 3738 dicimus:
900 3678 967 3758 ‘pro
995 3674 1129 3757 patribus
1153 3679 1211 3738 tnis
1234 3678 1293 3738 nati
1315 3687 1387 3740 sunt

101 3762 150 3824 tibi
172 3763 248 3824 dlii.'
293 3764 407 3825 'Prae’2
432 3763 597 3827 ‘custodes
611 3810 618 3828 .
633 3812 660 3826 ..

176 3903 286 3964 Restat
303 3900 416 3975 fotium
436 3897 566 3976 tertium,
592 3903 623 3961 in
645 3919 714 3977 quo,
734 3906 895 3976 postquam
916 3901 954 3959 de
974 3897 1182 3961 interiectione
1202 3907 1387 3963 transactum

99 4010 146 4077 est,
170 4005 232 4064 iam
252 4005 323 4076 riuis
344 4007 400 4064 toti
419 4005 563 4080 opusculo
585 4005 750 4079 inponitur.
795 4003 896 4078 Ipsius
922 4018 997 4062 uero
1019 4004 1056 4062 de
1077 4005 1287 4064 interiectione
1308 4011 1387 4066 true·

99 4109 189 4181 totus,
223 4109 278 4182 qut
308 4107 438 4183 quinque
471 4107 621 4183 capitibus
647 4103 869 4181 continebatur,
900 4107 1018 4167 tertium
1044 4123 1086 4166 ex
1108 4113 1217 4182 porte,
1247 4113 1388 4182 quartum

98 4209 228 4280 quotue
249 4215 395 4285 superest.

175 4309 238 4371 Fol.
266 4309 341 4371 111⁸:
382 4308 615 4371 .....deratum
649 4307 756 4388 aliquid
790 4308 914 4378 uiderit,
948 4308 1034 4370 dicit:
1070 4309 1143 4372 ‘neo
1173 4309 1308 4389 gratiasl’
1354 4308 1387 4371 ln

98 4396 249 4472 scripturis
271 4396 350 4455 enirn
372 4395 551 4455 innenimus.
593 4393 759 4454 Laetantis:
790 4395 859 4455 ‘hua
883 4392 1043 4456 calefactus
1065 4413 1141 4462 sum,
1170 4394 1230 4456 uidi
1259 4393 1385 4456 loouml’

99 4477 270 4542 Gaudentis:
297 4483 384 4558 ‘euge
408 4477 484 4540 bone
505 4497 594 4540 serue
609 4486 640 4539 et
654 4477 773 4539 tidelisl’
818 4479 954 4558 Oplontis
970 4498 988 4540 o
1004 4488 1033 4540 et
1056 4481 1183 4548 utinanr;
1208 4498 1235 4548 o,
1253 4477 1385 4540 utillud:

98 4560 126 4620 ‘o
147 4567 257 4626 utinum
281 4565 310 4644 (o
329 4573 340 4646 t
358 4563 484 4644 utinam)
508 4565 537 4624 in
554 4562 699 4626 thalamos
714 4565 803 4625 inuisi
820 4565 953 4626 Caesaris
968 4567 1057 4626 issem
1065 4565 1099 4634 !’;
1123 4565 1244 4634 utinam,
1267 4566 1386 4645 quando

99 4648 217 4711 uerbum
243 4667 301 4712 non
324 4651 467 4730 sequitur,
490 4650 655 4710 interiectio
678 4657 732 4716 est,
760 4649 836 4710 sieut
858 4647 990 4711 solemus
1013 4649 1089 4711 bona
1112 4649 1196 4712 nobis
1212 4652 1385 4730 promitten-

98 4731 171 4794 tibus
194 4733 389 4814 respondere:
413 4736 538 4796 ‘utinam
562 4735 699 4796 utinanrl’
744 4735 891 4804 illinantis
916 4743 963 4796 ut:
987 4735 1045 4796 ‘eia
1067 4743 1097 4796 tu
1121 4737 1166 4797 eia
1189 4735 1234 4796 lac
1256 4743 1288 4797 tu
1311 4735 1384 4797 laol’

97 4815 142 4876 Sic
164 4821 241 4880 enirn
264 4821 401 4900 inquietis
430 4819 589 4882 iuuenibus
617 4822 763 4881 trainantes
784 4821 885 4881 dicere
908 4819 1053 4882 solemus:
1082 4821 1140 4883 ‘eia
1163 4831 1193 4882 tu
1217 4823 1261 4882 eia
1285 4821 1330 4882 lac
1355 4831 1385 4883 ιιι

98 4901 166 4962 iaot’
215 4903 298 4966 Vnde
327 4913 356 4966 et
383 4906 523 4967 minantis
550 4913 632 4966 recte
661 4903 797 4967 obtinent
824 4906 1079 4985 significationem.
1124 4905 1323 4978 Blandientis,
1354 4917 1385 4968 ut
