3354 5580
307 337 370 402 226
701 339 935 392 conunurvu
954 337 1196 390 srusmnnnss

307 526 403 588 littera
433 545 483 588 sex
512 526 645 606 adusque
674 527 827 606 peruenit,
857 533 888 587 ut
910 545 925 588 a
949 525 986 588 ab
1009 525 1062 588 abs
1084 544 1169 588 mons
1195 534 1277 588 stans
1299 527 1401 606 stirps.
1445 527 1591 606 Tempo-

306 647 385 690 rum
409 647 539 708 capax,
563 629 582 687 i·
606 628 764 706 receptrix.
810 626 917 688 Breuis
940 629 1019 688 enim
1034 625 1144 708 syllaba
1159 646 1251 690 unum
1268 637 1385 708 tempus
1401 628 1501 696 babet,
1518 627 1590 705 longa

307 748 380 792 uero
403 728 471 790 duo.
517 729 590 790 Cum
614 746 686 808 ergo
708 728 779 789 dicit
801 730 906 808 ‘capax
925 731 1116 809 temporum’,
1140 731 1171 790 in
1193 728 1248 790 bac
1270 730 1442 792 delinitione
1466 747 1591 808 compre·

306 831 410 894 bendit
432 839 461 892 et
484 849 547 900 eas,
572 847 648 908 quae
670 832 759 892 unius
781 833 924 910 temporis
947 838 1016 892 sunt
1037 848 1162 910 capaces
1185 831 1232 892 uel
1255 832 1355 892 duum.
1401 831 1439 892 Et
1461 838 1509 892 est
1528 841 1591 890 tem·

306 953 361 1014 pus
388 935 419 995 in
447 931 557 1012 syllaba
590 934 717 1012 spatium
746 931 910 1012 quoddam,
948 930 1088 993 uidelicet
1118 932 1262 1012 quaedam
1299 933 1415 994 morula
1444 934 1538 994 uocis.
1559 948 1611 986 -s

204 1037 484 1098 marcumunes
511 1041 581 1096 sunt
608 1033 696 1094 modo
718 1033 839 1110 longae,
863 1033 950 1092 rnodo
977 1031 1096 1096 breues.
1142 1034 1177 1096 ln
1206 1036 1216 1094 i
1244 1033 1327 1095 loco
1356 1035 1593 1095 consonantis

306 1138 481 1217 positam,
506 1145 537 1196 ut
553 1137 623 1196 ‘aio’
640 1154 655 1196 a
671 1134 846 1214 producitur
869 1137 898 1194 in
920 1135 1017 1214 prima
1040 1153 1182 1215 persona,
1206 1137 1237 1198 ia
1260 1135 1388 1198 secunda
1412 1125 1488 1196 uero
1510 1135 1593 1195 corri-

203 1240 400 1318 compilor,
431 1239 499 1318 quia
523 1237 611 1297 iiam
641 1235 753 1298 uocalis
781 1244 836 1296 est.
886 1235 1094 1308 Positione‚
1123 1239 1148 1297 i·
1172 1238 1327 1308 missione,
1359 1239 1426 1316 quia
1456 1237 1500 1298 ibi
1530 1236 1592 1296 duas

305 1345 502 1400 consonantes
533 1339 683 1401 mittimus.
734 1337 816 1398 [licta
851 1354 922 1415 erpo
955 1339 1064 1416 positio
1092 1356 1107 1399 a
1136 1338 1291 1417 ponendo,
1325 1357 1360 1398 ec
1389 1339 1467 1417 quod
1498 1346 1593 1418 poetae

305 1440 487 1502 artificalitcr
514 1448 761 1518 composuerunt,
791 1447 822 1498 ut
844 1436 946 1498 breuis
976 1437 1103 1506 uocalis.
1133 1457 1208 1517 quae
1238 1459 1293 1520 per
1314 1459 1346 1502 se
1368 1458 1459 1500 unum
1484 1449 1621 1518 tempusa

305 1542 409 1611 babet.
439 1559 474 1600 cx
503 1539 633 1608 duabus,
668 1557 742 1618 quae
771 1547 944 1619 sequuntur,
973 1539 1205 1602 consonantibus
1233 1541 1340 1604 lrabeat
1361 1540 1489 1603 alterum
1514 1549 1593 1602 etex

203 1662 291 1710 cosmo
305 1650 443 1723 correpta
466 1649 556 1722 queat
578 1659 643 1702 esse
666 1641 819 1721 producta.
865 1640 1106 1711 Producitur,
1130 1643 1150 1704 i·
1174 1642 1349 1721 protelatur.
1386 1643 1430 1702 Vt
1451 1661 1512 1702 ao.
1544 1641 1594 1700 let

305 1764 323 1806 u
346 1727 479 1828 dimisit]
496 1745 563 1824 quia
587 1761 646 1804 non
669 1760 788 1822 semper
810 1750 879 1802 sunt
901 1741 1028 1804 uocales.
1059 1741 1071 1826 Η
1085 1739 1146 1804 201
1160 1743 1172 1826 {l
1197 1743 1423 1823 iunguntur,
1447 1744 1466 1804 i·
1483 1745 1593 1805 soctan

303 1855 361 1908 tur.
393 1845 676 1927 Dipbtbongunn
692 1846 712 1904 i·
729 1843 846 1904 dualem
862 1861 976 1914 sonum,
993 1843 1048 1903 ‘di’
1063 1843 1131 1912 duo,
1147 1844 1343 1924 ‘phthongus’
1366 1863 1457 1906 sonus
1479 1844 1593 1904 dicitur.

202 1949 357 2019 cumdii,
386 1947 586 2028 diphthongus
614 1947 742 2023 antiquis
772 1945 827 2005 luit
848 1946 878 2004 in
902 1963 970 2020 usu,
1001 1945 1053 2005 sed
1082 1944 1170 2007 rnodc
1199 1964 1232 2006 ea
1255 1964 1315 2007 noa
1337 1947 1457 2016 utimur,
1488 1945 1545 2006 nisi
1566 1945 1622 2002 inu

302 2053 364 2131 ipsa
393 2046 554 2130 particula,
582 2047 660 2108 idest
680 2047 902 2114 interiectione,
933 2057 965 2108 ut
993 2049 1039 2107 ‘ei
1063 2047 1162 2118 mibi’,
1191 2049 1359 2109 interiectio
1387 2047 1518 2108 dolentis
1545 2053 1594 2106 est.

139 2152 143 2162 ’
202 2150 480 2218 aas.2c‘Eibam'in
490 2195 602 2212 ......
625 2149 757 2229 posuisse
773 2147 916 2218 creditur,
941 2149 1007 2227 quia
1032 2147 1069 2210 ab
1091 2167 1146 2210 usu
1168 2150 1302 2210 recessit.
1346 2149 1555 2228 Excipitpr,
1577 2147 1593 2204 i·

158 2222 176 2256 β
303 2257 468 2332 separatur.
514 2251 558 2311 Vt
585 2267 698 2318 arrna,
719 2266 836 2310 nomen
866 2249 1001 2311 neutrale
1029 2259 1074 2312 est
1104 2259 1134 2310 ct
1154 2269 1273 2330 semper
1301 2248 1426 2330 plurale.
1470 2251 1593 2316 Arcus,

303 2353 341 2414 ab
363 2351 493 2414 arcendo
516 2349 632 2420 dicitur,
657 2369 692 2410 eo
715 2351 793 2428 quod
817 2351 917 2412 hostes
941 2369 956 2412 a
979 2352 1066 2430 longe
1088 2360 1239 2421 coerceat,
1267 2353 1293 2411 i·
1318 2350 1452 2430 repellat.
1495 2352 1593 2416 Axis,

303 2454 399 2516 tribus
421 2452 596 2531 intelligitur
618 2450 728 2520 modis:
758 2455 820 2531 ipsa
845 2452 985 2513 uidelicet
1007 2471 1091 2533 pars,
1120 2451 1171 2515 ubi
1194 2453 1357 2534 plaustrum
1382 2451 1510 2522 uehitur,
1535 2452 1624 2512 axisn

304 2554 483 2637 appellatum
508 2561 552 2614 cst
574 2555 661 2615 etiarn
685 2571 754 2634 pars
776 2551 863 2622 caeli,
888 2555 906 2612 i·
929 2556 1102 2635 septentrio,
1127 2553 1174 2615 uel
1191 2554 1267 2616 linea
1289 2553 1485 2633 intelligibilis
1499 2573 1514 2616 a
1530 2553 1594 2633 polo

202 2677 290 2727 asara
304 2675 398 2736 usque
420 2657 455 2718 ad
479 2655 595 2736 polum,
618 2651 698 2716 circa
721 2671 808 2732 quarn
832 2652 963 2716 uoluitur
985 2655 1110 2717 caelum.
1156 2657 1332 2724 Positum,
1357 2657 1376 2715 i·
1394 2658 1524 2718 missam.
1557 2653 1595 2712 vt

304 2767 339 2820 at
361 2760 448 2820 luno
471 2765 505 2819 at
528 2759 656 2818 Venus.
703 2757 802 2818 Venus
823 2775 839 2818 a
862 2765 1017 2820 uenustate
1039 2757 1158 2828 dicitur,
1182 2757 1206 2816 i·
1229 2776 1244 2818 a
1267 2756 1499 2835 ptdcbritudine.
1543 2755 1593 2816 lle·

213 2869 422 2930 acs,1nustum
447 2861 525 2920 enlm
549 2858 674 2920 dicimus
696 2858 844 2920 bominem
868 2857 1057 2938 pulchrum.»
1083 2860 1293 2928 Geminaut,
1322 2861 1348 2919 i·
1372 2859 1540 2939 duplicant,
1565 2865 1593 2917 ut

304 2963 396 3024 ‘aiio’.
441 2959 498 3021 Sed
522 2963 589 3041 quia
613 2961 710 3020 lriatus
731 2957 926 3020 intolerabilis
949 2968 1012 3022 erat
1034 2954 1112 3021 in'ter
1133 2968 1177 3021 tot
1199 2959 1333 3028 uocales,
1366 2959 1522 3040 expulsum
1551 2967 1624 3020 estre

304 3081 394 3125 unum
424 3065 433 3121 i
461 3083 478 3123 a
506 3059 775 3140 perspicacioribus
802 3059 896 3122 altero
927 3069 1102 3122 remanente
1130 3078 1185 3140 pro
1212 3059 1327 3122 duabus
1354 3060 1592 3124 consonantibus.
1658 3083 1659 3136 ι

213 3166 344 3226 ⁸⁸⁹·2Vt
371 3166 428 3225 aio
459 3172 493 3223 te
521 3162 677 3224 Aeacida
705 3157 890 3222 Romanos
920 3162 1072 3223 uincere
1100 3180 1219 3242 posse.
1263 3161 1406 3224 Aeacides
1433 3163 1593 3224 dictusest

301 3264 446 3345 Pyrrhus,
475 3265 526 3343 qui
554 3282 620 3325 cum
649 3261 773 3324 deberet
800 3265 844 3323 ire
873 3262 908 3322 ad
938 3262 1047 3324 bellum
1076 3271 1181 3326 contra
1209 3263 1374 3331 Romanos,
1402 3263 1593 3342 interrogauit
1658 3293 1659 3372 q

301 3365 483 3446 Apollinem,
517 3374 615 3426 utrum
649 3366 746 3426 uictor
777 3365 927 3425 existeret.
972 3364 1024 3426 Cui
1059 3363 1140 3426 dedit
1173 3364 1295 3426 dubium
1330 3383 1521 3445 responsum,
1556 3371 1592 3429 ul.
1658 3413 1659 3444 ,

301 3469 433 3548 quisquis
456 3469 603 3536 uinceret,
626 3468 691 3546 ipse
713 3484 784 3527 uera
807 3466 917 3527 dixisse
940 3465 1102 3527 uideretur.
1147 3466 1219 3528 Nam
1242 3466 1383 3527 dicendo:
1407 3469 1437 3526 ‘o
1460 3466 1624 3533 tencrone
1658 3475 1659 3498 ¹

301 3570 348 3630 aio
377 3578 406 3629 te
435 3587 521 3648 posse
547 3570 668 3628 uincere
696 3567 867 3636 Romanos',
898 3567 980 3644 quasi
1010 3568 1165 3628 uictoriam
1194 3570 1221 3628 ei
1250 3569 1397 3648 promisit.
1442 3567 1473 3628 Si
1496 3576 1592 3629 autern

301 3670 425 3730 dixeris:
457 3669 488 3729 ‘o
511 3669 650 3738 Aeacida,
675 3671 721 3729 aio
744 3668 893 3730 Romanos
915 3687 1002 3748 posse
1024 3670 1146 3730 uincere
1170 3671 1222 3742 te’,
1247 3669 1259 3750 ll
1276 3665 1339 3730 202
1354 3664 1368 3749 ll
1392 3671 1478 3748 quasi
1501 3671 1593 3729 uicto·
1658 3721 1659 3742 ,

300 3773 374 3832 riam
397 3771 538 3832 Romanis
561 3771 720 3851 promittit,
745 3769 824 3831 unde
847 3778 876 3830 et
898 3764 994 3843 λοξός
1015 3768 1123 3831 dicitur
1145 3768 1260 3850 Apollo,
1285 3771 1304 3828 i·
1326 3768 1459 3830 lubricus
1482 3777 1512 3829 et
1535 3778 1593 3830 tor·
1658 3767 1659 3836 l

301 3881 416 3942 tunsus,
441 3890 476 3932 eo
500 3872 578 3950 quod
601 3870 690 3932 dubio
714 3870 802 3932 dabat
825 3889 976 3951 responsa.
1658 3863 1659 3942 ]

384 3973 428 4034 De
450 3972 656 4034 communibus
679 3972 808 4053 syllabis.
853 3971 987 4052 Syllabas
1016 3991 1205 4041 communes,
1236 3992 1312 4053 quae
1340 3975 1502 4051 corripiet
1524 3985 1624 4054 pro-³⁵

300 4076 368 4137 duci
396 4081 538 4154 possunt,
566 4073 731 4135 secundum
755 4073 933 4134 Donatum
956 4073 1019 4136 Vlll
1042 4074 1137 4136 modis
1165 4076 1253 4143 liunt,
1283 4075 1335 4135 sed
1364 4077 1444 4136 iuxta
1474 4073 1592 4137 beatum

300 4177 433 4239 Bedam
456 4175 531 4237 Vllll
556 4183 701 4237 constant.
746 4175 864 4235 Primus
887 4175 993 4236 modus
1015 4186 1076 4237 est:

656 4275 765 4337 Vasto
788 4275 962 4355 Cyclopis
983 4279 1020 4338 in
1043 4288 1151 4341 antro

367 4534 487 4598 ipositn
558 4534 586 4581 11
606 4538 743 4594 sequentur
812 4533 844 4582 12
862 4541 890 4581 ut
908 4545 954 4580 ne
1029 4531 1061 4581 14
1078 4531 1239 4598 dyptongum
1291 4531 1325 4596 dy
1377 4543 1491 4598 ptongus
1564 4535 1592 4584 ld

299 4601 448 4666 dyptongus
519 4601 551 4650 16
569 4600 644 4649 michi
714 4601 745 4650 17
764 4599 862 4657 bibam,
880 4614 1012 4664 suprascr.
1031 4595 1074 4664 eo]
1098 4599 1163 4650 Poat
1180 4599 1243 4650 daec
1260 4601 1394 4651 mareotae
1412 4603 1515 4650 diteroe
1533 4617 1591 4650 euc-

299 4677 416 4718 nuerunt.
468 4664 543 4731 qula]
562 4669 604 4718 Aa
623 4667 709 4730 qnod?
761 4669 795 4718 20
812 4669 894 4716 ueitur
945 4668 977 4717 26
996 4681 1073 4716 ιιιιιιιιι
1091 4668 1108 4720 i.
1126 4681 1141 4716 a
1159 4663 1375 4733 perspicntoribns
1444 4669 1477 4718 ut
1496 4669 1590 4723 escitis,

299 4734 338 4784 bic
388 4737 421 4785 28
439 4751 532 4800 pyrrus
600 4737 634 4786 30
652 4735 747 4798 cacida,
766 4735 804 4785 bis
854 4737 887 4786 22
904 4735 978 4784 loxos
1030 4736 1062 4786 37
1080 4731 1200 4800 baedam]
1218 4752 1246 4800 p.
1265 4737 1336 4786 2352
1354 4735 1380 4784 P
1446 4737 1478 4787 38
1496 4731 1590 4801 Vasta]

300 4802 334 4868 cf.
355 4803 422 4854 Dea.
439 4820 467 4868 p.
482 4805 569 4869 369,5
587 4817 641 4854 raon
658 4804 745 4855 adnot.
764 4802 844 4852 Keilii
910 4799 1027 4869 ciclopis]
1049 4803 1127 4869 Verp.
1144 4804 1212 4856 Aen.
1230 4802 1282 4853 111
1298 4805 1348 4854 ort
