3316 5566
607 279 819 332 nannenus.
1309 277 1363 342 ιιι]

79 485 213 548 congrus:
242 487 302 530 uon
332 469 428 530 Codes
456 487 568 547 conger
595 469 679 536 iacit,
709 465 762 530 secl
785 465 900 530 Codrus
923 485 1060 546 congrus.
1105 464 1244 530 Secunda
1265 469 1368 547 regula

79 581 122 633 est
141 572 289 634 nominum
319 571 468 634 secundae
495 569 701 634 declinationis
723 572 755 631 in
778 589 811 630 er
838 571 1027 638 exeuntium,
1056 569 1134 630 idest
1160 570 1209 634 illa
1237 573 1366 642 nomina,

78 693 148 754 quae
168 693 222 754 per
243 675 290 735 ier
312 679 363 734 aut
384 692 440 754 per
462 692 515 752 ger
538 673 690 752 conposita
713 673 918 752 proteruntur,
942 691 978 732 ex
1002 670 1103 732 uerbis
1126 671 1240 734 scilicet
1254 673 1317 734 iero
1339 683 1369 734 ot

78 793 144 854 gero
165 784 194 838 et
214 775 345 838 diuersis
367 775 540 838 nominibus
562 783 781 856 conponuntur,
812 783 845 836 ut
866 774 987 834 Luciier
1009 772 1155 844 incitari,
1180 773 1293 855 dapiior
1316 777 1367 838 dn·

55 877 173 958 aptiori,
195 877 332 940 lructiier
353 879 515 949 lructiierl,
540 878 662 957 pestiier
684 877 831 958 pestiferi,
861 875 973 937 auriler
994 875 1133 944 aurileri,
1161 877 1268 954 igniior
1291 879 1367 957 igni-

77 981 139 1049 ieri,
168 981 294 1058 signifer
323 981 473 1060 signiferi,
502 977 622 1057 ligniier
644 977 782 1056 ligniieri.
827 977 898 1040 item
923 979 952 1038 in
975 995 1043 1056 ger,
1073 985 1104 1038 nt
1126 978 1255 1056 armiger
1278 981 1366 1041 armi·

77 1083 148 1160 geri,
176 1081 301 1161 belliger
330 1081 480 1161 belligeri,
511 1083 650 1160 corniger
678 1081 837 1158 cornigeri.
882 1081 983 1141 Tertia
1010 1079 1114 1158 regula
1141 1087 1185 1140 est
1212 1083 1366 1144 nominum

78 1182 216 1246 secundae
239 1181 445 1246 declinationis
468 1187 498 1245 in
522 1201 556 1244 er
578 1183 790 1252 desinentium,
814 1181 870 1243 ltoe
886 1190 932 1243 est
947 1183 1067 1243 uomina
1083 1179 1213 1253 mobilia,
1238 1201 1365 1262 quorum

79 1284 229 1348 masculina
252 1285 283 1346 iu
307 1304 341 1347 er
362 1288 560 1348 terminantur
583 1293 613 1346 ιι
632 1283 774 1346 leminina
796 1285 826 1345 iu
850 1303 865 1345 a
889 1291 919 1344 et
940 1290 1046 1346 uentre
1068 1285 1098 1343 in
1115 1301 1174 1345 um.
1212 1285 1365 1348 Feminiua

48 1385 122 1447 uilla
142 1389 170 1450 in
191 1406 208 1449 a
231 1387 397 1450 desinentia
424 1389 538 1468 primae
567 1395 638 1449 suut
668 1385 886 1456 declinationis,
916 1385 1078 1448 masculina
1106 1392 1204 1446 autem
1228 1387 1259 1446 in
1281 1405 1314 1448 er
1337 1397 1367 1448 et

78 1498 172 1550 neutra
193 1493 225 1550 in
249 1508 298 1551 um
321 1487 427 1572 secunil
441 1485 565 1552 uolitet
581 1487 653 1571 lidae
675 1486 883 1550 declinationis
906 1495 990 1558 sunt,
1014 1495 1047 1548 ut
1067 1487 1116 1548 iric
1139 1486 1256 1550 adulter
1278 1487 1366 1552 liuius

77 1589 208 1660 adulteri;
230 1595 274 1652 sic
296 1591 381 1671 piger
403 1593 481 1670 pigri
503 1592 586 1670 pigra
609 1592 710 1671 pigrae
733 1592 850 1670 pigrum
873 1591 966 1669 pigri,
990 1591 1032 1652 sic
1049 1596 1133 1651 tener
1148 1592 1246 1651 teneri
1261 1597 1364 1653 tenera

78 1699 187 1756 teuerae
218 1702 354 1756 tenerum
383 1695 494 1763 teneri,
526 1694 569 1754 sic
597 1709 723 1772 prosper
756 1709 899 1772 prospera
933 1710 1127 1774 prosperum,
1161 1710 1246 1753 sacer
1279 1713 1364 1755 sacra

77 1813 198 1868 sacrum,
235 1793 360 1875 pulcher
393 1793 517 1874 pulclrra
549 1792 717 1874 pulchrum.
763 1794 836 1856 item
869 1801 974 1872 quarta
1007 1792 1109 1873 regula
1137 1803 1182 1854 ost
1210 1797 1362 1857 nominum

50 1898 210 1958 semidae
232 1895 439 1958 declinationis
459 1897 490 1958 in
513 1915 546 1958 er
569 1896 783 1958 desinentium:
807 1913 884 1975 quae
905 1915 920 1956 s
942 1904 1006 1958 ιιι
1027 1902 1096 1956 aute
1117 1914 1152 1956 er
1170 1895 1290 1968 habeut,
1305 1893 1361 1958 'itta

78 2001 186 2060 nomina
207 1999 357 2060 secundae
379 1998 585 2060 declinationis
607 2007 689 2068 suni,
718 2006 751 2059 ιιι
773 2007 873 2060 noster
895 1998 1005 2067 nostri,
1036 2004 1135 2060 uester
1158 2000 1260 2060 uestri.
1304 2001 1361 2060 Ex·
1436 2039 1441 2048 ·

78 2102 215 2180 cipiuutur
236 2109 408 2179 campester
422 2101 611 2180 campestris,
635 2099 773 2162 siluester
787 2099 949 2170 siluestris,
972 2099 1106 2180 paluster
1121 2099 1269 2177 palustris,
1286 2118 1362 2178 quae

78 2203 169 2264 tertiae
196 2202 406 2264 declinationis
430 2210 514 2272 suut,
543 2201 649 2264 liceis
672 2209 701 2264 et
724 2209 736 2263 t
757 2201 877 2262 hahent.
922 2203 959 2262 Ει
980 2200 1054 2263 haec
1076 2203 1196 2263 nomina
1219 2204 1362 2264 feminina

77 2305 102 2363 in
122 2307 145 2365 is
167 2315 195 2366 ιι
215 2313 322 2367 ιιιιιιιι
345 2307 376 2365 in
399 2324 415 2364 e
438 2304 548 2366 iaciunt
571 2305 625 2366 ita:
649 2303 697 2365 hic
720 2312 886 2384 campester
908 2305 982 2366 haee
1005 2305 1180 2384 campestris
1201 2304 1259 2366 lroc
1281 2323 1360 2367 caru-

49 2415 180 2482 upestre,
209 2406 259 2467 iric
286 2406 425 2467 siluester
453 2406 525 2468 liaeo
554 2407 700 2468 siluestris
727 2414 757 2468 et
784 2406 842 2468 hoc
869 2405 1021 2476 siluestre,
1051 2403 1100 2467 iric
1127 2405 1259 2486 paluster
1287 2408 1361 2469 haec

78 2507 202 2583 palustris
229 2509 287 2570 lroo
320 2507 460 2588 palustre.
505 2507 647 2588 Intellege
671 2527 757 2587 ergo,
782 2509 900 2570 nomina
930 2507 1050 2569 mobilia
1081 2517 1221 2588 quattuor
1249 2511 1361 2571 iormas

78 2607 188 2672 habere:
216 2613 314 2692 prima
342 2611 436 2672 iorma
465 2609 612 2672 diuiditur
638 2611 669 2671 in
698 2629 734 2671 us
756 2613 786 2672 in
808 2629 824 2670 a
847 2611 877 2671 in
901 2629 966 2680 um,
997 2618 1030 2672 nt
1058 2609 1203 2688 gloriosus
1230 2609 1360 2690 gloriosa

77 2709 238 2787 gloriosum3
271 2711 401 2774 secunda
434 2713 528 2774 iorma
556 2711 710 2774 mobilium
738 2713 769 2773 in
796 2732 830 2773 er
852 2714 921 2774 ina
950 2713 979 2772 in
1009 2730 1074 2782 um,
1103 2721 1136 2773 ut
1163 2715 1248 2792 piger
1275 2711 1360 2794 pigra

77 2813 195 2890 pigrum;
228 2816 315 2876 tertia
338 2814 526 2876 lucrinis
549 2815 631 2876 etin
654 2833 686 2882 e,
720 2822 752 2873 ιιι
780 2813 829 2874 iric
861 2811 999 2874 siluester
1029 2814 1103 2874 haec
1129 2813 1274 2876 siluestris
1302 2815 1359 2876 hoc

50 2913 198 2978 asluestre
220 2961 355 2978 .......
404 2917 481 2976 Sunt
507 2922 604 2978 autem
633 2917 767 2985 nomina,
795 2933 870 2995 quae
897 2933 953 2976 nec
979 2916 1009 2976 in
1039 2922 1132 2976 totum
1160 2917 1215 2978 ilxa
1244 2935 1299 2977 nee
1328 2919 1359 2978 in

78 3023 157 3078 ntum
181 3016 315 3086 mobilia,
346 3017 447 3078 utico
470 3015 571 3078 leaena
601 3017 691 3078 draco
714 3017 860 3079 dracaena
873 3015 977 3096 ¹gallus
998 3015 1115 3096 gallina.
1161 3017 1194 3082 ln
1216 3020 1242 3080 ir
1265 3037 1359 3081 unum

77 3133 158 3194 genus
184 3121 348 3188 inuenitur,
377 3118 479 3180 uthio
501 3121 548 3180 uir
570 3127 656 3180 etex
686 3139 721 3180 eo
750 3121 916 3199 corrposita,
946 3127 978 3180 ut
1005 3121 1086 3181 seuir
1113 3120 1191 3182 leuir
1220 3121 1359 3208 triumuir

77 3218 208 3292 duumuir,
236 3229 267 3282 at
295 3241 386 3283 uuum
416 3239 524 3283 nomeu
553 3221 678 3300 gentile,
715 3230 747 3283 ut
768 3223 876 3284 Treuir·
898 3222 1017 3283 Treuiri
1038 3222 1096 3283 lroc
1118 3231 1163 3282 est
1184 3220 1208 3304 †
1230 3220 1279 3283 ille
1302 3242 1357 3285 uus

76 3323 119 3398 qui
137 3332 234 3386 manet
255 3326 285 3384 in
309 3325 425 3385 treuiri.
470 3323 542 3384 Nam
565 3323 676 3384 Gaddir
699 3331 810 3404 martyr
833 3327 936 3386 tertiae
952 3323 1161 3385 declinationis
1176 3333 1253 3386 sunt.
1283 3325 1357 3385 item

50 3423 103 3492 eir,
124 3425 197 3502 quod
220 3445 330 3487 nomeu
353 3445 455 3487 arcum
478 3425 552 3486 caeli
574 3427 734 3504 significat,
757 3427 862 3486 tertiae
885 3425 1089 3488 declinationis
1105 3434 1161 3488 est:
1186 3427 1257 3487 iacit
1276 3428 1356 3488 euim

76 3524 96 3582 ir
113 3527 169 3588 iris.
215 3526 257 3588 [le
280 3527 337 3588 iroc
360 3529 480 3588 nomine
507 3527 632 3606 legitur:
669 3530 702 3588 ir
729 3527 827 3589 caeli
855 3526 1054 3590 colorosus
1081 3531 1119 3590 in
1148 3547 1217 3608 quo
1246 3547 1356 3590 arcus

78 3629 249 3693 nimbosus
282 3630 515 3708 distingitur.
560 3629 631 3690 item
661 3628 743 3690 aliud
776 3628 942 3710 exemplum
977 3633 1007 3692 in
1037 3629 1198 3708 Virgilio
1229 3629 1354 3706 legitur:

77 3727 147 3792 irim
175 3733 273 3793 misit
300 3731 342 3792 de
366 3730 469 3793 caelo
492 3731 669 3792 Saturnia
692 3730 793 3792 iuno.
838 3731 960 3810 Legitur
984 3733 1070 3794 etiam
1093 3741 1123 3792 et
1145 3733 1197 3792 iris
1220 3733 1354 3792 nomina-

77 3830 124 3890 tiuo
148 3853 231 3905 casm
266 3835 344 3894 siout
376 3837 406 3895 in
439 3831 678 3913 Apocalypsi:
723 3833 767 3894 Et
794 3832 863 3894 iris
890 3841 971 3896 erat
997 3835 1034 3894 in
1057 3835 1221 3895 circuitu
1243 3835 1353 3896 sedis.

52 3930 185 4002 spuendo
210 3955 282 4016 ergo
304 3937 331 3996 ir
354 3936 553 3998 nominatiuus
575 3943 635 4004 est,
667 3935 806 4013 genetiuo
836 3935 904 3996 lacit
930 3937 999 4008 iris,
1028 3936 1146 4016 quaudo
1176 3945 1275 4002 autem
1302 3938 1355 3998 iris

132 4171 251 4238 lCoder]
271 4173 342 4235 quod
360 4189 387 4222 er
455 4172 547 4223 cedros
565 4187 676 4237 oongros
761 4172 946 4224 dmusculinia
998 4174 1024 4223 in
1042 4189 1060 4222 u
1146 4176 1178 4224 14
1195 4169 1246 4242 ost]
1267 4189 1354 4224 eorum

79 4236 249 4292 tausinanum
267 4259 294 4322 g:
313 4259 335 4293 s.
354 4251 378 4291 et
396 4252 420 4292 ιι
438 4252 496 4291 ante
513 4240 607 4290 liabent
660 4243 690 4291 l‘i
708 4251 851 4306 campester
868 4259 915 4292 οιιι.
970 4242 1084 4308 paluster
1100 4242 1214 4308 paluster
1231 4243 1354 4308 palustris

80 4355 103 4430 li
117 4351 162 4406 iub
212 4326 306 4410 tenallia
394 4363 428 4412 23
446 4357 600 4426 gloriosum]
620 4361 685 4412 Post
701 4361 765 4410 laceo
781 4375 863 4425 praue
880 4362 1023 4411 iterantur:
1041 4361 1153 4412 seorrudu
1171 4361 1254 4412 iorma
1271 4363 1354 4413 mobi-

79 4419 125 4470 lium
141 4429 162 4477 in
180 4445 206 4478 er
223 4430 248 4478 iu
267 4443 283 4478 a
301 4431 326 4478 in
346 4445 397 4486 um,
417 4439 444 4478 ut
461 4429 592 4494 gloriosus
610 4429 725 4496 gloriose
743 4427 885 4493 gloriosum
970 4430 1004 4479 at
1022 4430 1095 4480 tertio
1112 4431 1137 4480 in
1155 4431 1177 4480 is
1257 4433 1291 4482 25
1308 4431 1353 4480 sil-

79 4493 156 4566 uestre]
175 4497 212 4548 [le
230 4505 324 4564 quartu
339 4497 425 4560 forata
441 4499 539 4560 ulatur,
558 4512 639 4563 quera
656 4500 771 4548 lacunam
788 4498 907 4548 indicaui.
983 4499 1016 4548 26
1034 4497 1090 4548 leun
1141 4499 1252 4548 dracena
1319 4503 1352 4551 ‘ll

78 4553 168 4635 liumuir
217 4566 250 4616 28
268 4567 302 4615 ad
321 4580 397 4614 uuum
450 4567 483 4616 29
501 4565 605 4632 gradiar
656 4565 827 4616 alhuinus
879 4564 919 4614 hir
936 4565 983 4632 celi
1001 4565 1142 4632 signifieat]
1162 4566 1352 4632 Infrafiltlslb

12 4639 13 4652 ¹
78 4627 128 4676 “ltu
142 4636 277 4698 cenapium
294 4636 397 4684 allaim
413 4633 456 4686 iilo
474 4633 604 4698 significat
621 4640 707 4696 caret,
725 4650 805 4700 quare
823 4634 983 4684 omittendum
1000 4635 1073 4685 duat.
1138 4650 1201 4700 eger
1219 4637 1351 4687 nimbosus

12 4735 13 4746 ,
78 4694 103 4739 ιι
117 4701 251 4766 exemplum
265 4699 380 4767 uirgilio]
400 4702 466 4756 Aen.
483 4701 510 4752 V
519 4705 568 4752 606
620 4703 746 4756 33hirim
781 4703 842 4751 iuna
892 4701 956 4752 hiris
975 4695 1048 4754 nomi
1063 4700 1094 4752 ui
1148 4705 1181 4756 34
1194 4705 1349 4776 apocalipsi]

12 4799 13 4810 ι
81 4758 115 4805 'V
128 4767 143 4814 3
204 4773 237 4821 35
255 4771 294 4819 irir
344 4770 407 4820 hiris
459 4768 623 4820 autemlriris
705 4771 707 4776 '
