3352 5556
267 303 400 352 CLXVIII
807 285 1033 340 Putsctattua.

268 474 281 560 ll
297 496 327 557 p.
345 475 364 538 8
381 473 392 558 ΙΙ
409 478 482 538 Cum
498 479 529 538 ln
546 477 642 556 capite
658 477 891 555 unluscuiusque
906 473 973 535 lihri
990 474 1080 536 rtrulta
1095 477 1209 555 possint
1224 477 1353 554 requiri,
1371 494 1405 536 cx
1422 474 1572 536 omnibus

267 578 323 640 hae
347 579 505 660 periochae
528 578 605 640 idest
628 579 877 651 circumstantiae,
902 575 1010 654 quihus
1032 583 1109 638 totus
1125 575 1375 639 roboraturliher
1391 586 1569 646 deuastat,

268 679 502 743 considerandae
524 690 602 752 sunt,
626 678 765 742 uidelicet
786 681 853 761 qula
875 680 1002 759 scripsit,
1025 678 1096 757 quid
1120 680 1248 758 scripsit,
1271 685 1413 760 quantum
1431 682 1569 760 scripsit,

268 782 396 862 qualiter
412 785 541 861 scripsit,
560 799 651 860 quare
667 783 795 862 scripsit,
811 780 861 844 ubi
878 779 927 842 uel
944 779 1062 859 quando
1078 783 1199 859 scripsit
1220 790 1250 842 ct
1270 780 1306 842 ad
1323 799 1413 861 quem
1430 783 1568 861 scripsit.

269 886 300 946 Si
323 885 502 962 requiritur,
532 885 598 962 quis
626 885 759 962 scalpsit:
788 884 958 944 Priscianus
986 883 1119 962 scripsit,
1149 884 1234 944 cuius
1261 901 1371 945 nomen
1399 883 1604 946 diriuatunrs

270 994 316 1048 est
342 1005 401 1048 non
429 1002 447 1046 a
476 987 622 1066 ‘prisco’,
650 985 702 1047 sed
731 1003 747 1045 a
775 985 933 1053 ‘Priscio'‚
964 983 1125 1064 sicutipse
1152 982 1233 1045 dicit.
1278 983 1345 1045 Fuit
1367 993 1465 1048 autern
1488 985 1571 1046 ciuis

270 1090 482 1157 Caesariensis,
507 1087 657 1149 Romanus
679 1103 800 1163 genere,
823 1087 898 1146 sicot
920 1088 983 1165 ipse
1004 1087 1036 1146 in
1058 1083 1181 1164 epistola
1198 1087 1376 1148 manifestat.
1421 1087 1478 1148 Scd
1493 1105 1569 1148 cum

269 1190 369 1270 plures
399 1191 557 1252 Caesareas
584 1188 732 1267 legamus,
761 1186 799 1248 de
827 1205 885 1268 qua
916 1187 1019 1249 harum
1048 1187 1154 1258 luerit,
1183 1207 1199 1248 a
1226 1187 1376 1269 plerisque
1399 1188 1568 1251 dubitatur.

269 1292 342 1356 Narn
365 1292 508 1354 Caesarea
532 1298 577 1350 est
591 1288 769 1359 Palaestina,
794 1289 936 1350 Caesarea
952 1290 1092 1366 Augusta,
1116 1289 1259 1350 Caesarea
1276 1289 1470 1387 Cappadocia.
1504 1293 1569 1353 Sed

271 1394 422 1473 quidam
451 1392 623 1461 adfirmant,
653 1392 827 1454 Caesaream
858 1393 959 1461 istam,
990 1391 1027 1450 de
1056 1411 1111 1471 qua
1135 1391 1306 1452 Priscianus
1332 1392 1476 1455 oriundus
1497 1394 1569 1462 Irrit,
1591 1417 1621 1455 ιο

271 1495 419 1558 coloniam
437 1496 554 1557 Africae
573 1513 648 1564 esse,
671 1492 818 1554 subditam
836 1501 935 1554 umen
950 1493 1083 1554 Romano
1098 1495 1224 1574 imperio
1246 1495 1306 1554 iam
1329 1503 1399 1556 tunc
1421 1497 1572 1575 temporis

270 1601 346 1660 sicut
367 1606 398 1657 et
419 1605 509 1657 totam
532 1596 671 1659 Africam.

356 1699 387 1758 Si
410 1699 608 1778 requiramus,
632 1698 703 1776 quid
726 1699 860 1777 scripsit:
884 1697 1105 1776 grammaticam
1128 1697 1256 1778 scripsit
1300 1699 1496 1760 Grammatica
1515 1716 1568 1758 au-

271 1811 330 1862 tem
353 1801 499 1862 diriuatur
521 1801 720 1879 a‘gramma'.
765 1799 933 1860 Grammata
951 1818 1024 1859 uero
1039 1819 1054 1860 a
1071 1801 1238 1877 ‘gramme’,
1261 1801 1338 1860 sicut
1361 1800 1571 1862 Martianus

272 1904 374 1964 docet:
399 1903 511 1966 Graece
533 1921 666 1981 gramme
688 1901 767 1963 linea
791 1901 914 1970 dicitur,
937 1902 1007 1962 inde
1029 1919 1160 1980 gramma
1185 1900 1297 1970 littera,
1321 1921 1355 1962 eo
1378 1901 1456 1982 quod
1479 1901 1572 1962 lineis
1592 1927 1617 1964 rs

273 2005 426 2067 formetur.
473 2004 587 2067 Exinde
614 2022 687 2066 uero
715 2004 907 2083 grammatica
936 2013 981 2064 est
1002 2021 1050 2064 ars
1074 2001 1217 2064 litteralis.
1262 2002 1334 2064 Inde
1356 2005 1571 2082 grammaticus

272 2109 428 2169 litteratus.
474 2107 552 2185 Ergo
576 2108 642 2186 quia
664 2107 875 2184 grammaticus
898 2113 962 2167 erat
983 2105 1165 2176 Priscianus,
1194 2106 1416 2183 grammaticam
1438 2106 1570 2185 scripsit.

357 2209 396 2270 Se
418 2209 607 2285 requirimus,
632 2213 774 2288 quantum
797 2208 930 2288 scripsit:
954 2207 1057 2268 decern
1082 2217 1111 2268 et
1133 2215 1199 2267 octo
1215 2205 1307 2268 libros
1323 2207 1450 2288 scripsit.
1488 2207 1569 2279 Qua·

275 2314 357 2375 liter:
381 2311 573 2390 grammatice
596 2309 684 2370 hene.

358 2415 450 2476 Causa
473 2420 587 2479 autem,
617 2429 708 2491 quare
731 2413 899 2491 scripserit,
929 2411 1002 2473 haec
1024 2414 1196 2491 agnoscitur
1219 2413 1322 2484 luisse,
1352 2413 1513 2492 sicutipse
1536 2415 1567 2473 in
1583 2439 1610 2480 ro

275 2513 399 2597 epistola
423 2515 598 2575 manifestat.
644 2514 715 2575 Cum
739 2512 835 2574 Latini
858 2533 873 2574 a
898 2515 1029 2584 Graecis,
1054 2517 1103 2592 qui
1127 2533 1197 2594 prae
1227 2519 1334 2577 ceteris
1362 2513 1499 2595 gentihus
1522 2533 1569 2576 sa-

274 2618 386 2699 pientia
410 2616 563 2684 ilorehant,
586 2614 724 2677 llberales
747 2613 837 2703 acccl
856 2634 883 2696 p.
900 2613 920 2676 9
939 2615 942 2696 l
959 2617 1073 2695 pissent
1094 2626 1188 2686 artes,
1212 2625 1294 2677 tanto
1317 2635 1417 2678 amore
1439 2619 1568 2680 Graeco·

276 2739 340 2782 rum
373 2719 527 2780 doctorum
555 2717 672 2796 decepti
702 2726 784 2786 sunt,
814 2725 847 2778 ut
875 2718 962 2778 etlam
991 2717 1135 2796 quosdam
1163 2737 1283 2780 errores
1311 2737 1430 2788 eurum,
1458 2721 1510 2799 qui
1539 2721 1568 2781 ln

276 2822 425 2884 mendosis
448 2828 532 2881 erant
554 2818 649 2888 libris,
673 2820 702 2878 in
720 2818 852 2879 Latinam
876 2819 1005 2898 linguam
1030 2821 1235 2880 transferrent.
1280 2819 1338 2882 Sed
1361 2839 1427 2881 cunt
1451 2827 1570 2882 errores

276 2926 457 2986 Graecorum
481 2931 511 2984 et
533 2922 603 2982 uitia
626 2923 733 2982 artium
756 2921 815 2980 duo
838 2922 1009 3001 peritissImi
1033 2921 1170 2982 doctores
1190 2921 1378 2984 Herodianus
1401 2930 1431 2983 et
1451 2920 1569 3001 Apollo·
1583 2949 1609 2988 25

277 3028 344 3089 nius
366 3037 492 3106 uterque
515 3009 646 3086 Craecus
669 3022 892 3092 emendassent,
917 3022 995 3103 apud
1011 3022 1131 3085 Latinos
1146 3031 1244 3084 autern
1268 3043 1360 3104 usque
1383 3023 1418 3085 ad
1435 3031 1569 3102 tempora

276 3128 421 3190 PriscIani
449 3127 527 3187 idem
557 3144 675 3187 errores
705 3127 862 3188 Incorrecti
885 3135 912 3188 et
937 3123 1118 3187 inemendati
1141 3124 1279 3196 luissent,
1310 3125 1478 3188 Priscianus
1500 3127 1569 3187 hor·

278 3239 357 3291 tante
379 3228 493 3289 Iuliano
516 3228 640 3306 patricio
663 3226 806 3305 colligens
827 3228 1017 3288 auctoritates
1040 3235 1070 3288 et
1091 3227 1224 3305 exempla
1246 3235 1305 3290 tam
1330 3247 1366 3290 ex
1388 3229 1568 3290 Graecorum

279 3329 465 3404 auctoribus,
489 3330 648 3409 praecipue
669 3327 839 3390 Herodiano
868 3337 898 3390 et
918 3328 1092 3409 Apollonio,
1121 3347 1208 3409 quam
1238 3347 1274 3390 ex
1297 3328 1495 3393 nohiIiorihus
1516 3331 1568 3392 La·

279 3435 407 3494 tinorum
438 3432 494 3493 hoc
523 3429 615 3490 edidit
642 3447 718 3509 opus
753 3429 974 3500 demonstrans,
1011 3429 1139 3512 qualiter
1165 3433 1356 3510 grammatica
1389 3433 1500 3494 rectius
1533 3436 1608 3498 sitm

277 3533 397 3596 attendo.

364 3636 396 3697 Si
411 3637 603 3713 requirimus,
627 3633 678 3696 uhi
701 3637 836 3714 scrIpsit:
860 3635 972 3697 Romae
995 3635 1248 3717 Constantipopoli
1271 3637 1404 3717 scripsit,
1429 3653 1503 3716 quac
1525 3655 1570 3698 se·

281 3738 376 3799 cunda
399 3735 563 3817 appellatur
585 3737 679 3798 Roma
705 3735 759 3799 hac
788 3737 825 3798 de
854 3755 952 3798 causa.
996 3737 1154 3818 Postquam
1178 3739 1388 3800 Constantinus
1410 3739 1570 3819 imperator

280 3842 365 3919 signo
393 3841 491 3900 crucis
519 3841 584 3900 uiso
613 3840 643 3899 io
672 3838 754 3902 caelo
783 3848 812 3900 et
842 3839 928 3902 beato
951 3837 1093 3900 siluestro
1117 3840 1308 3922 praedicante
1330 3842 1367 3902 ad
1390 3841 1477 3902 Iidem
1501 3857 1570 3902 con·

279 3959 385 4003 uersus
408 3949 453 4002 est
475 3940 597 4014 Christi,
628 3950 740 4003 tanturn
769 3943 913 4003 honorem
937 3941 1056 4004 domiuo
1079 3950 1108 4002 et
1129 3943 1264 4023 apostolo
1292 3945 1356 4006 eius
1378 3943 1467 4006 Petro
1490 3941 1570 4004 exhi·
1585 3963 1611 4005 aa

280 4043 350 4114 huit,
375 4044 557 4128 utdiceret:
582 4043 657 4105 ‘Non
675 4052 772 4124 potest
786 4043 861 4106 duos
876 4045 1071 4123 imperatores
1086 4045 1179 4108 Roma
1200 4045 1312 4107 hahere
1327 4065 1375 4108 me
1392 4055 1421 4110 et
1436 4053 1568 4107 sanctum

281 4146 425 4207 Petrum'.
470 4144 555 4207 Tunc
579 4145 673 4207 uoluit
694 4144 850 4208 aedificare
873 4145 1020 4207 ciuitatem
1044 4147 1154 4223 regiam
1178 4146 1229 4208 illo
1249 4149 1280 4209 In
1303 4147 1378 4219 loco,
1402 4147 1454 4209 uhi
1476 4165 1569 4228 quon·

282 4247 348 4308 dam
371 4247 459 4309 Troia
483 4248 588 4309 iuerat.
634 4247 693 4309 Sed
715 4245 879 4309 reuelatum
902 4256 947 4308 est
962 4250 989 4308 ei
1009 4249 1163 4320 diuinitus,
1188 4265 1347 4328 numquam
1371 4267 1436 4310 esse
1458 4249 1568 4310 reaedi-

348 4502 525 4568 2periochiua
576 4503 667 4569 dipse
684 4499 756 4571 dicit]
777 4501 836 4568 lp.
850 4505 926 4567 aaa.
941 4505 975 4553 10
994 4503 1027 4554 H.
1063 4504 1132 4553 ciues
1185 4503 1370 4554 icesariensis
1404 4504 1431 4554 in
1450 4500 1567 4570 epistola]

281 4569 441 4634 1p.112:
471 4573 862 4621 nostrorumautemneminem
935 4571 1095 4637 Ilpalestina
1163 4571 1299 4636 capadocia
1379 4573 1411 4622 14
1428 4573 1568 4622 marcianus

281 4633 376 4714 docet]
389 4639 428 4689 De
446 4640 541 4704 nuptiis
558 4647 605 4690 etc.
622 4639 664 4690 lid.
683 4639 737 4689 III
752 4641 801 4692 im:
819 4629 1002 4706 γραμματική
1021 4639 1092 4688 dicor
1109 4639 1136 4687 iu
1149 4637 1266 4700 Graecia,
1285 4639 1355 4703 quod
1372 4630 1488 4706 γραμμή
1506 4639 1569 4690 linea

261 4717 306 4756 ·et
323 4721 474 4771 ppupparu
503 4705 599 4756 litterae
627 4719 804 4773 nuncupentur
829 4707 943 4770 mihique
964 4708 999 4757 ait
1020 4706 1168 4756 attributum
1186 4706 1325 4759 litterarum
1343 4707 1440 4758 iormas
1459 4709 1568 4774 propriis

282 4774 400 4824 ductibus
418 4773 520 4824 lineare.
590 4774 621 4826 15
639 4791 713 4842 grece
765 4775 847 4826 littera
902 4779 934 4827 ‘21
953 4775 1051 4842 grecis,
1069 4775 1106 4825 ric
1123 4791 1223 4842 semper
1275 4779 1308 4828 35
1326 4776 1424 4828 honore
1476 4776 1569 4828 exibuit
