3316 5566
287 318 327 383 it
805 317 873 370 ans
892 315 1068 370 auouxna

286 511 367 580 nina,
397 508 483 571 luceo
507 507 627 570 lucerna
651 505 699 568 nel
722 504 834 577 lucina,
862 505 940 570 cubo
963 507 1145 580 concubina,
1172 511 1257 591 rapio
1281 480 1392 592 rapina.
1438 511 1472 572 lu
1495 529 1527 581 e,
1561 519 1606 570 ut

284 611 363 675 cubo
385 610 492 682 cubile,
516 608 606 672 sedeo
629 605 736 678 sedile;
760 611 838 680 ino,
862 617 894 670 ut
916 609 993 672 lateo
1015 610 1100 684 latro,
1122 615 1211 694 cupio
1234 613 1351 694 cupido,
1374 610 1454 674 liboo
1477 611 1602 678 libido:

285 717 313 777 in
338 733 398 785 um,
422 721 454 775 ιιι
476 711 576 793 scalpo
599 711 758 792 scalprum,
782 709 872 774 iolcio
894 711 1032 784 lnlcrum,
1055 715 1146 794 iungo
1169 716 1288 794 iugnm;
1311 715 1341 775 in
1359 715 1430 784 ium,
1453 723 1486 776 nt
1502 713 1601 793 litigo

284 815 425 896 litigium,
461 832 578 876 mercor
606 815 834 884 commercium,
868 812 1018 893 obsequor
1046 814 1235 898 obsequium,
1271 816 1395 894 eloquor
1424 815 1598 895 eloquium,

284 919 399 996 uestlgo
422 917 596 996 uestigium,
624 915 748 977 aedillco
770 915 950 986 aedilicium,
974 919 1108 980 sacrifico
1131 919 1323 988 sacrificium,
1347 920 1494 998 participo
1517 935 1633 998 par-⁵

285 1019 434 1100 ticipinm,
458 1019 604 1080 conninor
627 1019 815 1088 conuiuium,
839 1018 972 1098 prandeo
995 1021 1167 1100 prandium,
1187 1021 1301 1100 gaudeo
1317 1021 1473 1100 gaudium,
1497 1019 1599 1082 exulo

285 1119 409 1184 consulo
432 1140 452 1183 n
473 1119 653 1202 paenultima
677 1121 707 1180 in
730 1121 739 1180 i
762 1138 907 1182 conuersa
936 1121 1056 1183 exilium
1085 1123 1256 1192 consiliom;
1284 1123 1315 1184 in
1339 1120 1457 1192 bulum,
1486 1130 1519 1184 nt
1541 1131 1599 1184 sto

284 1231 346 1286 stoc
367 1221 531 1294 stabulum,
556 1242 631 1286 noco
655 1241 744 1285 uocas
765 1221 961 1292 uocabulum,
983 1233 1071 1305 pateo
1093 1231 1177 1305 pates
1199 1223 1378 1304 patibulum
1409 1226 1440 1286 in
1462 1223 1596 1292 iculum,

286 1333 318 1388 ut
338 1326 422 1388 rideo
445 1324 617 1396 ridiculum,
641 1333 745 1388 euerto
768 1325 978 1396 euerriculum,
1004 1326 1127 1388 deuerto
1150 1325 1381 1398 deuerticulum,
1407 1327 1485 1388 ucho
1501 1325 1597 1388 uclxi-

286 1427 401 1499 culum,
430 1445 521 1509 pereo
545 1426 725 1507 pericnlum:
754 1425 865 1506 absque
887 1429 911 1498 i,
940 1435 972 1490 ut
995 1429 1094 1491 uiocio
1118 1428 1285 1498 uinculum,
1310 1431 1397 1507 cingo
1419 1427 1596 1508 cingulum:
1619 1445 1649 1482 ιο1

287 1533 317 1592 ἰιι
347 1531 440 1601 lmen,
470 1537 503 1591 ut
531 1547 602 1610 rego
629 1532 778 1609 regimen,
809 1538 876 1610 tego
904 1531 1048 1610 tegimen;
1080 1533 1110 1592 io
1140 1551 1188 1602 or,
1218 1537 1249 1593 ut
1278 1530 1353 1592 sudo
1381 1528 1488 1599 sudor,
1517 1547 1595 1590 anso

286 1651 384 1702 amor,
418 1631 514 1696 clamo
543 1631 668 1702 clamor,
696 1651 765 1694 erro
793 1651 893 1703 error,
921 1632 1034 1696 candeo
1062 1633 1188 1704 candor,
1220 1633 1310 1694 timeo
1341 1634 1444 1701 timor,
1474 1631 1596 1692 horreo

286 1735 409 1806 horror,
438 1736 542 1798 lerueo
569 1736 686 1806 leruor,
714 1735 826 1796 strideo
855 1733 902 1797 uel
929 1735 1023 1821 stridp
1049 1734 1174 1807 stridor,
1203 1743 1299 1797 tremo
1321 1745 1449 1804 tremor,
1478 1740 1596 1814 stupeo

286 1846 406 1920 stupor,
436 1839 520 1919 sopio
542 1856 646 1918 sopor;
675 1838 705 1898 in
729 1855 775 1906 es,
806 1845 838 1898 ut
860 1846 927 1916 tego
951 1845 1047 1917 teges,
1071 1855 1175 1918 mergo
1198 1853 1330 1914 merges,
1354 1836 1446 1898 caedo
1467 1836 1595 1904 caedes,

285 1941 335 2005 luo
363 1940 443 2012 lues,
473 1949 557 2003 struo
580 1947 691 2008 strues;
719 1941 750 2000 in
773 1937 854 2009 bilis,
885 1946 917 2001 ut
939 1939 1032 2002 doceo
1056 1938 1205 2010 docibilis,
1235 1941 1314 2002 nubo
1336 1936 1463 2007 nubilis,
1493 1942 1596 2000 sentio
1616 1955 1643 1994 ιι

285 2041 450 2112 sensibilis:
481 2043 511 2103 in
534 2040 598 2113 ilis,
626 2049 659 2103 ut
680 2041 756 2103 lario
779 2039 889 2111 facilis,
914 2048 981 2103 utor
1004 2041 1097 2112 utilis,
1121 2041 1222 2103 elintio
1246 2040 1378 2110 eliutilis;
1407 2042 1437 2102 in
1459 2059 1530 2112 nus,
1558 2050 1595 2101 ut

286 2146 390 2207 occido
419 2144 573 2213 occiduos,
606 2144 754 2224 perspicio
783 2145 974 2224 perspicuus,
1009 2143 1111 2206 diuido
1141 2143 1297 2210 diuiduos:
1332 2145 1363 2204 in
1391 2141 1523 2212 bandus,
1557 2149 1596 2204 ιιι

287 2265 355 2308 erro
378 2265 462 2308 erras
485 2244 686 2320 errabundus,
709 2245 779 2308 ludo
800 2244 878 2307 ludis
893 2244 1088 2316 ludibundus,
1112 2247 1224 2307 morior
1239 2249 1365 2307 moreris
1380 2243 1593 2313 moribundus,

287 2349 353 2412 luro
382 2348 457 2409 luris
480 2347 672 2416 ludbuodus:
703 2350 734 2410 in
763 2347 843 2418 idus,
873 2355 905 2408 ut
933 2347 1037 2410 madeo
1060 2348 1209 2417 madidos,
1232 2334 1377 2427 splendeo
1400 2344 1591 2425 splendidus,

286 2450 395 2512 sordeo
417 2450 569 2521 sordidus,
593 2450 690 2528 lrigeo
711 2449 853 2529 frigidus,
877 2448 960 2511 calco
982 2449 1110 2520 calidus,
1134 2452 1224 2511 dmeo
1248 2449 1381 2518 timidus,
1406 2455 1493 2529 tepeo
1509 2449 1591 2529 topi·
1609 2469 1636 2506 so

287 2551 357 2622 dus,
380 2551 463 2632 rapio
485 2553 621 2632 rapidus,
645 2553 733 2632 cupio
755 2551 897 2631 cupidus;
920 2553 950 2613 iu
974 2552 1055 2623 ulus,
1080 2559 1111 2614 ut
1134 2550 1204 2614 bibo
1226 2549 1356 2622 bibulus,
1380 2548 1495 2631 pendeo
1512 2569 1593 2629 pen·

286 2652 389 2724 dulus,
413 2651 530 2736 credol
547 2655 567 2716 l.
584 2650 668 2736 85¹1}
685 2653 840 2724 credulus,
863 2672 936 2734 gero
959 2653 1093 2733 gerulus,
1118 2672 1227 2735 queror
1249 2651 1410 2734 querulum
1432 2653 1463 2713 in
1480 2669 1530 2722 ax,
1557 2661 1595 2714 ut

286 2756 382 2820 audeo
404 2755 513 2827 audax,
538 2765 637 2818 tumeo
660 2762 775 2826 tumax,
799 2764 957 2819 contumeo
980 2765 1152 2827 contumax,
1176 2757 1261 2835 capio
1278 2773 1384 2836 capax,
1408 2754 1505 2816 officio
1521 2751 1592 2815 cifr-

286 2878 355 2930 cax,
380 2857 449 2920 lallo
472 2857 574 2930 lallax,
598 2861 680 2940 sagio
702 2878 805 2939 sagax,
830 2858 908 2920 nodo
923 2859 1077 2939 praesagio
1093 2877 1268 2939 praesagax,
1293 2855 1366 2918 salio
1381 2855 1476 2926 salax,
1501 2874 1591 2918 men·

286 2963 345 3024 dor
367 2960 510 3030 mendam
543 2963 575 3024 in
598 2981 649 3033 ex,
685 2969 717 3024 ut
738 2963 850 3042 aspicio
873 2979 998 3042 auspex,
1027 2960 1104 3023 lateo
1128 2959 1219 3030 latex,
1250 2971 1335 3022 nerto
1358 2965 1477 3028 uertex,
1508 2957 1633 3019 lacioas

286 3065 409 3135 artilex,
436 3063 512 3126 idest
540 3071 604 3127 arte
632 3065 756 3134 iaciens,
786 3065 899 3144 opilea,
929 3062 1007 3124 idest
1034 3083 1110 3143 opus
1138 3063 1263 3134 laciens3
1293 3063 1324 3123 in
1347 3079 1416 3141 eps,
1444 3065 1478 3120 nl
1499 3061 1591 3139 capio

287 3168 454 3248 municeps.
483 3166 559 3228 idest
586 3185 692 3228 monus
719 3167 854 3247 capiens,
882 3167 995 3246 partior
1023 3167 1186 3245 particeps;
1215 3165 1339 3234 incon,
1368 3171 1400 3224 ut
1421 3179 1495 3222 cano
1518 3181 1590 3222 cor-

286 3274 387 3340 nicen,
410 3267 489 3331 idest
510 3286 604 3330 cornu
627 3287 749 3339 canons,
778 3268 893 3338 liticen,
922 3266 997 3328 idest
1018 3267 1089 3328 lituo
1112 3285 1235 3335 canens:
1265 3265 1387 3335 fidicen,
1415 3263 1493 3324 idest
1522 3263 1590 3325 ildi-

287 3372 342 3434 bus
364 3387 489 3439 canens,
514 3368 649 3439 tubicen,
674 3371 750 3431 idest
771 3368 840 3431 tuba
863 3387 985 3441 canens,
1010 3368 1136 3439 tibicen,
1161 3369 1236 3430 idest
1257 3367 1327 3430 tibia
1344 3384 1470 3434 canens:
1493 3367 1527 3427 in
1542 3385 1589 3436 os,

287 3485 318 3536 ut
340 3493 357 3536 a
379 3491 457 3554 pono
480 3490 607 3553 conpos.
631 3472 707 3533 idest
729 3479 914 3553 conpotator.
951 3472 972 3534 t
990 3473 1150 3553 praeterito
1173 3487 1291 3550 quoque
1310 3469 1443 3550 perlecto
1460 3469 1590 3530 ueniunt.
1603 3491 1629 3528 aa

287 3574 429 3638 uerbialia
458 3576 593 3644 nomina,
623 3581 654 3636 ot
681 3575 743 3636 rexi
770 3593 838 3645 rex,
868 3573 938 3636 duxi
959 3573 1034 3654 dux,
1064 3575 1125 3635 luri
1147 3572 1213 3642 lox,
1242 3573 1310 3653 rupi
1332 3589 1437 3652 rupes,
1465 3569 1589 3649 ambegi

286 3676 434 3756 ambages.
470 3673 514 3738 Ab
529 3677 676 3738 inlinitiuo
698 3677 799 3738 loturo
822 3676 996 3738 damnantur
1019 3674 1159 3737 uerbialia
1183 3676 1316 3736 nomina:
1340 3670 1496 3753 generales
1519 3674 1589 3752 qni·

286 3779 354 3840 dem
378 3780 603 3841 terminationes
624 3779 681 3840 hae
709 3787 779 3842 sunt
800 3778 852 3840 xl:
882 3777 1049 3847 incolum,
1079 3779 1108 3838 in
1132 3786 1279 3846 mentum,
1307 3778 1337 3838 in
1361 3793 1446 3844 men,
1475 3775 1505 3834 in
1530 3775 1586 3843 sio,

285 3882 317 3942 in
340 3880 390 3950 tio,
412 3881 443 3942 in
467 3887 522 3951 tor,
546 3882 577 3942 in
601 3883 673 3950 trix,
696 3883 726 3944 in
749 3897 813 3950 sor,
837 3882 867 3940 iu
890 3878 971 3950 bilis,
996 3880 1026 3940 in
1050 3880 1142 3951 tinus,
1165 3880 1300 3941 inicius.
1345 3877 1382 3940 Et
1404 3883 1472 3938 ante
1494 3877 1588 3938 ‘tum’

286 3980 407 4065 quidem
437 3983 576 4045 induitiui
604 3984 699 4062 posita
728 3983 839 4045 uocalis
865 3981 914 4044 uel
943 4001 1108 4044 consonans
1137 3990 1275 4044 seruatur
1304 3981 1390 4043 ctiam
1419 3981 1450 4041 in
1473 3977 1626 4040 diripe-ss

355 4204 454 4254 ilncio
473 4203 577 4255 lncesna
645 4203 742 4254 2liber
760 4203 837 4255 libido
907 4204 1046 4271 biorgum
1108 4202 1332 4267 dcummertidum
1389 4200 1512 4254 bedibro
1531 4201 1586 4250 edi-

286 4271 367 4324 lltium
436 4273 571 4338 participio
658 4272 832 4339 dprnndeum
910 4275 984 4323 isto
1002 4273 1129 4324 stabulum
1199 4273 1307 4338 8pateo
1325 4279 1398 4338 pater
1465 4269 1584 4321 dirideo

286 4339 426 4391 redicnlnm
479 4339 560 4390 necho
579 4339 737 4390 nechiculom
790 4343 822 4393 10
840 4341 915 4390 uinco
934 4340 1062 4392 irincolum
1114 4343 1145 4392 11
1164 4342 1189 4390 ἰιι
1209 4355 1265 4389 men
1323 4342 1355 4391 13
1372 4337 1459 4389 leroeo
1477 4336 1550 4386 lerno

287 4421 381 4460 nemen
435 4410 467 4460 14
484 4409 575 4474 sopior
627 4410 658 4459 15
682 4410 749 4458 nubo
768 4425 815 4460 om.
851 4411 934 4460 sentio
952 4425 999 4464 ora.
1054 4411 1085 4459 16
1103 4409 1164 4460 lotio
1200 4408 1296 4474 etiogio
1313 4407 1424 4472 effragilis
1477 4408 1508 4456 lt
1527 4421 1587 4472 per-

286 4477 359 4543 spico
412 4485 440 4528 ut
457 4487 523 4526 terro
595 4476 625 4527 18
644 4476 790 4526 arabundus
841 4477 923 4527 morio
941 4477 1109 4529 moribundus
1182 4475 1295 4528 talario
1331 4474 1482 4525 furibundas
1551 4477 1586 4526 20

287 4545 377 4595 sordeo
429 4547 498 4611 tipeo
518 4544 613 4612 tipidns
682 4545 715 4595 22
733 4545 758 4594 in
776 4559 811 4594 ax
828 4545 910 4594 audeo
971 4547 1004 4597 23
1022 4545 1101 4597 ellitio
1161 4547 1194 4595 24
1212 4543 1278 4594 solio
1296 4541 1372 4593 solox
1439 4543 1473 4592 25
1490 4543 1586 4607 ospicio

323 4623 392 4663 nerto
412 4623 499 4664 uertex
517 4613 542 4664 in
561 4628 607 4679 eps
625 4611 691 4663 isoio
710 4611 802 4664 artilex
821 4612 847 4664 ld
865 4623 918 4663 orto
936 4611 1031 4664 iaciens
1050 4613 1138 4679 opilex
1156 4613 1181 4662 id
1201 4627 1267 4679 opos
1290 4610 1387 4662 inciens
1406 4609 1481 4675 capio
1500 4611 1585 4660 muni·

287 4693 347 4743 ceps
365 4688 415 4736 etc,
494 4683 526 4732 Ἡ
546 4680 571 4731 id
590 4695 682 4732 mitons
750 4683 783 4734 29
804 4697 901 4732 consus
971 4683 1068 4732 tubicen
1088 4682 1155 4732 idest
1171 4681 1232 4731 tibia
1302 4683 1335 4732 30
1353 4693 1453 4746 conpos
1522 4691 1584 4727 eon-

288 4743 400 4812 potatur]
425 4747 498 4809 Quod
514 4751 538 4800 ιι·
554 4757 625 4800 recte
642 4751 785 4814 emendant,
809 4765 858 4816 pro
877 4763 947 4815 pono
964 4749 1123 4802 scribendum
1140 4761 1215 4815 poto:
1240 4765 1296 4799 anua
1319 4761 1418 4813 conpos
1442 4747 1479 4796 ad
1497 4752 1585 4810 potura

287 4816 415 4866 rettulime
432 4817 735 4880 uidetnrgromaoaticua.
805 4820 836 4870 31
855 4817 958 4882 ambagi
1027 4821 1059 4870 33
1078 4817 1140 4868 baec
1157 4829 1218 4868 auru
1290 4818 1323 4867 34
1341 4817 1366 4866 in
1385 4813 1426 4866 lor
1477 4814 1503 4863 in
1522 4814 1583 4864 idus
