3308 5542
622 338 704 394 COD.
724 339 829 390 BERN.
851 341 908 390 12¹3.
1286 357 1418 405 XXXVII

253 528 334 588 Pro
356 529 462 589 tiolor
484 528 620 588 aeterni
643 532 784 588 lucrant
807 529 872 588 luo
895 547 1057 590 cresccre
1080 540 1266 608 postquam

252 615 407 690 Coepit,
431 617 531 688 origo
555 619 650 692 perit
672 615 876 691 cladumque
898 635 912 674 a
937 615 1063 674 semino
1087 619 1238 692 sumpsit

81 697 126 770 [es.
154 699 267 757 liuius
294 700 369 757 libri
387 719 419 776 p.
439 705 506 774 266,
525 701 554 774 5)
577 710 604 758 et
627 702 696 777 apud
721 702 932 775 Vergilium:

606 805 667 862 pro
690 787 823 862 lupitcr
846 786 912 844 ibit

79 869 137 945 (pm
165 870 284 946 ipiter,
322 871 407 946 Verp.
430 871 500 928 Aea.
524 871 594 930 IIII
614 871 690 944 590).
941 877 944 884 ’

651 1057 779 1064 --F-
789 1058 872 1064 ..η-...-

168 1177 345 1252 Sequitur
363 1175 393 1248 s.
420 1183 477 1234 53⁶
495 1178 676 1253 'interpositu
704 1193 766 1236 trau
789 1178 827 1236 tle
850 1193 923 1237 ruore
948 1181 1112 1238 sententia:
1149 1179 1253 1238 lltnnis
1282 1196 1339 1238 uox
1367 1187 1417 1239 aut

83 1277 259 1339 articulata
293 1283 343 1336 est
376 1283 406 1336 et
434 1273 559 1338 litterata
587 1285 621 1338 ul
648 1295 729 1338 arma
760 1277 917 1356 uirumque
940 1297 1015 1339 cano
1037 1314 1078 1323 -
1101 1289 1151 1342 aut
1179 1278 1364 1340 inarticulata
1387 1288 1418 1340 et

81 1379 263 1441 inlitterata
299 1387 336 1439 ut
365 1379 499 1456 crepitus
525 1380 655 1458 mugitus
686 1387 715 1440 et
743 1378 848 1440 similia
878 1383 1036 1442 Alcuiui
1062 1399 1116 1442 urs
1141 1385 1362 1458 prummuticu:
1380 1381 1416 1442 ·ll

1 1465 2 1484 l
82 1483 276 1544 audiuimus
311 1489 342 1541 te
372 1480 541 1542 doctissime
567 1483 711 1558 magister
733 1514 773 1524 -
793 1481 823 1554 s.
850 1479 903 1541 lo*
930 1481 1080 1542 incondita
1109 1502 1183 1544 uoce
1211 1483 1413 1563 proferuntur.

1 1643 2 1652 ,
83 1590 166 1666 cupi.
225 1585 357 1644 Titulus
385 1585 449 1659 ipsc
467 1582 497 1658 s.
522 1579 578 1642 55⁶
599 1601 693 1644 multu
715 1585 820 1644 eudem
843 1601 904 1660 qua
926 1591 1030 1645 celera
1053 1587 1096 1646 ull
1117 1587 1227 1647 uerba:
1265 1586 1415 1646 ‘Fuentnt

83 1695 112 1748 ia
137 1690 241 1749 scula
265 1687 381 1746 Albini
400 1687 556 1760 mapistri’
580 1689 715 1763 marqiui
740 1687 915 1762 adscriptus
936 1694 994 1746 est:
1030 1685 1231 1748 Expostulo
1259 1685 1413 1747 DVllllVlll

85 1786 389 1851 nisctt‘vtottvlt
418 1785 552 1848 stultit.
591 1786 629 1847 ΙΝ
654 1786 793 1848 DONATl
817 1785 916 1848 tntu
938 1785 1145 1850 tuttutttn.
1192 1791 1248 1848 Cui
1268 1791 1413 1865 opusculo

83 1895 267 1952 subiectum
293 1900 340 1950 est
358 1889 388 1961 s.
416 1887 468 1948 la*
489 1891 590 1951 menis
617 1892 655 1950 de
683 1891 922 1950 ‘circumcirca’
950 1892 1101 1950 lonttioue
1126 1893 1292 1966 emporitica,
1323 1907 1412 1966 quam

87 2013 149 2054 unu
174 2011 256 2055 caan
282 1993 403 2068 aliquot
425 1992 549 2052 Alcuiui
569 1993 827 2052 emendationibus
849 1989 938 2065 infru
955 2009 1163 2069 proponemus
1184 1992 1291 2070 praes.
1312 1995 1414 2068 partis

87 2098 144 2158 tlt
165 2112 251 2171 cap.
281 2099 331 2154 12.

1 2267 2 2280 χ
176 2197 340 2257 Succedit
363 2197 491 2272 denique
508 2195 538 2268 s.
564 2194 661 2254 w-
676 2201 747 2252 tm·
769 2198 853 2256 ttttllo
876 2197 982 2256 addito
1004 2199 1093 2257 tilulo
1115 2213 1182 2257 ars
1204 2213 1408 2273 anonyma,

1 2291 2 2332 ³
87 2318 171 2376 pirae
188 2301 290 2360 buius
306 2299 381 2358 libri
393 2300 482 2357 tertio
497 2299 564 2358 loco
582 2315 616 2372 p.
635 2304 777 2356 tlt-tt?
798 2299 880 2357 editu
902 2308 959 2372 est,
985 2302 1023 2360 tle
1045 2303 1165 2359 ironiae
1185 2308 1214 2359 el
1229 2301 1412 2376 pronomine

1 2465 2 2486 p
88 2421 130 2462 rur
150 2403 267 2462 maritis
291 2400 468 2460 electoribus
489 2401 626 2460 collecta.

1 2497 2 2500 ’
179 2505 351 2563 Postremo
373 2503 501 2578 deniqne
522 2503 588 2562 loco
609 2503 739 2561 babettrr
756 2500 786 2574 s.
814 2509 884 2560 117⁶
899 2503 981 2575 -s.
1001 2501 1072 2562 125⁶
1093 2506 1176 2564 utillo
1198 2505 1303 2562 (stallo
1325 2505 1411 2562 tilieto

88 2625 146 2666 urs
169 2607 193 2666 1
197 2607 331 2666 aliani
356 2602 531 2664 Toletani
550 2605 583 2664 in
603 2607 664 2676 tine
685 2607 792 2664 mutila
814 2607 846 2664 iu
868 2605 945 2664 llaec
966 2607 1060 2666 uerba
1083 2607 1234 2666 desistens:
1268 2605 1341 2677 Quia
1365 2607 1409 2666 in·

92 2708 242 2786 peratiuo
266 2704 361 2764 modo
383 2706 414 2764 in
437 2724 454 2764 e
476 2713 608 2765 mutatur
631 2712 660 2765 ot
683 2693 753 2766 lacit
774 2705 952 2766 leuuesccto.
983 2705 1052 2766 iude
1075 2725 1204 2786 agousco
1227 2708 1295 2784 quia
1318 2707 1409 2769 torcia

90 2815 242 2889 (arrepta
268 2817 317 2868 est
339 2813 370 2870 et
390 2806 538 2866 infinitiuo
561 2825 609 2867 mo
632 2815 701 2867 aitte
723 2827 770 2887 pe,
787 2807 832 2880 cs.
850 2811 945 2869 Keilii
954 2806 1060 2886 praes.
1077 2811 1121 2869 ud
1134 2817 1282 2887 excerpta
1297 2811 1413 2872 Iuliani

89 2933 122 2987 p.
149 2919 234 2978 316;
251 2927 291 2986 p.
317 2916 358 2968 85
380 2911 428 2968 etl.
451 2910 537 2970 Ilum.

184 3013 234 3072 tre
256 3013 320 3072 boc
341 3013 447 3072 codice
468 3014 617 3088 copilasse
639 3013 759 3072 uidetur
782 3014 950 3086 Puluillus,
976 3015 1044 3074 dum
1062 3012 1273 3090 [tractationis
1291 3017 1411 3090 popina

92 3117 208 3176 ultima
232 3118 318 3175 inter
340 3131 394 3188 ea,
425 3131 504 3190 quae
531 3116 616 3190 apuli
639 3115 816 3174 Clementem
840 3115 962 3174 Scotum
984 3119 1167 3191 lepereutur,
1192 3116 1269 3174 stibii
1289 3133 1321 3175 se
1342 3134 1409 3192 rep-

88 3222 218 3294 ptr-isse
239 3221 288 3277 ait
310 3217 355 3277 uri
377 3218 546 3278 Clurisium
569 3219 791 3278 enteuduutlum
814 3220 894 3277 noui.
936 3219 1023 3288 Ouod
1043 3221 1134 3293 lonqe
1154 3235 1240 3278 secus
1254 3235 1285 3278 se
1299 3219 1410 3278 lubere

95 3322 285 3382 iamdudum
308 3321 490 3380 intellectum
511 3328 566 3379 est.

182 3423 241 3482 Ex
255 3423 317 3482 irus
332 3421 412 3482 libro
427 3429 637 3494 manasterunt,
656 3437 734 3496 quae
746 3419 851 3498 praes.
863 3425 967 3498 partis
982 3425 1090 3482 tertiae
1104 3439 1174 3497 cup.
1193 3429 1211 3480 3
1225 3425 1263 3481 tle
1279 3410 1411 3483 Obarisii

94 3527 257 3600 excerptis
271 3531 304 3583 ct
318 3540 390 3600 cap.
409 3531 426 3580 5
448 3525 486 3582 lle
501 3523 638 3600 Pompeii
657 3525 810 3584 codicibus
825 3525 1013 3600 disputantes
1027 3525 1216 3598 collipemus,
1241 3525 1309 3582 item
1330 3541 1409 3599 quae

96 3629 189 3687 iaus
212 3627 292 3686 libri
306 3644 343 3702 p.
370 3631 523 3684 til—201
551 3627 681 3702 Verqilii
697 3625 896 3700 qrammatici
919 3625 1100 3700 fraqmeutu
1115 3623 1332 3701 proposuimus
1354 3643 1408 3688 uec

97 3746 173 3804 uon,
206 3743 292 3804 qttee
313 3729 354 3788 de
374 3726 495 3788 Isidoro
514 3731 716 3803 qrammatico
737 3735 767 3788 et
788 3730 826 3787 tle
848 3727 1000 3788 Consentii
1020 3726 1207 3802 aliorumque
1228 3729 1406 3804 quibusdum

96 3833 171 3890 lma
195 3830 292 3902 infru
309 3829 420 3906 praes.
440 3832 542 3905 partis
562 3830 618 3891 III
637 3847 707 3906 cup.
734 3837 777 3898 tt,
801 3839 831 3906 5,
857 3837 883 3904 2,
910 3839 943 3908 b,
970 3835 1004 3886 tt)
1026 3831 1253 3907 disputabimus.

437 4275 478 4364 3)
506 4276 621 4348 codd.
647 4277 790 4350 Bernn.
819 4273 896 4345 522
924 4280 965 4346 ot
991 4274 1081 4346 432.

183 4411 264 4472 eoa.
296 4409 395 4470 Beni.
419 4417 477 4468 522
505 4427 585 4471 suec.
607 4409 744 4470 tlt-t
770 4407 876 4482 forma
904 4411 1034 4485 oblouqa
1061 4413 1175 4470 mirtuta
1203 4408 1408 4470 LXXXXIX

96 4513 176 4582 luia
209 4514 349 4574 continet
374 4513 479 4573 eudem
505 4529 600 4573 manu
626 4513 758 4588 scriptu,
786 4513 841 4571 secl
868 4513 974 4572 desunt
1001 4514 1117 4588 aliquot
1139 4514 1350 4588 quaterniones
1372 4515 1404 4572 in

98 4617 171 4684 ium
211 4631 288 4676 uum
307 4613 336 4686 s.
360 4611 411 4672 tlt'
432 4617 552 4690 siquam
588 4613 741 4690 quoddam
774 4615 920 4674 asterisco
951 4615 1046 4674 simile
1078 4613 1233 4688 adpictum
1266 4619 1310 4672 est
1336 4631 1404 4674 ctum

101 4719 218 4778 serbis:
242 4717 314 4776 ‘boc
336 4719 453 4791 sipulum
475 4722 597 4793 require
615 4715 714 4792 prope
730 4719 820 4790 finem
835 4717 927 4776 libri'.
966 4715 1028 4776 Seu
1041 4716 1260 4790 requirentibus
1274 4717 1359 4776 nediu
1373 4733 1404 4777 se

101 4821 194 4892 opert
211 4801 302 4880 illius
322 4821 461 4894 opusculi
478 4821 666 4882 continuatio
686 4835 781 4894 neque
795 4819 859 4878 ullo
873 4820 939 4878 loco
953 4819 1032 4880 illud
1045 4819 1161 4892 sipnum
1176 4819 1334 4896 repetition
1349 4825 1401 4878 est.
