3352 5556
482 371 557 422 CVM
576 369 780 422 nxcnnPn1s
798 369 970 422 INEDI'I’IS.
1289 381 1369 430 cc1x

94 565 165 622 betur
186 560 344 622 comedere
367 562 491 622 terram'
515 557 653 630 eddidit:
677 562 748 620 tulis
768 565 812 619 est
833 556 912 619 errr'm
934 559 997 617 eius
1019 555 1218 618 additamenta·
1239 557 1369 635 babitus,

94 673 119 723 rt
138 683 174 724 ex
194 666 313 725 Iuliani
332 666 425 740 ipsisne
447 667 569 739 moenio
588 661 761 740 profectum
783 677 846 722 esse
865 661 971 736 possit.

160 745 187 846 p.
210 761 638 844 320,100u0tsuotpartes
661 765 732 826 artis
754 762 988 841 grammaticae?
1019 761 1108 823 uuae.
1140 761 1244 834 Quasi
1273 763 1371 828 Prima

94 878 129 926 est
148 886 220 946 quae
242 867 385 928 scribitur
408 886 463 946 per
485 867 630 927 moloram
653 873 683 926 et
705 864 868 927 anteferam
936 859 976 924 12
1004 863 1136 944 paruulis
1164 873 1193 927 et
1221 867 1373 930 infantulis

93 979 204 1039 nutum.
235 979 268 1030 ut
295 971 411 1050 possint
437 969 513 1030 scire
543 965 793 1048 quemadmodum
822 968 860 1028 sit
890 983 952 1036 ars,
982 974 1013 1026 ut
1040 967 1218 1047 plerumque
1245 969 1374 1031 infantes

94 1074 249 1132 memoriam
272 1081 445 1152 sequantur,
469 1089 529 1131 non
553 1077 665 1131 tantum
691 1071 924 1150 responsionem,
948 1070 1089 1150 quonlam
1112 1069 1241 1134 iolantes
1263 1071 1374 1133 debent

93 1175 163 1244 scire,
186 1192 246 1235 non
269 1175 366 1235 solum
388 1173 578 1252 intellegere,
601 1171 654 1239 sed
677 1173 764 1232 etiam
789 1170 971 1251 respondere
993 1171 1157 1234 secundum
1179 1172 1373 1244 intellectum,

22 1293 23 1300 ¹
92 1293 119 1334 eo
137 1277 210 1358 quod
234 1275 305 1336 nibil
329 1275 437 1336 babeat
459 1274 647 1344 difficultatis,
671 1292 747 1354 quae
769 1273 901 1335 dilinitur
923 1271 961 1334 ab
982 1283 1049 1335 octo
1064 1274 1198 1353 partibus
1220 1277 1371 1346 orationis.

92 1377 188 1440 idesta
211 1381 332 1440 nomine
356 1387 411 1439 etc.
438 1413 475 1422 —-
500 1376 537 1438 ab
559 1377 776 1438 interiectione.
814 1374 950 1436 Secunda
967 1385 1011 1436 est
1033 1394 1102 1454 pars
1118 1385 1147 1437 ct
1169 1380 1233 1457 ipsa
1253 1377 1374 1439 uberior

92 1479 224 1541 modicum
249 1480 362 1540 babens
384 1477 575 1549 difficultatis,
599 1478 748 1557 montedo
771 1479 956 1555 interrogare
987 1483 1017 1537 et
1044 1478 1227 1558 respondere
1249 1481 1372 1558 possint,

92 1600 154 1658 quae
181 1583 248 1643 data
277 1593 321 1643 est
348 1580 567 1664 maioribusvet
595 1578 774 1641 minoribus.
820 1578 871 1640 Est
894 1579 971 1640 enim
984 1625 1076 1641 .....
1089 1589 1178 1658 atque
1200 1579 1321 1642 robusta
1345 1591 1374 1642 et

22 1667 23 1680 ³
91 1683 177 1763 incipit
199 1703 215 1743 a
240 1683 346 1750 littera,
371 1701 446 1762 quae
468 1691 498 1743 et
520 1681 651 1744 uberior.

162 1787 245 1856 Otene
271 1787 299 1846 εἰ
325 1802 392 1845 cum
421 1786 544 1845 Irdiooo
571 1784 732 1858 conserus,
767 1801 835 1844 cum
866 1785 951 1860 opud
977 1783 1059 1844 bunc
1084 1801 1195 1846 manea
1222 1787 1372 1862 quaedam

89 1895 166 1962 {itque
186 1891 266 1947 male
287 1891 367 1948 inter
387 1905 420 1947 se
440 1887 634 1947 cohaerentia
651 1885 811 1963 proferri,
841 1888 872 1946 r'n
901 1893 970 1945 orte
996 1903 1071 1946 uero
1095 1878 1244 1948 Bernerrsd
1268 1889 1373 1950 eudem

90 1990 149 2050 irene
168 1991 381 2064 eooytrrtr'nuta
402 1997 430 2049 et
452 2007 512 2050 uon
534 1991 623 2065 quusi
643 1997 746 2050 tenore
767 1986 925 2064 explicatu
947 1989 1062 2063 uidens,
1086 1985 1150 2048 iam
1164 1991 1224 2050 iam
1246 1989 1374 2066 suspitio

89 2093 218 2164 dentur,
243 2093 397 2153 lectionum
424 2090 521 2168 ipsius
548 2093 624 2152 artis
651 2092 815 2151 Berneosis
842 2096 1050 2166 excerptorem
1074 2091 1181 2164 fuisse.
1225 2092 1312 2153 Idem
1333 2110 1374 2154 ex

91 2193 267 2267 sequentinm
287 2195 432 2254 concludi
447 2199 555 2270 potest.

160 2315 188 2374 p.
210 2293 291 2364 320,
318 2291 357 2356 18
384 2294 490 2372 incipit
517 2293 553 2356 de
581 2293 718 2355 finalibus
746 2292 875 2373 syllabis.
919 2293 972 2354 Vm
996 2295 1171 2356 terminatus
1192 2293 1287 2375 qualis
1310 2297 1374 2358 esti

22 2431 23 2434 =
90 2395 180 2458 lireuis
201 2406 247 2459 est
269 2405 302 2458 ut
324 2395 476 2476 templum.
523 2395 598 2456 llicit
619 2403 717 2457 tameo
742 2395 874 2456 Donatus
938 2392 978 2454 21
1003 2395 1121 2456 difficile
1145 2398 1214 2467 erit,
1238 2397 1318 2470 dicit,
1341 2407 1374 2459 ut

89 2501 253 2580 exemplum,
277 2517 336 2561 orn.
360 2509 474 2560 certum
520 2498 627 2559 exinde
650 2516 707 2559 om.
775 2498 975 2558 nominatiuns
998 2515 1054 2558 om.
1100 2493 1142 2558 22
1164 2517 1256 2580 quare
1279 2519 1308 2562 ru
1331 2535 1373 2545 -

22 2669 23 2680 χ
89 2600 221 2663 incertum
246 2611 291 2662 est
312 2617 370 2662 orn.
433 2597 477 2660 24
498 2602 528 2660 iu
551 2599 675 2662 latinum
740 2597 782 2660 25
804 2599 925 2661 latinum
948 2617 1021 2660 uero
1043 2617 1151 2660 nomen
1167 2603 1297 2664 inueniri
1312 2621 1372 2664 non

89 2711 169 2779 potest
201 2706 232 2763 io
268 2703 323 2765 bac
354 2701 464 2783 syllaba
545 2699 587 2764 26
616 2721 653 2763 en
682 2703 874 2771 terminatus,
909 2717 964 2762 om.
995 2700 1114 2783 quando
1193 2711 1243 2764 aut
1272 2703 1373 2766 breuis

89 2799 122 2862 28
146 2806 224 2885 apud
252 2806 383 2866 Graecos
410 2813 507 2866 autern
536 2822 655 2883 semper
683 2804 787 2884 longus
816 2811 861 2865 est
887 2805 1027 2880 (optime)
1064 2811 1095 2864 ut
1127 2816 1234 2883 pecten
1264 2806 1370 2866 flamen

90 2902 136 2966 lien
162 2907 260 2986 pollen
290 2906 437 2987 quomodo
467 2913 572 2986 peetcn
601 2914 726 2986 pectene
757 2904 865 2966 dicitur
891 2905 1005 2965 damen
1033 2905 1154 2966 llumioa
1183 2906 1242 2968 lien
1269 2907 1372 2987 splene

89 3007 174 3082 pollen
198 3007 310 3089 polline
375 3005 417 3070 30
439 3011 617 3070 terminatus
639 3009 730 3069 luerit
795 3016 845 3068 aut
867 3007 969 3068 breuis
1032 3025 1151 3087 semper
1174 3025 1231 3068 om.
1275 3004 1317 3070 32
1339 3027 1373 3070 ar

22 3183 23 3186 Ἴ
88 3113 251 3172 terminatur
317 3119 367 3171 aut
389 3109 490 3172 breuis
553 3107 595 3170 33
624 3108 694 3189 quid
723 3115 769 3170 est
798 3129 851 3170 nor
879 3109 959 3170 naris
981 3108 1027 3169 lar
1051 3107 1143 3170 larino
1167 3119 1218 3170 aut
1240 3129 1275 3170 ex
1298 3111 1371 3190 poli·

22 3193 24 3224 *
87 3209 217 3287 syllanum
241 3212 318 3272 idest
340 3211 475 3291 plurimis
497 3211 625 3290 syllabis.
663 3211 694 3271 lo
718 3209 900 3290 polisyllabls
924 3211 1019 3290 qualis
1041 3213 1104 3272 est?
1142 3211 1219 3272 llicit
1242 3199 1371 3272 Donatus

22 3359 23 3390 3
87 3309 120 3371 31
144 3315 173 3374 in
202 3316 338 3392 genitiuo
372 3325 439 3374 ante
476 3313 609 3374 ultimam
645 3312 786 3393 syllabam
810 3312 986 3393 producunt
1019 3319 1051 3372 ut
1079 3312 1195 3374 coclear
1223 3311 1371 3392 sublegar,

22 3403 23 3444 ³
88 3421 172 3476 umen

159 3535 188 3596 p.
210 3515 290 3585 321,
317 3519 332 3577 1
363 3517 420 3577 lroo
449 3518 626 3578 auctoritate
697 3520 864 3596 tirsumque
894 3526 999 3578 tenens
1027 3524 1057 3578 et
1085 3514 1225 3596 sublegar
1252 3535 1371 3578 accusa·

22 3599 24 3688 ζ
88 3615 170 3696 liniti)
237 3615 1253 3699 5115311111111111111111111111111111111.
1292 3617 1371 3691 Quo·

22 3699 23 3710 4
89 3719 179 3780 nodoi
217 3719 291 3780 Puta
319 3722 344 3780 si
374 3719 468 3780 dicam
498 3721 643 3799 spondius
708 3718 858 3800 llongas
888 3739 944 3782 om.
1017 3727 1151 3800 temporo
1179 3727 1318 3801 quattuor
1347 3724 1371 3783 sl

88 3817 167 3882 dicam
190 3821 352 3900 pirriebius
374 3829 405 3882 et
427 3808 523 3884 certas
545 3821 672 3901 syllabas
695 3821 784 3884 babet
811 3823 884 3884 duas
913 3831 942 3884 et
963 3829 1045 3885 certa
1067 3830 1200 3903 tempora
1223 3823 1299 3903 dno,
1329 3825 1372 3886 sic

89 3929 111 3978 et
129 3941 202 3986 nnus
225 3925 352 4004 quisque
374 3941 436 4004 pes.
468 3923 565 3996 Quare
588 3923 728 3985 dicuntur
750 3924 860 4002 pedes?
893 3925 966 3996 Ouia
1032 3919 1201 4005 8pedlbus
1215 3925 1370 4003 gradimur

88 4022 133 4083 lter
193 4025 215 4087 9
239 4045 293 4106 per
315 4025 407 4105 pedes
429 4035 592 4106 conputare
616 4025 686 4106 (lep.
703 4026 864 4096 ambulare,
887 4027 972 4101 cons.
995 4029 1118 4089 Aletrini
1130 4035 1226 4088 artem
1239 4045 1371 4104 pramm.

87 4135 223 4204 12016,
252 4137 288 4188 22
310 4131 350 4189 P:
379 4128 472 4189 Pedes
500 4127 572 4190 dieti
602 4147 636 4189 eo
665 4127 744 4208 quod
775 4131 847 4208 ipsis
875 4127 959 4209 [cod.
989 4130 1083 4190 Bero.
1110 4137 1165 4189 123
1192 4147 1246 4207 per
1274 4129 1369 4211 ipsos]

90 4237 169 4290 uetra
197 4228 360 4310 ambulent)
433 4227 473 4290 14
499 4229 571 4291 illud
596 4249 664 4307 om„
683 4249 739 4292 om.
820 4228 1209 4293 lustramentum
1280 4229 1370 4292 1611

90 4333 170 4404 prima
193 4333 305 4413 syllaba
362 4330 400 4394 tt
424 4341 453 4394 et
474 4332 567 4394 thesis
589 4352 678 4395 unam
732 4351 800 4394 nam
817 4335 842 4394 si
857 4333 1039 4414 paenultimo
1056 4368 1094 4377 -
1112 4334 1205 4395 thesis
1225 4334 1298 4394 duas
1313 4351 1370 4394 orn.

89 4427 119 4490 21
145 4444 266 4496 constet.
333 4431 376 4495 22
402 4436 527 4515 quisque
554 4454 608 4516 pas
636 4445 669 4496 ut
695 4443 767 4514 puta
832 4433 953 4498 habebit
1016 4433 1058 4497 23
1087 4436 1291 4516 uuusquisque
1318 4455 1372 4516 pes

90 4537 238 4598 secundum
260 4537 432 4618 qualitatem
455 4545 485 4598 et
506 4539 700 4614 quantitatem
723 4535 901 4618 syllabarum
925 4547 1058 4618 tempora
1085 4536 1205 4598 babebit
1269 4533 1313 4598 24
1334 4555 1371 4599 an

90 4651 136 4696 nnn
195 4637 237 4702 25
259 4639 369 4701 Christi
391 4673 434 4685 -
455 4638 644 4701 sermonibus
666 4657 723 4700 nm.
791 4640 932 4701 trocheus
995 4637 1038 4701 26
1060 4640 1232 4702 antibaceus
1254 4640 1291 4701 da
1308 4641 1372 4701 eius

89 4731 120 4795 21
140 4749 268 4820 negaret.
292 4742 365 4804 Nam
389 4749 418 4802 et
440 4741 488 4802 blo
504 4741 540 4802 de
556 4741 650 4802 solido
665 4745 697 4802 lrt
721 4744 831 4804 excisio
848 4751 878 4804 et
892 4744 924 4803 lit
939 4742 1111 4804 antibacous
1126 4761 1189 4822 pes.
1238 4739 1280 4804 28
1296 4743 1373 4804 salso

90 4838 195 4902 solidari
218 4854 343 4923 possunt
407 4845 609 4905 terrentianus
666 4841 709 4904 29
730 4846 806 4905 sclsa
870 4843 913 4906 30
934 4846 1010 4907 suisa
1068 4842 1110 4906 32
1133 4851 1162 4906 et
1183 4861 1240 4907 om.
1301 4847 1373 4906 sois·

130 4957 220 5000 uun.
236 4970 288 5004 nar.
304 4962 387 5004 suren.
1152 4965 1167 5000 ο
