3308 5542
705 381 754 432 DE
773 379 893 434 Ltnttts
912 377 1194 434 Tvntcnnsnavs:

508 576 542 628 Vt
564 575 762 648 geminatamm
784 573 878 630 breuis
900 579 942 628 est
963 587 1071 646 semper
1093 571 1170 646 prior
1191 569 1288 627 horum

507 658 529 713 v
551 659 602 716 sub
623 673 647 725 ο,
664 665 770 733 prestat
791 653 907 732 (prestal
929 653 1002 730 cod.)
1026 673 1040 712 a
1064 655 1115 712 sub
1137 664 1165 712 ct
1187 657 1195 710 i
1219 655 1266 712 sed
1289 663 1433 727 utramque
1457 655 1573 712 secunda

455 751 486 800 m
508 745 667 820 liyptonpos
688 742 813 818 duplices
836 758 903 816 quas
927 741 1042 798 dicimus
1065 757 1126 797 asso
1149 739 1259 798 uocales
1385 791 1413 844 θ

507 863 529 920 N
551 881 577 920 m
600 861 707 920 substat
729 869 756 918 et
779 879 807 934 s,
831 859 883 918 nisi
908 831 943 934 (ιῗι
965 859 1038 931 cod.)
1061 875 1122 916 cnm
1144 859 1200 916 siut
1222 857 1400 915 semivocales

508 943 1176 1022 Sbcqptpraestatcptbgsedde

508 1031 562 1089 Nec
584 1049 639 1088 non
662 1048 687 1088 tn
710 1047 726 1087 c
747 1030 764 1086 d
786 1045 847 1086 cum
871 1047 889 1102 g
912 1027 1077 1104 subponitur
1099 1037 1127 1084 et
1150 1037 1167 1084 t.

508 1117 540 1174 Et
562 1116 675 1191 reliquis
698 1124 773 1172 mute
795 1113 904 1189 liquidis
927 1122 992 1170 sunt
1014 1111 1216 1188 praepositissa

451 1209 484 1258 20
505 1201 525 1258 E
548 1201 620 1274 (cod.
643 1199 691 1275 En)
714 1216 770 1256 nou
791 1200 945 1273 conpositis
967 1197 1019 1256 hnc
1040 1206 1131 1255 antem
1154 1199 1259 1254 cernito
1283 1195 1384 1254 uerbis.

508 1285 556 1343 Est
577 1301 638 1343 nam
662 1282 809 1342 uerborum
830 1300 885 1341 nou
909 1299 1017 1358 semper
1038 1285 1246 1356 conpositomm

508 1371 638 1429 Accultur
660 1378 735 1427 certe
758 1369 907 1444 penultima
929 1366 1042 1443 lungula
1064 1383 1190 1442 quaeque
1214 1363 1266 1442 (ci3)

508 1457 619 1513 Praeter
641 1455 674 1512 ab
696 1453 758 1510 inde
780 1453 871 1528 duplis
893 1453 927 1509 de
950 1453 1057 1527 quando
1082 1452 1126 1508 uel
1149 1453 1176 1507 iu
1199 1452 1344 1525 geminatis

510 1543 579 1597 bute
601 1556 650 1615 per
673 1539 825 1613 exemplum
848 1537 922 1595 soliti
945 1553 1113 1613 cognoscere
1135 1535 1248 1593 uerbum

453 1624 663 1683 salutabam
685 1632 790 1698 partein
813 1639 874 1680 cum
897 1624 983 1697 prima
1004 1631 1123 1698 postque
1146 1622 1266 1679 annalem

509 1709 633 1767 Censnua
656 1707 714 1766 sola
736 1709 812 1764 uenit
834 1708 867 1765 da
889 1724 942 1782 qua
966 1723 1037 1764 noua
1060 1706 1155 1780 regula
1178 1707 1265 1763 creuit

508 1795 593 1865 Quam
615 1791 683 1850 mihi
705 1792 830 1850 Serniolo
853 1792 956 1868 placuit
978 1791 1152 1850 subscribere
1174 1789 1255 1848 libro.

508 1880 586 1950 Quod
609 1877 690 1936 simul
713 1877 775 1934 lude
798 1879 885 1952 sapis,
909 1887 951 1934 est
973 1877 1061 1934 omnis
1084 1875 1185 1950 syllaba
1209 1875 1306 1951 qualis.

509 2036 578 2090 bute
600 2030 618 2088 b
641 2030 671 2088 lit
692 2030 783 2088 breuis
806 2047 821 2086 a
844 2029 945 2086 retinet
967 2045 1047 2103 quam
1070 2028 1165 2087 sillaba
1186 2029 1274 2102 prima

453 2124 488 2172 30
508 2116 610 2174 Fabula
632 2113 676 2174 uel
699 2115 778 2172 labor
798 2131 860 2172 cum
884 2123 937 2171 stat
958 2113 1120 2189 producitur
1142 2113 1219 2171 labor

509 2202 543 2259 Et
564 2201 647 2257 stabit
669 2199 753 2272 (scabi
775 2199 848 2275 cod.)
871 2198 945 2256 labes
967 2199 1071 2274 pariter
1092 2215 1202 2273 quoque
1225 2199 1324 2274 papula
1346 2198 1423 2255 tabes

510 2285 605 2343 Stabat
627 2284 656 2357 (S
678 2284 768 2341 stabat
787 2279 861 2358 cod.)
885 2301 945 2342 cnm
968 2283 1052 2342 stabit
1072 2301 1133 2340 cnm
1156 2282 1238 2340 nabat
1259 2284 1377 2357 denique
1400 2285 1475 2340 nabit

510 2370 604 2428 l'labat
625 2387 686 2428 cnm
709 2369 785 2426 llablt
807 2370 872 2426 haec
893 2370 1024 2426 metricus
1046 2369 1111 2426 baut
1133 2367 1267 2425 breuiabit

510 2455 581 2514 llaec
602 2454 792 2530 producuntur
814 2471 868 2512 non
892 2471 961 2528 quae
984 2463 1073 2511 tamen
1097 2453 1159 2510 inde
1183 2453 1329 2510 trabuntur

455 2547 488 2594 ab
510 2540 538 2596 Sl
561 2539 578 2596 b
601 2539 711 2615 qnidam
733 2549 861 2610 seruant,
884 2538 951 2596 alias
973 2539 1021 2596 sed
1043 2535 1177 2612 (seced.)
1201 2538 1283 2613 longa
1307 2548 1443 2597 retentant

510 2630 580 2682 Ante
603 2643 618 2682 c
640 2643 695 2682 uon
718 2624 802 2682 breue
824 2626 860 2682 sit
882 2625 1010 2699 quotiens
1033 2623 1049 2681 b
1072 2641 1151 2698 p.,ne
1173 2625 1295 2698 supersit
1392 2679 1396 2684 .

510 2711 631 2785 Excipies
654 2708 780 2767 baculum
803 2709 925 2785 spacium
947 2707 1036 2783 placet
1058 2717 1141 2784 atque
1164 2708 1298 2784 placantia
1321 2711 1395 2783 pacis

510 2795 574 2868 (lep.
598 2795 722 2870 Excipies
743 2796 843 2869 spaciis
866 2793 954 2869 placat
977 2803 1059 2869 atque
1082 2794 1215 2868 placantia
1238 2793 1322 2869 pacis)

510 2877 568 2948 Qua
591 2882 630 2938 sic
651 2880 809 2937 scribuntur
831 2878 912 2936 simul
935 2879 1024 2936 omnia
1046 2880 1236 2954 corripiuntur

510 2968 580 3023 Acer
602 2965 674 3024 idest
695 2964 776 3021 lortls
798 2962 924 3020 facundia
946 2964 1069 3021 machina
1091 2963 1182 3038 longis

453 3058 487 3106 to
509 3051 528 3106 n
551 3052 655 3124 pariter
678 3047 720 3126 (de
743 3050 846 3123 pariter
868 3047 941 3119 cod.)
963 3049 1066 3122 iungit:
1089 3048 1170 3106 draco
1194 3049 1328 3123 tardoque
1351 3049 1456 3107 reducit

307 3137 452 3212 (p.18cnl.
462 3137 491 3208 2)
508 3139 576 3191 Ante
599 3136 615 3190 d
638 3133 667 3190 lit
690 3133 781 3191 breuis
804 3141 831 3188 et
853 3133 980 3207 siquam
1003 3133 1153 3208 producere
1176 3135 1285 3208 qnaeris
1307 3144 1358 3191 etc.

393 3251 512 3312 Dmnde
529 3269 563 3327 p.
590 3257 625 3308 21
646 3252 703 3310 col.
730 3257 747 3308 2
768 3251 844 3310 doec
865 3245 984 3325 scripte
1005 3255 1089 3310 snat:

510 3374 557 3430 llst
580 3373 752 3447 autIquarum
774 3371 844 3428 liber
866 3371 910 3427 bic
932 3370 1171 3428 sententiolarum.
1406 3422 1409 3430 .

309 3459 422 3516 Formae
436 3458 559 3516 casuales
575 3458 713 3514 nominum
730 3456 760 3511 Vl
776 3453 830 3528 (Vll
845 3455 917 3528 coel.)
935 3465 1012 3512 snut:
1029 3463 1189 3530 monoptota
1205 3457 1309 3531 diptota
1326 3458 1439 3532 triptota
1455 3466 1614 3533 tetraptota

307 3543 472 3619 (detraptota
487 3543 560 3614 eod.)
577 3548 736 3618 pentaptota
751 3549 887 3616 exaptota.
918 3541 1075 3616 Morroptota
1098 3550 1163 3598 snut
1186 3558 1255 3616 quae
1278 3559 1327 3616 pro
1351 3541 1475 3600 omuibus
1498 3545 1616 3600 casibus

308 3680 362 3720 troo
385 3680 449 3720 casn
473 3661 641 3738 longanima,
665 3669 695 3717 ut
718 3659 872 3717 luriusmodi
896 3657 1080 3717 huiuscemodi
1102 3657 1249 3717 llllnsmndi
1273 3661 1407 3718 eiusmodi
1428 3633 1510 3734 (elme
1531 3665 1616 3736 cod.)

308 3765 394 3805 corun
427 3763 509 3820 uern,
545 3748 570 3802 in
606 3747 706 3820 quibus
740 3763 795 3803 non
829 3746 880 3802 nisi
908 3763 979 3802 unns
1007 3743 1136 3820 obliquus
1165 3746 1304 3802 inuenitur
1331 3763 1411 3804 mans
1439 3755 1469 3804 ut
1496 3753 1616 3822 sponte.

308 3835 422 3908 llyptota
451 3841 516 3888 suut
543 3835 569 3888 in
598 3831 697 3905 quibus
726 3846 781 3887 non
809 3831 862 3887 nisi
888 3831 943 3887 diro
971 3830 1074 3886 diuersi
1097 3831 1274 3888 inueniuntur
1296 3849 1376 3890 casns
1398 3840 1429 3888 ut
1451 3833 1508 3889 lors
1534 3834 1616 3891 lorte

309 3921 395 3974 uicem
423 3917 492 3973 uice.
537 3916 662 3990 Triptota
690 3925 755 3973 snut
781 3924 812 3971 nt
841 3917 930 3972 ctuula
959 3917 1045 3990 prime
1071 3915 1260 3973 declinationis
1290 3933 1360 3990 quae
1385 3917 1412 3974 in
1436 3935 1451 3974 a
1473 3917 1614 3976 deliniunt

308 4012 338 4058 nt
359 4002 433 4058 llusa
456 4001 546 4058 blnsae
568 4001 678 4058 blesam.
723 4001 882 4075 Tetraptota
910 4010 975 4057 sunt
1004 3999 1030 4055 in
1058 3999 1158 4075 quibus
1187 4010 1306 4076 quatuor
1332 4000 1434 4058 diuersi
1461 4019 1542 4060 casus
1568 4007 1617 4060 in·

307 4087 456 4144 ueninutur
478 4095 508 4142 ut
531 4101 654 4160 quaeque
678 4082 727 4160 (εἰς)
750 4085 884 4143 secundae
906 4083 1094 4158 declinationis
1117 4083 1212 4157 uerba,
1234 4089 1304 4143 sicut
1327 4089 1458 4159 magister
1480 4088 1617 4162 magistr-i

307 4172 439 4247 tnagistro
466 4173 636 4245 magistrum.
681 4173 842 4246 Pentaptota
872 4180 952 4243 snut,
981 4178 1011 4226 nt
1037 4171 1127 4226 omnia
1150 4171 1285 4228 secundae
1307 4169 1497 4229 declinationis
1522 4175 1617 4232 uerba

308 4258 334 4312 in
358 4275 391 4313 ns
413 4258 581 4329 desinentia,
604 4265 635 4312 nt
658 4257 745 4314 iustus
768 4257 833 4310 insti
856 4257 929 4311 iusto
951 4256 1054 4312 iustum
1078 4273 1094 4312 o
1119 4255 1199 4312 inste.

392 4340 523 4417 llnaptota
544 4350 609 4400 sunt
631 4358 699 4417 quae
722 4359 769 4398 sex
792 4340 916 4397 diuersos
938 4357 1018 4397 casus
1042 4340 1156 4411 babent,
1185 4350 1215 4397 ut
1242 4359 1313 4399 unus
1342 4343 1423 4398 nnius
1452 4344 1497 4398 unl
1521 4359 1617 4402 nnuni

308 4443 361 4484 nna
384 4427 416 4484 ab
439 4444 504 4485 nnn.
565 4477 572 4498 ,

553 4507 702 4596 ᾼῐΐόιιὲεὶιι
724 4511 817 4569 dicdnt
839 4511 871 4566 de'
894 4501 996 4570 ttdrtlce
1019 4504 1127 4585 quando
1151 4505 1275 4568 recidunt

551 4601 586 4655 Ex
608 4592 769 4655 mediastini
792 4597 824 4654 lit
846 4591 957 4671 siucnpai
981 4589 1060 4673 parte
1085 4588 1171 4652 recisi

551 4676 688 4758 Partaque
712 4681 849 4740 nibtriotd
871 4678 976 4738 dice'ttir
999 4675 1121 4755 aipdcopa
1146 4677 1217 4737 lacta

553 4767 605 4824 Sex
630 4768 710 4824 babet
731 4769 799 4826 haec
820 4765 872 4824 sibl
894 4775 1012 4826 scemata
1034 4765 1128 4841 lingua
1150 4765 1245 4824 Latina

597 4853 724 4910 Frontem
747 4852 792 4910 dat
815 4852 953 4926 prothesis
975 4869 1055 4927 quam
1078 4860 1160 4926 negat
1183 4851 1303 4910 allcresis
