3352 5556
283 381 377 432 cxc11
830 369 1020 424 SERGIANA.

282 575 336 636 ego
384 553 526 635 5legerc
549 559 636 618 etiam
702 559 783 636 potui
806 577 872 618 cros
893 565 991 638 potam
1040 554 1179 638 cneque
1208 557 1275 618 norit
1297 575 1394 635 neque
1416 575 1577 639 personam

282 677 379 738 neque
401 667 516 720 cerium
538 666 655 738 tempus
677 658 814 720 «illiniunt
879 658 896 721 'l
921 659 1025 720 eodem
1049 658 1136 720 modo
1160 659 1207 720 uel
1230 659 1323 721 uerbo
1345 659 1535 740 respondent.

366 763 498 834 Addam,
529 761 611 837 quod
637 759 795 822 Consentio
822 760 1017 837 Remipius
1046 759 1384 823 Autisiadareusis
1405 760 1438 822 in
1460 759 1578 822 Donati

281 871 348 924 arte
368 865 502 924 secunda
523 862 713 940 explicantia
734 862 919 939 sinpularem
941 862 974 924 in
997 865 1116 924 modum
1138 882 1208 924 3333
1229 871 1273 924 est
1295 861 1402 924 cocae
1423 861 1578 924 Beruensi

283 971 341 1025 333
369 972 495 1026 auctare
517 965 546 1038 s.
574 973 629 1024 25⁶
651 969 707 1026 col.
731 967 764 1026 I:
1013 953 1019 958 ’

364 1067 412 1128 Ex
441 1067 515 1128 hiis
543 1077 628 1128 sunt
662 1067 730 1128 duc
769 1067 1006 1148 principales
1039 1077 1166 1147 partes
1201 1067 1388 1128 orationis
1420 1063 1578 1127 scilicet

280 1187 408 1230 nomeu
446 1179 482 1230 et
518 1168 672 1230 uerbum
702 1171 793 1242 (Dan.
821 1187 856 1246 p.
888 1175 959 1240 372,
991 1175 1053 1246 26).
1112 1169 1293 1250 Principalis
1329 1175 1429 1248 paries
1466 1169 1577 1228 merito

283 1269 407 1332 dicende
431 1279 500 1331 suut
522 1289 631 1331 nomen
654 1281 683 1331 et
706 1270 831 1332 uerbum
849 1271 916 1347 quia
938 1273 969 1332 in
985 1269 1041 1332 hiis
1057 1281 1114 1332 totu
1132 1281 1231 1332 nostra
1255 1270 1364 1333 locutio
1387 1287 1480 1350 prope
1502 1287 1577 1330 con·

283 1375 369 1433 sistit.
414 1372 487 1434 Num
511 1372 566 1433 hec
588 1372 646 1432 due
667 1375 731 1433 siue
751 1372 818 1432 aliis
839 1369 956 1450 plenam
978 1371 1090 1434 laciuut
1113 1377 1286 1442 orationem,
1311 1382 1343 1434 ut
1365 1372 1455 1434 homo
1477 1371 1575 1450 loqui·

284 1482 333 1535 tur
357 1491 451 1566 cqups
474 1477 577 1535 currit.
622 1473 698 1536 ilinc
720 1475 837 1556 quidem
862 1472 913 1552 (un
935 1473 1081 1554 quiduml)
1110 1474 1205 1536 houd
1234 1473 1361 1536 lucilio
1383 1473 1492 1535 huius
1514 1491 1576 1533 ar·

281 1579 329 1637 tis
352 1587 484 1637 auctor
507 1576 611 1636 horitur
634 1575 757 1638 duarum
782 1578 909 1656 partium
931 1577 1060 1638 sentiens
1087 1575 1333 1658 principalitatem
1356 1578 1434 1638 iuter
1457 1584 1575 1636 ceteros

280 1677 323 1738 sic
344 1679 399 1738 ait:
428 1677 540 1740 ‘Omne
562 1677 640 1756 quod
663 1686 761 1739 mente
784 1680 985 1757 concipimus,
1010 1687 1108 1740 mente
1131 1688 1161 1741 et
1182 1677 1276 1740 uerbo
1299 1677 1500 1759 explicamus,
1523 1677 1572 1751 cf.

282 1781 369 1842 Cous.
386 1797 422 1856 p.
446 1787 518 1848 333,
538 1787 554 1838 7
577 1782 617 1842 II.

868 2281 981 2362 VI.

726 2459 1123 2545 SERGIANA.
1240 2497 1242 2502 ·

859 2799 940 2864 Cur.
965 2801 992 2866 Ι.

312 2935 521 3001 SERGIANI
544 2935 768 3002 cvivsunu
791 2934 1024 3001 COMMENTI
1046 2933 1319 3000 FRAGMENTA
1342 2931 1535 2998 INEDITA.

363 3095 481 3156 Citatur
502 3091 659 3168 inprime
681 3101 749 3153 arte
775 3095 888 3154 3331ἰεί3
911 3093 1074 3153 Beruensis
1099 3099 1166 3166 123,
1197 3109 1275 3168 quae
1305 3087 1463 3151 Clementis
1489 3088 1566 3150 Scot

277 3199 394 3256 nomine
415 3197 506 3271 uutao
527 3192 720 3262 inscribitur,
748 3197 849 3255 muttt's
874 3192 949 3255 tacis
976 3194 1132 3268 Seruius
1159 3194 1283 3269 quidam
1311 3195 1360 3254 uel
1384 3192 1570 3267 Serapias

277 3302 326 3360 uel
346 3297 409 3359 ser*
430 3299 647 3374 prammaticus
669 3297 813 3356 hacteuus
834 3299 1018 3370 incopnitus:
1040 3312 1110 3355 nam
1133 3313 1212 3370 quae
1231 3297 1285 3355 sui
1308 3295 1410 3368 Serpit
1430 3295 1480 3354 uel
1499 3293 1572 3352 Ser-

278 3401 322 3459 uii
343 3397 509 3460 cornicibus
530 3399 573 3457 ad
587 3397 738 3458 Donatum
753 3405 918 3458 commenta
939 3405 968 3458 et
989 3399 1221 3474 explanationes
1243 3396 1285 3455 ad
1305 3403 1408 3456 nostra
1430 3403 1570 3471 tempora

163 3499 169 3510 '
278 3503 438 3572 deuenere,
466 3502 580 3561 nuliam
601 3517 669 3559 cum
691 3497 773 3560 iisce
793 3502 868 3560 locis
889 3502 1095 3574 capitationem
1118 3499 1245 3566 natent,
1275 3499 1334 3556 nisi
1356 3495 1441 3569 sorte
1469 3513 1573 3557 rerum

276 3604 495 3663 tantummodo:
518 3601 617 3661 uerbis
639 3608 719 3660 certe
739 3603 861 3661 muitum
885 3618 906 3660 a
927 3617 959 3660 se
979 3598 1108 3661 inuitem
1131 3601 1307 3659 abhorrent.
1347 3597 1571 3671 Difficultatem

277 3711 373 3766 autem
397 3710 429 3764 ut
443 3695 494 3764 ¹ita
516 3705 616 3762 dicam
637 3705 833 3777 litterariam,
863 3720 940 3778 quae
966 3704 1036 3762 ltine
1066 3705 1144 3762 ariri
1164 3705 1315 3774 uideatur,
1341 3697 1392 3760 ita*
1406 3703 1564 3776 expedias,

277 3813 310 3866 ut
337 3807 498 3880 conplures
523 3805 640 3864 Donati
666 3803 900 3880 explanationes
936 3807 1015 3863 inter
1047 3822 1079 3864 se
1109 3806 1276 3864 consimiles
1307 3801 1444 3863 extitisse
1470 3803 1567 3876 dicas,

277 3925 355 3982 quae
375 3925 415 3967 ex
437 3909 539 3968 eadem
557 3906 629 3979 sere
652 3923 750 3966 omnes
767 3905 856 3978 fante
877 3903 1043 3979 manarint,
1068 3924 1108 3966 ex
1130 3905 1340 3981 antiquissimo
1360 3907 1474 3966 scilicet
1497 3905 1569 3962 Sar-

276 4007 322 4070 uii
347 4011 589 4070 commentatoris
618 4015 709 4082 atque
734 4010 931 4082 prammatici
960 4006 993 4068 in
1022 3993 1184 4069 Donatum
1206 4004 1430 4069 commentaria.
1483 4005 1572 4077 Quod

275 4109 372 4186 initur
393 4113 431 4171 rie
452 4108 543 4170 editis
571 4112 630 4170 iam
657 4107 806 4170 eiusmodi
825 4112 1004 4186 praesertim
1032 4127 1072 4170 ex
1098 4108 1205 4172 cadim
1226 4109 1397 4168 Lanantino
1419 4110 1571 4184 opusculis

275 4217 380 4276 statuit
407 4211 561 4274 IIeuricus
590 4209 708 4273 IIea'tius
731 4228 860 4285 pratum.
892 4211 959 4272 Lat.
988 4213 1048 4272 uol.
1078 4211 1136 4284 IV,
1168 4210 1274 4286 praes.
1301 4228 1334 4286 p.
1363 4210 1452 4270 LIII.
1480 4210 1527 4270 LI
1531 4213 1567 4282 Γ,

277 4317 354 4376 iciem
377 4318 415 4375 de
435 4318 549 4390 codicis
574 4321 628 4390 123
649 4311 802 4388 excerptis
823 4320 970 4388 statuam,
989 4311 1149 4389 pertinere
1169 4330 1207 4372 ea
1228 4314 1272 4371 act
1292 4320 1388 4372 artem
1412 4315 1569 4388 quandam

277 4419 312 4477 ab
333 4435 399 4477 eam
421 4422 569 4478 rationem
591 4415 695 4490 Serpit
714 4417 833 4475 nomine
854 4414 1039 4490 insipnitam,
1064 4418 1136 4491 quia
1155 4417 1303 4490 pleraque
1324 4432 1364 4474 ex
1380 4414 1483 4475 Seruii
1496 4413 1569 4474 alim

276 4525 437 4579 commento
454 4519 584 4592 fuerant
605 4513 814 4598 desunrpta.*)

276 4687 500 4696 ——.-—————-..

345 4788 371 4852 *l
392 4791 458 4839 lelcur
478 4792 502 4840 iu
522 4805 551 4840 eu
569 4802 634 4853 arte,
659 4805 734 4852 ultrum
755 4807 779 4856 p.
802 4791 935 4840 lte-158
955 4803 1019 4837 trriuc
1044 4787 1152 4854 primunt
1177 4769 1316 4851 edidi'n’uis,
1339 4791 1465 4840 occidisse
1487 4807 1569 4856 surpra

277 4857 411 4909 docuimus
430 4875 456 4924 p.
477 4857 613 4908 LXXXIX
632 4875 687 4922 seq.
