<?xml version="1.0" encoding="UTF-8"?>
<!DOCTYPE html PUBLIC "-//W3C//DTD XHTML 1.0 Transitional//EN"
    "http://www.w3.org/TR/xhtml1/DTD/xhtml1-transitional.dtd">
<html xmlns="http://www.w3.org/1999/xhtml" xml:lang="en" lang="en">
 <head>
  <title>
</title>
<meta http-equiv="Content-Type" content="text/html;charset=utf-8" />
  <meta name='ocr-system' content='tesseract 3.04.00' />
  <meta name='ocr-capabilities' content='ocr_page ocr_carea ocr_par ocr_line ocrx_word'/>
</head>
<body>
  <div class='ocr_page' id='page_1' title='image "./anecdotahelveti00hagegoog_0023.png"; bbox 0 0 3308 5542; ppageno 0'>
   <div class='ocr_carea' id='block_1_1' title="bbox 255 331 1139 398">
    <p class='ocr_par' dir='ltr' id='par_1_1' title="bbox 255 331 1139 398">
     <span class='ocr_line' id='line_1_1' title="bbox 255 331 1139 398; baseline -0.019 0"><span class='ocrx_word' id='word_1_1' title='bbox 255 349 315 398; x_wconf 79' lang='lat' dir='ltr'><em>XVI</em></span> <span class='ocrx_word' id='word_1_2' title='bbox 671 333 721 384; x_wconf 78' lang='lat' dir='ltr'><em>DI}</em></span> <span class='ocrx_word' id='word_1_3' title='bbox 741 332 862 384; x_wconf 83' lang='lat' dir='ltr'>LIIIRIS</span> <span class='ocrx_word' id='word_1_4' title='bbox 882 331 1139 384; x_wconf 71' lang='lat' dir='ltr'><em>ttslttuuttslbvs,</em></span> 
     </span>
    </p>
   </div>
   <div class='ocr_carea' id='block_1_2' title="bbox 185 521 1587 3550">
    <p class='ocr_par' dir='ltr' id='par_1_2' title="bbox 250 521 1556 1107">
     <span class='ocr_line' id='line_1_2' title="bbox 251 521 1553 600; baseline -0.003 -14"><span class='ocrx_word' id='word_1_5' title='bbox 251 525 382 596; x_wconf 74' lang='lat' dir='ltr'><em>Quorum</em></span> <span class='ocrx_word' id='word_1_6' title='bbox 404 539 483 600; x_wconf 76' lang='lat' dir='ltr'><em>puae</em></span> <span class='ocrx_word' id='word_1_7' title='bbox 505 525 536 583; x_wconf 89' lang='lat' dir='ltr'><em>in</em></span> <span class='ocrx_word' id='word_1_8' title='bbox 557 523 682 582; x_wconf 88' lang='lat' dir='ltr'><em>sinistra</em></span> <span class='ocrx_word' id='word_1_9' title='bbox 699 529 793 598; x_wconf 90' lang='lat' dir='ltr'><em>porte</em></span> <span class='ocrx_word' id='word_1_10' title='bbox 814 523 965 596; x_wconf 78' lang='lat' dir='ltr'><em>leptmtar,</em></span> <span class='ocrx_word' id='word_1_11' title='bbox 995 521 1169 582; x_wconf 74' lang='lat' dir='ltr'><strong><em>hexametri</em></strong></span> <span class='ocrx_word' id='word_1_12' title='bbox 1194 523 1342 598; x_wconf 78' lang='lat' dir='ltr'><em>dactylici</em></span> <span class='ocrx_word' id='word_1_13' title='bbox 1361 539 1424 581; x_wconf 87' lang='lat' dir='ltr'><em>esse</em></span> <span class='ocrx_word' id='word_1_14' title='bbox 1446 524 1553 582; x_wconf 79' lang='lat' dir='ltr'><em>maen-</em></span> 
     </span>
     <span class='ocr_line' id='line_1_3' title="bbox 252 625 1554 702; baseline -0.002 -15"><span class='ocrx_word' id='word_1_15' title='bbox 252 631 303 687; x_wconf 87' lang='lat' dir='ltr'><em>tur</em></span> <span class='ocrx_word' id='word_1_16' title='bbox 330 643 427 702; x_wconf 81' lang='lat' dir='ltr'><em>neque</em></span> <span class='ocrx_word' id='word_1_17' title='bbox 453 641 514 684; x_wconf 89' lang='lat' dir='ltr'><em>non</em></span> <span class='ocrx_word' id='word_1_18' title='bbox 542 625 668 684; x_wconf 90' lang='lat' dir='ltr'><em>alterius</em></span> <span class='ocrx_word' id='word_1_19' title='bbox 694 627 802 684; x_wconf 88' lang='lat' dir='ltr'><em>lateris</em></span> <span class='ocrx_word' id='word_1_20' title='bbox 825 639 903 699; x_wconf 87' lang='lat' dir='ltr'><em>pars</em></span> <span class='ocrx_word' id='word_1_21' title='bbox 923 627 1080 699; x_wconf 81' lang='lat' dir='ltr'><em>superior:</em></span> <span class='ocrx_word' id='word_1_22' title='bbox 1110 631 1214 684; x_wconf 89' lang='lat' dir='ltr'><em>cetero</em></span> <span class='ocrx_word' id='word_1_23' title='bbox 1242 626 1366 684; x_wconf 89' lang='lat' dir='ltr'><em>nomina</em></span> <span class='ocrx_word' id='word_1_24' title='bbox 1395 627 1554 685; x_wconf 88' lang='lat' dir='ltr'><em>octonario</em></span> 
     </span>
     <span class='ocr_line' id='line_1_4' title="bbox 252 725 1555 802; baseline -0.003 -14"><span class='ocrx_word' id='word_1_25' title='bbox 252 729 409 788; x_wconf 87' lang='lat' dir='ltr'><em>trochaico</em></span> <span class='ocrx_word' id='word_1_26' title='bbox 430 727 638 802; x_wconf 73' lang='lat' dir='ltr'><em>conprehendi</em></span> <span class='ocrx_word' id='word_1_27' title='bbox 657 727 789 799; x_wconf 81' lang='lat' dir='ltr'><em>diceres,</em></span> <span class='ocrx_word' id='word_1_28' title='bbox 812 728 841 784; x_wconf 93' lang='lat' dir='ltr'><em>si</em></span> <span class='ocrx_word' id='word_1_29' title='bbox 861 727 940 784; x_wconf 88' lang='lat' dir='ltr'><em>illud</em></span> <span class='ocrx_word' id='word_1_30' title='bbox 960 726 1041 801; x_wconf 78' lang='lat' dir='ltr'><em>‘que’</em></span> <span class='ocrx_word' id='word_1_31' title='bbox 1066 727 1190 785; x_wconf 90' lang='lat' dir='ltr'><em>deesset.</em></span> <span class='ocrx_word' id='word_1_32' title='bbox 1235 725 1314 784; x_wconf 84' lang='lat' dir='ltr'><em>Nam</em></span> <span class='ocrx_word' id='word_1_33' title='bbox 1332 727 1472 800; x_wconf 75' lang='lat' dir='ltr'><em>pedestri</em></span> <span class='ocrx_word' id='word_1_34' title='bbox 1490 741 1555 784; x_wconf 92' lang='lat' dir='ltr'><em>ser-</em></span> 
     </span>
     <span class='ocr_line' id='line_1_5' title="bbox 251 827 1556 902; baseline -0.003 -14"><span class='ocrx_word' id='word_1_35' title='bbox 251 845 339 890; x_wconf 84' lang='lat' dir='ltr'><em>mone</em></span> <span class='ocrx_word' id='word_1_36' title='bbox 360 830 415 889; x_wconf 86' lang='lat' dir='ltr'><em>illa</em></span> <span class='ocrx_word' id='word_1_37' title='bbox 437 829 561 888; x_wconf 88' lang='lat' dir='ltr'><em>aomina</em></span> <span class='ocrx_word' id='word_1_38' title='bbox 582 829 757 888; x_wconf 79' lang='lat' dir='ltr'><em>munerari</em></span> <span class='ocrx_word' id='word_1_39' title='bbox 776 828 845 886; x_wconf 91' lang='lat' dir='ltr'><em>ideo</em></span> <span class='ocrx_word' id='word_1_40' title='bbox 866 828 964 886; x_wconf 90' lang='lat' dir='ltr'><em>minus</em></span> <span class='ocrx_word' id='word_1_41' title='bbox 985 827 1110 902; x_wconf 88' lang='lat' dir='ltr'><em>credas,</em></span> <span class='ocrx_word' id='word_1_42' title='bbox 1141 829 1215 901; x_wconf 79' lang='lat' dir='ltr'><em>quia</em></span> <span class='ocrx_word' id='word_1_43' title='bbox 1236 843 1297 887; x_wconf 87' lang='lat' dir='ltr'><em>aon</em></span> <span class='ocrx_word' id='word_1_44' title='bbox 1320 827 1422 886; x_wconf 88' lang='lat' dir='ltr'><em>codem</em></span> <span class='ocrx_word' id='word_1_45' title='bbox 1445 827 1556 886; x_wconf 86' lang='lat' dir='ltr'><em>ordine</em></span> 
     </span>
     <span class='ocr_line' id='line_1_6' title="bbox 250 929 1555 1006; baseline -0.003 -16"><span class='ocrx_word' id='word_1_46' title='bbox 250 933 282 990; x_wconf 88' lang='lat' dir='ltr'><em>in</em></span> <span class='ocrx_word' id='word_1_47' title='bbox 309 932 374 1006; x_wconf 76' lang='lat' dir='ltr'><em>ipso</em></span> <span class='ocrx_word' id='word_1_48' title='bbox 400 930 481 989; x_wconf 85' lang='lat' dir='ltr'><em>libro</em></span> <span class='ocrx_word' id='word_1_49' title='bbox 507 931 624 1004; x_wconf 79' lang='lat' dir='ltr'><em>scripta</em></span> <span class='ocrx_word' id='word_1_50' title='bbox 653 935 731 988; x_wconf 86' lang='lat' dir='ltr'><em>sunt.</em></span> <span class='ocrx_word' id='word_1_51' title='bbox 785 929 894 988; x_wconf 82' lang='lat' dir='ltr'><em>Versus</em></span> <span class='ocrx_word' id='word_1_52' title='bbox 921 929 1001 1004; x_wconf 86' lang='lat' dir='ltr'><em>ipsos</em></span> <span class='ocrx_word' id='word_1_53' title='bbox 1028 929 1109 988; x_wconf 89' lang='lat' dir='ltr'><em>male</em></span> <span class='ocrx_word' id='word_1_54' title='bbox 1135 931 1307 1004; x_wconf 87' lang='lat' dir='ltr'><em>conpositos</em></span> <span class='ocrx_word' id='word_1_55' title='bbox 1333 945 1397 988; x_wconf 85' lang='lat' dir='ltr'><em>esse</em></span> <span class='ocrx_word' id='word_1_56' title='bbox 1424 945 1484 988; x_wconf 90' lang='lat' dir='ltr'><em>nou</em></span> <span class='ocrx_word' id='word_1_57' title='bbox 1508 937 1555 986; x_wconf 89' lang='lat' dir='ltr'><em>est</em></span> 
     </span>
     <span class='ocr_line' id='line_1_7' title="bbox 251 1033 500 1107; baseline -0.008 -15"><span class='ocrx_word' id='word_1_58' title='bbox 251 1033 334 1107; x_wconf 79' lang='lat' dir='ltr'><em>quod</em></span> <span class='ocrx_word' id='word_1_59' title='bbox 353 1047 500 1091; x_wconf 89' lang='lat' dir='ltr'><em>moneam.</em></span> 
     </span>
    </p>

    <p class='ocr_par' dir='ltr' id='par_1_3' title="bbox 251 1130 1587 1513">
     <span class='ocr_line' id='line_1_8' title="bbox 335 1130 1556 1207; baseline -0.002 -15"><span class='ocrx_word' id='word_1_60' title='bbox 335 1135 372 1192; x_wconf 79' lang='lat' dir='ltr'><em>p,</em></span> <span class='ocrx_word' id='word_1_61' title='bbox 391 1139 408 1192; x_wconf 89' lang='lat'><em>2</em></span> <span class='ocrx_word' id='word_1_62' title='bbox 428 1130 502 1204; x_wconf 82' lang='lat' dir='ltr'><em>ets.</em></span> <span class='ocrx_word' id='word_1_63' title='bbox 519 1139 551 1200; x_wconf 84' lang='lat'><em>3,</em></span> <span class='ocrx_word' id='word_1_64' title='bbox 574 1149 653 1206; x_wconf 82' lang='lat' dir='ltr'><em>quae</em></span> <span class='ocrx_word' id='word_1_65' title='bbox 675 1133 718 1192; x_wconf 88' lang='lat' dir='ltr'><em>od</em></span> <span class='ocrx_word' id='word_1_66' title='bbox 738 1133 930 1207; x_wconf 87' lang='lat' dir='ltr'><em>deperditam</em></span> <span class='ocrx_word' id='word_1_67' title='bbox 952 1133 1067 1192; x_wconf 77' lang='lat' dir='ltr'><em>codices</em></span> <span class='ocrx_word' id='word_1_68' title='bbox 1082 1139 1205 1207; x_wconf 89' lang='lat' dir='ltr'><em>partem</em></span> <span class='ocrx_word' id='word_1_69' title='bbox 1223 1133 1411 1206; x_wconf 82' lang='lat' dir='ltr'><em>pertinuisse</em></span> <span class='ocrx_word' id='word_1_70' title='bbox 1431 1135 1556 1190; x_wconf 89' lang='lat' dir='ltr'><em>numeri</em></span> 
     </span>
     <span class='ocr_line' id='line_1_9' title="bbox 253 1219 1587 1308; baseline -0.003 -14"><span class='ocrx_word' id='word_1_71' title='bbox 253 1243 312 1294; x_wconf 79' lang='lat' dir='ltr'><em>tot</em></span> <span class='ocrx_word' id='word_1_72' title='bbox 335 1242 365 1295; x_wconf 90' lang='lat' dir='ltr'><em>ct</em></span> <span class='ocrx_word' id='word_1_73' title='bbox 388 1241 444 1292; x_wconf 78' lang='lat'><em>257</em></span> <span class='ocrx_word' id='word_1_74' title='bbox 467 1237 634 1308; x_wconf 82' lang='lat' dir='ltr'><em>antiquitus</em></span> <span class='ocrx_word' id='word_1_75' title='bbox 655 1235 757 1294; x_wconf 91' lang='lat' dir='ltr'><em>additi</em></span> <span class='ocrx_word' id='word_1_76' title='bbox 776 1241 963 1308; x_wconf 72' lang='lat' dir='ltr'><em>coarguunt,</em></span> <span class='ocrx_word' id='word_1_77' title='bbox 988 1234 1140 1294; x_wconf 88' lang='lat' dir='ltr'><em>diuersum</em></span> <span class='ocrx_word' id='word_1_78' title='bbox 1163 1235 1284 1294; x_wconf 92' lang='lat' dir='ltr'><em>omnino</em></span> <span class='ocrx_word' id='word_1_79' title='bbox 1307 1234 1457 1306; x_wconf 81' lang='lat' dir='ltr'><em>arelipun</em></span> <span class='ocrx_word' id='word_1_80' title='bbox 1478 1233 1557 1291; x_wconf 88' lang='lat' dir='ltr'><em>libri</em></span> <span class='ocrx_word' id='word_1_81' title='bbox 1577 1219 1587 1234; x_wconf 82' lang='grc'><strong>”</strong></span> 
     </span>
     <span class='ocr_line' id='line_1_10' title="bbox 251 1333 1554 1412; baseline -0.004 -16"><span class='ocrx_word' id='word_1_82' title='bbox 251 1337 356 1397; x_wconf 88' lang='lat' dir='ltr'><em>habitu</em></span> <span class='ocrx_word' id='word_1_83' title='bbox 380 1338 582 1410; x_wconf 72' lang='lat' dir='ltr'><em>grammatico</em></span> <span class='ocrx_word' id='word_1_84' title='bbox 610 1344 820 1410; x_wconf 71' lang='lat' dir='ltr'><em>argumentum</em></span> <span class='ocrx_word' id='word_1_85' title='bbox 841 1351 924 1411; x_wconf 89' lang='lat' dir='ltr'><em>prae</em></span> <span class='ocrx_word' id='word_1_86' title='bbox 951 1351 984 1393; x_wconf 90' lang='lat' dir='ltr'><em>se</em></span> <span class='ocrx_word' id='word_1_87' title='bbox 1006 1335 1131 1406; x_wconf 63' lang='lat' dir='ltr'><em>seruum</em></span> <span class='ocrx_word' id='word_1_88' title='bbox 1160 1351 1231 1412; x_wconf 82' lang='lat' dir='ltr'><em>uam</em></span> <span class='ocrx_word' id='word_1_89' title='bbox 1250 1333 1280 1407; x_wconf 85' lang='lat' dir='ltr'><em>s.</em></span> <span class='ocrx_word' id='word_1_90' title='bbox 1307 1342 1342 1392; x_wconf 75' lang='lat'><em>2³</em></span> <span class='ocrx_word' id='word_1_91' title='bbox 1372 1334 1410 1392; x_wconf 90' lang='lat' dir='ltr'><em>de</em></span> <span class='ocrx_word' id='word_1_92' title='bbox 1430 1336 1554 1408; x_wconf 79' lang='lat' dir='ltr'><em>loquela</em></span> 
     </span>
     <span class='ocr_line' id='line_1_11' title="bbox 251 1438 1112 1513; baseline -0.001 -15"><span class='ocrx_word' id='word_1_93' title='bbox 251 1441 417 1513; x_wconf 80' lang='lat' dir='ltr'><em>dipitorum</em></span> <span class='ocrx_word' id='word_1_94' title='bbox 440 1439 545 1512; x_wconf 79' lang='lat' dir='ltr'><em>apitur</em></span> <span class='ocrx_word' id='word_1_95' title='bbox 565 1439 704 1498; x_wconf 77' lang='lat' dir='ltr'><em>midilato</em></span> <span class='ocrx_word' id='word_1_96' title='bbox 726 1438 764 1498; x_wconf 88' lang='lat' dir='ltr'><em>ab</em></span> <span class='ocrx_word' id='word_1_97' title='bbox 786 1439 873 1497; x_wconf 89' lang='lat' dir='ltr'><em>initio</em></span> <span class='ocrx_word' id='word_1_98' title='bbox 896 1443 1031 1496; x_wconf 87' lang='lat' dir='ltr'><em>tractatu</em></span> <span class='ocrx_word' id='word_1_99' title='bbox 1052 1439 1112 1497; x_wconf 88' lang='lat' dir='ltr'><em>sic:</em></span> 
     </span>
    </p>

    <p class='ocr_par' dir='ltr' id='par_1_4' title="bbox 251 1535 1555 1904">
     <span class='ocr_line' id='line_1_12' title="bbox 339 1535 1555 1616; baseline -0.002 -18"><span class='ocrx_word' id='word_1_100' title='bbox 339 1539 406 1600; x_wconf 82' lang='lat' dir='ltr'><em>leue</em></span> <span class='ocrx_word' id='word_1_101' title='bbox 430 1538 555 1616; x_wconf 83' lang='lat' dir='ltr'><em>digitum</em></span> <span class='ocrx_word' id='word_1_102' title='bbox 578 1537 733 1598; x_wconf 83' lang='lat' dir='ltr'><em>inflectens</em></span> <span class='ocrx_word' id='word_1_103' title='bbox 756 1540 786 1598; x_wconf 92' lang='lat' dir='ltr'><em>iu</em></span> <span class='ocrx_word' id='word_1_104' title='bbox 809 1537 941 1598; x_wconf 91' lang='lat' dir='ltr'><em>medium</em></span> <span class='ocrx_word' id='word_1_105' title='bbox 963 1537 1078 1616; x_wconf 71' lang='lat' dir='ltr'><em>palmae</em></span> <span class='ocrx_word' id='word_1_106' title='bbox 1100 1545 1198 1598; x_wconf 82' lang='lat' dir='ltr'><em>artum</em></span> <span class='ocrx_word' id='word_1_107' title='bbox 1227 1537 1346 1615; x_wconf 85' lang='lat' dir='ltr'><em>infiges,</em></span> <span class='ocrx_word' id='word_1_108' title='bbox 1377 1555 1444 1597; x_wconf 91' lang='lat' dir='ltr'><em>cum</em></span> <span class='ocrx_word' id='word_1_109' title='bbox 1473 1535 1555 1598; x_wconf 87' lang='lat' dir='ltr'><em>dicis</em></span> 
     </span>
     <span class='ocr_line' id='line_1_13' title="bbox 252 1635 1554 1718; baseline -0.002 -18"><span class='ocrx_word' id='word_1_110' title='bbox 252 1641 325 1712; x_wconf 87' lang='lat' dir='ltr'><em>duo,</em></span> <span class='ocrx_word' id='word_1_111' title='bbox 349 1639 513 1702; x_wconf 88' lang='lat' dir='ltr'><em>secuudum</em></span> <span class='ocrx_word' id='word_1_112' title='bbox 536 1659 552 1700; x_wconf 82' lang='lat' dir='ltr'><em>a</em></span> <span class='ocrx_word' id='word_1_113' title='bbox 576 1639 698 1700; x_wconf 87' lang='lat' dir='ltr'><em>mInimo</em></span> <span class='ocrx_word' id='word_1_114' title='bbox 721 1639 829 1700; x_wconf 82' lang='lat' dir='ltr'><em>flexum</em></span> <span class='ocrx_word' id='word_1_115' title='bbox 852 1637 963 1700; x_wconf 85' lang='lat' dir='ltr'><em>ibidem</em></span> <span class='ocrx_word' id='word_1_116' title='bbox 984 1642 1112 1718; x_wconf 85' lang='lat' dir='ltr'><em>inpones</em></span> <span class='ocrx_word' id='word_1_117' title='bbox 1132 1673 1174 1684; x_wconf 94' lang='lat'>—</span> <span class='ocrx_word' id='word_1_118' title='bbox 1191 1636 1222 1710; x_wconf 82' lang='lat' dir='ltr'><em>s.</em></span> <span class='ocrx_word' id='word_1_119' title='bbox 1241 1635 1279 1697; x_wconf 77' lang='lat'><em>2¹¹</em></span> <span class='ocrx_word' id='word_1_120' title='bbox 1301 1641 1395 1700; x_wconf 81' lang='lat' dir='ltr'><em>med:</em></span> <span class='ocrx_word' id='word_1_121' title='bbox 1420 1638 1554 1699; x_wconf 85' lang='lat' dir='ltr'><em>eundem</em></span> 
     </span>
     <span class='ocr_line' id='line_1_14' title="bbox 251 1739 1555 1822; baseline -0.003 -19"><span class='ocrx_word' id='word_1_122' title='bbox 251 1760 329 1822; x_wconf 91' lang='lat' dir='ltr'><em>pene</em></span> <span class='ocrx_word' id='word_1_123' title='bbox 356 1743 474 1802; x_wconf 85' lang='lat' dir='ltr'><em>numeri</em></span> <span class='ocrx_word' id='word_1_124' title='bbox 503 1739 651 1820; x_wconf 82' lang='lat' dir='ltr'><em>figurandi</em></span> <span class='ocrx_word' id='word_1_125' title='bbox 680 1757 767 1818; x_wconf 84' lang='lat' dir='ltr'><em>quern</em></span> <span class='ocrx_word' id='word_1_126' title='bbox 796 1739 948 1802; x_wconf 89' lang='lat' dir='ltr'><em>scribendi</em></span> <span class='ocrx_word' id='word_1_127' title='bbox 977 1739 1126 1818; x_wconf 79' lang='lat' dir='ltr'><em>alphabeti</em></span> <span class='ocrx_word' id='word_1_128' title='bbox 1149 1739 1288 1800; x_wconf 86' lang='lat' dir='ltr'><em>ordinem</em></span> <span class='ocrx_word' id='word_1_129' title='bbox 1310 1748 1470 1818; x_wconf 82' lang='lat' dir='ltr'><em>sequentes</em></span> <span class='ocrx_word' id='word_1_130' title='bbox 1493 1739 1555 1800; x_wconf 88' lang='lat' dir='ltr'><em>boc</em></span> 
     </span>
     <span class='ocr_line' id='line_1_15' title="bbox 252 1845 350 1904; baseline 0 0"><span class='ocrx_word' id='word_1_131' title='bbox 252 1845 350 1904; x_wconf 87' lang='lat' dir='ltr'><em>mode.</em></span> 
     </span>
    </p>

    <p class='ocr_par' dir='ltr' id='par_1_5' title="bbox 249 1945 1558 2427">
     <span class='ocr_line' id='line_1_16' title="bbox 334 1945 1558 2022; baseline -0.002 -16"><span class='ocrx_word' id='word_1_132' title='bbox 334 1946 486 2007; x_wconf 77' lang='lat' dir='ltr'><em>Secuntur</em></span> <span class='ocrx_word' id='word_1_133' title='bbox 518 1947 642 2006; x_wconf 88' lang='lat' dir='ltr'><em>diuersa</em></span> <span class='ocrx_word' id='word_1_134' title='bbox 671 1945 853 2022; x_wconf 88' lang='lat' dir='ltr'><em>alphabeta,</em></span> <span class='ocrx_word' id='word_1_135' title='bbox 888 1961 979 2007; x_wconf 90' lang='lat' dir='ltr'><em>unum</em></span> <span class='ocrx_word' id='word_1_136' title='bbox 1012 1945 1161 2005; x_wconf 82' lang='lat' dir='ltr'><em>Graecum</em></span> <span class='ocrx_word' id='word_1_137' title='bbox 1192 1947 1411 2021; x_wconf 80' lang='lat' dir='ltr'><em>suprascriptis</em></span> <span class='ocrx_word' id='word_1_138' title='bbox 1441 1945 1558 2019; x_wconf 83' lang='lat' dir='ltr'><em>ubiqtte</em></span> 
     </span>
     <span class='ocr_line' id='line_1_17' title="bbox 249 2047 1551 2122; baseline -0.003 -14"><span class='ocrx_word' id='word_1_139' title='bbox 249 2051 382 2108; x_wconf 87' lang='lat' dir='ltr'><em>numeris</em></span> <span class='ocrx_word' id='word_1_140' title='bbox 403 2048 563 2118; x_wconf 83' lang='lat' dir='ltr'><em>Iiomunis,</em></span> <span class='ocrx_word' id='word_1_141' title='bbox 586 2050 715 2107; x_wconf 87' lang='lat' dir='ltr'><em>alterum</em></span> <span class='ocrx_word' id='word_1_142' title='bbox 737 2048 920 2106; x_wconf 83' lang='lat' dir='ltr'><em>Hebraicum</em></span> <span class='ocrx_word' id='word_1_143' title='bbox 941 2049 1159 2122; x_wconf 78' lang='lat' dir='ltr'><em>suprascriptis</em></span> <span class='ocrx_word' id='word_1_144' title='bbox 1175 2047 1347 2106; x_wconf 88' lang='lat' dir='ltr'><em>litterarum</em></span> <span class='ocrx_word' id='word_1_145' title='bbox 1370 2047 1551 2118; x_wconf 86' lang='lat' dir='ltr'><em>nominibus,</em></span> 
     </span>
     <span class='ocr_line' id='line_1_18' title="bbox 250 2148 1555 2222; baseline -0.001 -14"><span class='ocrx_word' id='word_1_146' title='bbox 250 2151 314 2210; x_wconf 88' lang='lat' dir='ltr'><em>alia</em></span> <span class='ocrx_word' id='word_1_147' title='bbox 343 2151 454 2209; x_wconf 89' lang='lat' dir='ltr'><em>deinde</em></span> <span class='ocrx_word' id='word_1_148' title='bbox 482 2150 544 2208; x_wconf 91' lang='lat' dir='ltr'><em>tria</em></span> <span class='ocrx_word' id='word_1_149' title='bbox 572 2150 622 2207; x_wconf 91' lang='lat' dir='ltr'><em>uel</em></span> <span class='ocrx_word' id='word_1_150' title='bbox 648 2156 791 2222; x_wconf 81' lang='lat' dir='ltr'><em>quattuor·</em></span> <span class='ocrx_word' id='word_1_151' title='bbox 819 2148 947 2208; x_wconf 86' lang='lat' dir='ltr'><em>Gothico</em></span> <span class='ocrx_word' id='word_1_152' title='bbox 975 2149 1019 2208; x_wconf 88' lang='lat' dir='ltr'><em>ad</em></span> <span class='ocrx_word' id='word_1_153' title='bbox 1044 2155 1194 2208; x_wconf 85' lang='lat' dir='ltr'><em>secretam</em></span> <span class='ocrx_word' id='word_1_154' title='bbox 1221 2149 1377 2208; x_wconf 88' lang='lat' dir='ltr'><em>scribendi</em></span> <span class='ocrx_word' id='word_1_155' title='bbox 1402 2151 1555 2208; x_wconf 84' lang='lat' dir='ltr'><em>rotronem.</em></span> 
     </span>
     <span class='ocr_line' id='line_1_19' title="bbox 251 2247 1555 2326; baseline 0.001 -17"><span class='ocrx_word' id='word_1_156' title='bbox 251 2252 499 2326; x_wconf 88' lang='lat' dir='ltr'><em>adcommodata,</em></span> <span class='ocrx_word' id='word_1_157' title='bbox 527 2267 605 2324; x_wconf 83' lang='lat' dir='ltr'><em>quas</em></span> <span class='ocrx_word' id='word_1_158' title='bbox 625 2267 721 2310; x_wconf 74' lang='lat' dir='ltr'><em>maras</em></span> <span class='ocrx_word' id='word_1_159' title='bbox 742 2257 871 2323; x_wconf 89' lang='lat' dir='ltr'><em>uocant,</em></span> <span class='ocrx_word' id='word_1_160' title='bbox 903 2247 1010 2323; x_wconf 73' lang='lat' dir='ltr'><em>uiribus</em></span> <span class='ocrx_word' id='word_1_161' title='bbox 1031 2249 1192 2310; x_wconf 84' lang='lat' dir='ltr'><em>subiuncta</em></span> <span class='ocrx_word' id='word_1_162' title='bbox 1213 2257 1282 2310; x_wconf 81' lang='lat' dir='ltr'><em>sum</em></span> <span class='ocrx_word' id='word_1_163' title='bbox 1303 2251 1472 2312; x_wconf 86' lang='lat' dir='ltr'><em>litterarum</em></span> <span class='ocrx_word' id='word_1_164' title='bbox 1497 2267 1555 2310; x_wconf 90' lang='lat' dir='ltr'><em>no·</em></span> 
     </span>
     <span class='ocr_line' id='line_1_20' title="bbox 251 2353 753 2427; baseline 0 -15"><span class='ocrx_word' id='word_1_165' title='bbox 251 2354 334 2412; x_wconf 90' lang='lat' dir='ltr'><em>mina</em></span> <span class='ocrx_word' id='word_1_166' title='bbox 355 2354 477 2427; x_wconf 81' lang='lat' dir='ltr'><em>mystice</em></span> <span class='ocrx_word' id='word_1_167' title='bbox 497 2354 637 2412; x_wconf 83' lang='lat' dir='ltr'><em>sonantia</em></span> <span class='ocrx_word' id='word_1_168' title='bbox 660 2353 753 2412; x_wconf 91' lang='lat' dir='ltr'><em>haee:</em></span> 
     </span>
    </p>

    <p class='ocr_par' dir='ltr' id='par_1_6' title="bbox 185 2451 1555 2633">
     <span class='ocr_line' id='line_1_21' title="bbox 335 2451 1555 2531; baseline 0.002 -17"><span class='ocrx_word' id='word_1_169' title='bbox 335 2452 401 2514; x_wconf 84' lang='lat' dir='ltr'><em>ech.</em></span> <span class='ocrx_word' id='word_1_170' title='bbox 425 2452 506 2512; x_wconf 87' lang='lat' dir='ltr'><em>bere.</em></span> <span class='ocrx_word' id='word_1_171' title='bbox 530 2451 616 2514; x_wconf 87' lang='lat' dir='ltr'><em>eben.</em></span> <span class='ocrx_word' id='word_1_172' title='bbox 640 2453 699 2514; x_wconf 89' lang='lat' dir='ltr'><em>dei.</em></span> <span class='ocrx_word' id='word_1_173' title='bbox 723 2453 808 2530; x_wconf 85' lang='lat' dir='ltr'><em>egeh.</em></span> <span class='ocrx_word' id='word_1_174' title='bbox 831 2453 909 2530; x_wconf 85' lang='lat' dir='ltr'><em>Iege.</em></span> <span class='ocrx_word' id='word_1_175' title='bbox 939 2452 1026 2531; x_wconf 87' lang='lat' dir='ltr'><em>gebo.</em></span> <span class='ocrx_word' id='word_1_176' title='bbox 1056 2451 1150 2513; x_wconf 85' lang='lat' dir='ltr'><em>Imorl.</em></span> <span class='ocrx_word' id='word_1_177' title='bbox 1174 2453 1230 2514; x_wconf 91' lang='lat' dir='ltr'><em>isb.</em></span> <span class='ocrx_word' id='word_1_178' title='bbox 1254 2453 1353 2514; x_wconf 83' lang='lat' dir='ltr'><em>Italnd.</em></span> <span class='ocrx_word' id='word_1_179' title='bbox 1376 2451 1447 2514; x_wconf 89' lang='lat' dir='ltr'><em>loto.</em></span> <span class='ocrx_word' id='word_1_180' title='bbox 1470 2471 1555 2516; x_wconf 78' lang='lat' dir='ltr'><em>niun.</em></span> 
     </span>
     <span class='ocr_line' id='line_1_22' title="bbox 185 2553 1152 2633; baseline -0.002 -18"><span class='ocrx_word' id='word_1_181' title='bbox 185 2585 189 2594; x_wconf 94' lang='lat'><em>·</em></span> <span class='ocrx_word' id='word_1_182' title='bbox 251 2563 310 2616; x_wconf 72' lang='lat' dir='ltr'><em>net</em></span> <span class='ocrx_word' id='word_1_183' title='bbox 332 2572 375 2615; x_wconf 91' lang='lat' dir='ltr'><em>os.</em></span> <span class='ocrx_word' id='word_1_184' title='bbox 399 2573 465 2633; x_wconf 88' lang='lat' dir='ltr'><em>per.</em></span> <span class='ocrx_word' id='word_1_185' title='bbox 489 2553 596 2632; x_wconf 87' lang='lat' dir='ltr'><em>quella.</em></span> <span class='ocrx_word' id='word_1_186' title='bbox 619 2562 675 2615; x_wconf 88' lang='lat' dir='ltr'><em>ret.</em></span> <span class='ocrx_word' id='word_1_187' title='bbox 699 2554 768 2616; x_wconf 84' lang='lat' dir='ltr'><em>siul.</em></span> <span class='ocrx_word' id='word_1_188' title='bbox 793 2556 823 2616; x_wconf 88' lang='lat' dir='ltr'><em>ti.</em></span> <span class='ocrx_word' id='word_1_189' title='bbox 848 2573 895 2615; x_wconf 88' lang='lat' dir='ltr'><em>ur.</em></span> <span class='ocrx_word' id='word_1_190' title='bbox 919 2553 988 2616; x_wconf 90' lang='lat' dir='ltr'><em>ueb.</em></span> <span class='ocrx_word' id='word_1_191' title='bbox 1011 2553 1066 2615; x_wconf 89' lang='lat' dir='ltr'><em>uir.</em></span> <span class='ocrx_word' id='word_1_192' title='bbox 1091 2572 1152 2616; x_wconf 85' lang='lat' dir='ltr'><em>eur.</em></span> 
     </span>
    </p>

    <p class='ocr_par' dir='ltr' id='par_1_7' title="bbox 246 2655 1558 3024">
     <span class='ocr_line' id='line_1_23' title="bbox 334 2655 1558 2734; baseline 0.002 -18"><span class='ocrx_word' id='word_1_193' title='bbox 334 2659 488 2718; x_wconf 89' lang='lat' dir='ltr'><em>Postremo</em></span> <span class='ocrx_word' id='word_1_194' title='bbox 507 2657 537 2731; x_wconf 85' lang='lat' dir='ltr'><em>s.</em></span> <span class='ocrx_word' id='word_1_195' title='bbox 565 2655 603 2715; x_wconf 67' lang='lat' dir='ltr'><em>eb</em></span> <span class='ocrx_word' id='word_1_196' title='bbox 631 2659 699 2718; x_wconf 92' lang='lat' dir='ltr'><em>loco</em></span> <span class='ocrx_word' id='word_1_197' title='bbox 726 2659 812 2718; x_wconf 89' lang='lat' dir='ltr'><em>aliud</em></span> <span class='ocrx_word' id='word_1_198' title='bbox 840 2657 1031 2734; x_wconf 77' lang='lat' dir='ltr'><em>alphabetum</em></span> <span class='ocrx_word' id='word_1_199' title='bbox 1058 2660 1204 2733; x_wconf 89' lang='lat' dir='ltr'><em>scriptum</em></span> <span class='ocrx_word' id='word_1_200' title='bbox 1231 2665 1287 2728; x_wconf 92' lang='lat' dir='ltr'><em>est,</em></span> <span class='ocrx_word' id='word_1_201' title='bbox 1316 2660 1400 2733; x_wconf 82' lang='lat' dir='ltr'><em>quod</em></span> <span class='ocrx_word' id='word_1_202' title='bbox 1425 2659 1558 2719; x_wconf 80' lang='lat' dir='ltr'><em>Aethion</em></span> 
     </span>
     <span class='ocr_line' id='line_1_24' title="bbox 246 2759 1556 2836; baseline 0.001 -18"><span class='ocrx_word' id='word_1_203' title='bbox 246 2759 426 2835; x_wconf 89' lang='lat' dir='ltr'><em>philosopho</em></span> <span class='ocrx_word' id='word_1_204' title='bbox 453 2760 674 2836; x_wconf 75' lang='lat' dir='ltr'><em>cosmographo</em></span> <span class='ocrx_word' id='word_1_205' title='bbox 702 2761 807 2820; x_wconf 88' lang='lat' dir='ltr'><em>tribuit</em></span> <span class='ocrx_word' id='word_1_206' title='bbox 835 2760 1000 2820; x_wconf 86' lang='lat' dir='ltr'><em>Hrahanus</em></span> <span class='ocrx_word' id='word_1_207' title='bbox 1028 2760 1172 2828; x_wconf 85' lang='lat' dir='ltr'><em>Maurus,</em></span> <span class='ocrx_word' id='word_1_208' title='bbox 1203 2762 1247 2818; x_wconf 91' lang='lat' dir='ltr'><em>ita</em></span> <span class='ocrx_word' id='word_1_209' title='bbox 1276 2768 1309 2818; x_wconf 93' lang='lat' dir='ltr'><em>ut</em></span> <span class='ocrx_word' id='word_1_210' title='bbox 1337 2767 1407 2836; x_wconf 91' lang='lat' dir='ltr'><em>post</em></span> <span class='ocrx_word' id='word_1_211' title='bbox 1431 2763 1556 2832; x_wconf 74' lang='lat' dir='ltr'><em>sianum</em></span> 
     </span>
     <span class='ocr_line' id='line_1_25' title="bbox 249 2862 1556 2946; baseline 0 -24"><span class='ocrx_word' id='word_1_212' title='bbox 249 2862 402 2946; x_wconf 75' lang='lat' dir='ltr'><em>quodlibet</em></span> <span class='ocrx_word' id='word_1_213' title='bbox 423 2863 545 2921; x_wconf 89' lang='lat' dir='ltr'><em>litterae</em></span> <span class='ocrx_word' id='word_1_214' title='bbox 570 2864 714 2938; x_wconf 83' lang='lat' dir='ltr'><em>cuiusque</em></span> <span class='ocrx_word' id='word_1_215' title='bbox 742 2877 848 2922; x_wconf 91' lang='lat' dir='ltr'><em>nomen</em></span> <span class='ocrx_word' id='word_1_216' title='bbox 870 2864 1015 2938; x_wconf 79' lang='lat' dir='ltr'><em>scriptum</em></span> <span class='ocrx_word' id='word_1_217' title='bbox 1043 2864 1097 2940; x_wconf 87' lang='lat' dir='ltr'><em>sit,</em></span> <span class='ocrx_word' id='word_1_218' title='bbox 1126 2879 1205 2936; x_wconf 83' lang='lat' dir='ltr'><em>quac</em></span> <span class='ocrx_word' id='word_1_219' title='bbox 1231 2863 1349 2936; x_wconf 84' lang='lat' dir='ltr'><em>qttt&#39;tlem</em></span> <span class='ocrx_word' id='word_1_220' title='bbox 1377 2864 1556 2922; x_wconf 85' lang='lat' dir='ltr'><em>litterarum</em></span> 
     </span>
     <span class='ocr_line' id='line_1_26' title="bbox 249 2964 636 3024; baseline -0.003 -1"><span class='ocrx_word' id='word_1_221' title='bbox 249 2965 372 3024; x_wconf 88' lang='lat' dir='ltr'><em>nomina</em></span> <span class='ocrx_word' id='word_1_222' title='bbox 392 2966 436 3024; x_wconf 89' lang='lat' dir='ltr'><em>ita</em></span> <span class='ocrx_word' id='word_1_223' title='bbox 456 2979 488 3022; x_wconf 91' lang='lat' dir='ltr'><em>se</em></span> <span class='ocrx_word' id='word_1_224' title='bbox 509 2964 636 3024; x_wconf 83' lang='lat' dir='ltr'><em>habeat:</em></span> 
     </span>
    </p>

    <p class='ocr_par' dir='ltr' id='par_1_8' title="bbox 249 3063 1556 3349">
     <span class='ocr_line' id='line_1_27' title="bbox 335 3063 1549 3158; baseline 0.001 -32"><span class='ocrx_word' id='word_1_225' title='bbox 335 3064 453 3126; x_wconf 83' lang='lat' dir='ltr'><em>elemoi.</em></span> <span class='ocrx_word' id='word_1_226' title='bbox 478 3064 578 3125; x_wconf 80' lang='lat' dir='ltr'><em>besse.</em></span> <span class='ocrx_word' id='word_1_227' title='bbox 604 3067 683 3127; x_wconf 82' lang='lat' dir='ltr'><em>oniti.</em></span> <span class='ocrx_word' id='word_1_228' title='bbox 707 3063 808 3125; x_wconf 74' lang='lat' dir='ltr'><em>deltos.</em></span> <span class='ocrx_word' id='word_1_229' title='bbox 831 3065 914 3125; x_wconf 79' lang='lat' dir='ltr'><em>siuti,</em></span> <span class='ocrx_word' id='word_1_230' title='bbox 939 3065 1012 3158; x_wconf 73' lang='lat' dir='ltr'><em>leiti.</em></span> <span class='ocrx_word' id='word_1_231' title='bbox 1034 3065 1148 3144; x_wconf 84' lang='lat' dir='ltr'><em>gerpuI.</em></span> <span class='ocrx_word' id='word_1_232' title='bbox 1166 3064 1294 3126; x_wconf 83' lang='lat' dir='ltr'><em>Itiscoui.</em></span> <span class='ocrx_word' id='word_1_233' title='bbox 1312 3063 1427 3125; x_wconf 86' lang='lat' dir='ltr'><em>iutolnt.</em></span> <span class='ocrx_word' id='word_1_234' title='bbox 1445 3063 1477 3124; x_wconf 87' lang='lat' dir='ltr'><em>k.</em></span> <span class='ocrx_word' id='word_1_235' title='bbox 1492 3111 1549 3127; x_wconf 90' lang='lat'><em>...</em></span> 
     </span>
     <span class='ocr_line' id='line_1_28' title="bbox 249 3164 1556 3244; baseline 0.002 -19"><span class='ocrx_word' id='word_1_236' title='bbox 249 3165 364 3228; x_wconf 80' lang='lat' dir='ltr'><em>Isthmi.</em></span> <span class='ocrx_word' id='word_1_237' title='bbox 387 3164 518 3226; x_wconf 84' lang='lat' dir='ltr'><em>muleth.</em></span> <span class='ocrx_word' id='word_1_238' title='bbox 542 3165 693 3227; x_wconf 85' lang='lat' dir='ltr'><em>nubeletb.</em></span> <span class='ocrx_word' id='word_1_239' title='bbox 717 3165 802 3226; x_wconf 85' lang='lat' dir='ltr'><em>oitbi.</em></span> <span class='ocrx_word' id='word_1_240' title='bbox 825 3165 959 3244; x_wconf 86' lang='lat' dir='ltr'><em>pithrin.</em></span> <span class='ocrx_word' id='word_1_241' title='bbox 983 3165 1149 3243; x_wconf 86' lang='lat' dir='ltr'><em>quorizetb.</em></span> <span class='ocrx_word' id='word_1_242' title='bbox 1166 3165 1304 3227; x_wconf 78' lang='lat' dir='ltr'><em>subuniti.</em></span> <span class='ocrx_word' id='word_1_243' title='bbox 1322 3185 1352 3226; x_wconf 79' lang='lat' dir='ltr'><em>e.</em></span> <span class='ocrx_word' id='word_1_244' title='bbox 1366 3213 1373 3227; x_wconf 93' lang='lat'><strong>.</strong></span> <span class='ocrx_word' id='word_1_245' title='bbox 1387 3213 1394 3226; x_wconf 92' lang='lat'><strong>.</strong></span> <span class='ocrx_word' id='word_1_246' title='bbox 1409 3213 1437 3227; x_wconf 93' lang='lat'><em>..</em></span> <span class='ocrx_word' id='word_1_247' title='bbox 1458 3167 1556 3228; x_wconf 86' lang='lat' dir='ltr'><em>totui-</em></span> 
     </span>
     <span class='ocr_line' id='line_1_29' title="bbox 251 3266 915 3349; baseline 0.002 -22"><span class='ocrx_word' id='word_1_248' title='bbox 251 3285 324 3328; x_wconf 89' lang='lat' dir='ltr'><em>mos.</em></span> <span class='ocrx_word' id='word_1_249' title='bbox 347 3269 453 3330; x_wconf 82' lang='lat' dir='ltr'><em>ueniet.</em></span> <span class='ocrx_word' id='word_1_250' title='bbox 478 3267 580 3328; x_wconf 86' lang='lat' dir='ltr'><em>etbmi.</em></span> <span class='ocrx_word' id='word_1_251' title='bbox 604 3268 694 3347; x_wconf 77' lang='lat' dir='ltr'><em>potiti.</em></span> <span class='ocrx_word' id='word_1_252' title='bbox 716 3266 915 3349; x_wconf 78' lang='lat' dir='ltr'><em>zetbiebIn.*)</em></span> 
     </span>
    </p>

    <p class='ocr_par' dir='ltr' id='par_1_9' title="bbox 247 3367 1555 3550">
     <span class='ocr_line' id='line_1_30' title="bbox 334 3367 1555 3447; baseline 0.001 -17"><span class='ocrx_word' id='word_1_253' title='bbox 334 3371 431 3446; x_wconf 77' lang='lat' dir='ltr'><em>Atque</em></span> <span class='ocrx_word' id='word_1_254' title='bbox 456 3370 544 3432; x_wconf 89' lang='lat' dir='ltr'><em>huius</em></span> <span class='ocrx_word' id='word_1_255' title='bbox 572 3371 731 3447; x_wconf 83' lang='lat' dir='ltr'><em>alphabeti</em></span> <span class='ocrx_word' id='word_1_256' title='bbox 755 3373 852 3446; x_wconf 80' lang='lat' dir='ltr'><em>sipuis</em></span> <span class='ocrx_word' id='word_1_257' title='bbox 878 3388 949 3432; x_wconf 90' lang='lat' dir='ltr'><em>usus</em></span> <span class='ocrx_word' id='word_1_258' title='bbox 975 3379 1020 3431; x_wconf 89' lang='lat' dir='ltr'><em>est</em></span> <span class='ocrx_word' id='word_1_259' title='bbox 1042 3373 1175 3447; x_wconf 79' lang='lat' dir='ltr'><em>scriptor</em></span> <span class='ocrx_word' id='word_1_260' title='bbox 1192 3371 1222 3444; x_wconf 87' lang='lat' dir='ltr'><em>s.</em></span> <span class='ocrx_word' id='word_1_261' title='bbox 1248 3367 1301 3429; x_wconf 71' lang='lat'><em>31⁵</em></span> <span class='ocrx_word' id='word_1_262' title='bbox 1328 3373 1372 3432; x_wconf 91' lang='lat' dir='ltr'><em>od</em></span> <span class='ocrx_word' id='word_1_263' title='bbox 1392 3372 1470 3430; x_wconf 90' lang='lat' dir='ltr'><em>artis</em></span> <span class='ocrx_word' id='word_1_264' title='bbox 1492 3373 1555 3431; x_wconf 90' lang='lat' dir='ltr'><em>ali-</em></span> 
     </span>
     <span class='ocr_line' id='line_1_31' title="bbox 247 3471 784 3550; baseline 0.002 -18"><span class='ocrx_word' id='word_1_265' title='bbox 247 3474 335 3532; x_wconf 88' lang='lat' dir='ltr'><em>cuius</em></span> <span class='ocrx_word' id='word_1_266' title='bbox 355 3474 473 3534; x_wconf 88' lang='lat' dir='ltr'><em>titulum</em></span> <span class='ocrx_word' id='word_1_267' title='bbox 494 3473 721 3545; x_wconf 76' lang='lat' dir='ltr'><em>conficiendum.</em></span> <span class='ocrx_word' id='word_1_268' title='bbox 736 3471 784 3550; x_wconf 75' lang='grc'><em>**)</em></span> 
     </span>
    </p>
   </div>
   <div class='ocr_carea' id='block_1_3' title="bbox 246 3722 1627 4882">
    <p class='ocr_par' dir='ltr' id='par_1_10' title="bbox 248 3722 1555 3928">
     <span class='ocr_line' id='line_1_32' title="bbox 316 3722 1554 3790; baseline 0.004 -17"><span class='ocrx_word' id='word_1_269' title='bbox 316 3722 347 3790; x_wconf 76' lang='lat'><em>¹⁸²)</em></span> <span class='ocrx_word' id='word_1_270' title='bbox 366 3723 465 3774; x_wconf 81' lang='lat' dir='ltr'><em>Similia</em></span> <span class='ocrx_word' id='word_1_271' title='bbox 483 3735 509 3774; x_wconf 88' lang='lat' dir='ltr'><em>et</em></span> <span class='ocrx_word' id='word_1_272' title='bbox 525 3725 601 3790; x_wconf 86' lang='lat' dir='ltr'><em>signe</em></span> <span class='ocrx_word' id='word_1_273' title='bbox 619 3735 643 3776; x_wconf 87' lang='lat' dir='ltr'><em>et</em></span> <span class='ocrx_word' id='word_1_274' title='bbox 661 3727 766 3776; x_wconf 86' lang='lat' dir='ltr'><em>numine</em></span> <span class='ocrx_word' id='word_1_275' title='bbox 783 3725 863 3779; x_wconf 84' lang='lat' dir='ltr'><em>hebes</em></span> <span class='ocrx_word' id='word_1_276' title='bbox 882 3728 907 3776; x_wconf 91' lang='lat' dir='ltr'><em>iu</em></span> <span class='ocrx_word' id='word_1_277' title='bbox 926 3725 1037 3776; x_wconf 87' lang='lat' dir='ltr'><em>IIrsbaui</em></span> <span class='ocrx_word' id='word_1_278' title='bbox 1060 3726 1141 3776; x_wconf 85' lang='lat' dir='ltr'><em>Mauri</em></span> <span class='ocrx_word' id='word_1_279' title='bbox 1164 3727 1270 3776; x_wconf 81' lang='lat' dir='ltr'><em>Abbatis</em></span> <span class='ocrx_word' id='word_1_280' title='bbox 1294 3727 1428 3778; x_wconf 85' lang='lat' dir='ltr'><em>Fuldensis</em></span> <span class='ocrx_word' id='word_1_281' title='bbox 1451 3727 1554 3790; x_wconf 85' lang='lat' dir='ltr'><em>libello,</em></span> 
     </span>
     <span class='ocr_line' id='line_1_33' title="bbox 248 3793 1555 3860; baseline 0.005 -18"><span class='ocrx_word' id='word_1_282' title='bbox 248 3793 293 3856; x_wconf 90' lang='lat' dir='ltr'><em>qui</em></span> <span class='ocrx_word' id='word_1_283' title='bbox 311 3805 350 3842; x_wconf 86' lang='lat' dir='ltr'><em>est</em></span> <span class='ocrx_word' id='word_1_284' title='bbox 367 3793 410 3842; x_wconf 82' lang='lat' dir='ltr'><em>‘tle</em></span> <span class='ocrx_word' id='word_1_285' title='bbox 427 3793 575 3843; x_wconf 88' lang='lat' dir='ltr'><em>inuentioue</em></span> <span class='ocrx_word' id='word_1_286' title='bbox 593 3793 736 3860; x_wconf 86' lang='lat' dir='ltr'><em>linguarum</em></span> <span class='ocrx_word' id='word_1_287' title='bbox 755 3805 781 3844; x_wconf 86' lang='lat' dir='ltr'><em>et</em></span> <span class='ocrx_word' id='word_1_288' title='bbox 797 3795 865 3844; x_wconf 87' lang='lat' dir='ltr'><em>notis</em></span> <span class='ocrx_word' id='word_1_289' title='bbox 884 3796 1018 3860; x_wconf 80' lang='lat' dir='ltr'><em>eutIquIs’,</em></span> <span class='ocrx_word' id='word_1_290' title='bbox 1037 3793 1070 3848; x_wconf 84' lang='lat' dir='ltr'><em>oi.</em></span> <span class='ocrx_word' id='word_1_291' title='bbox 1089 3795 1202 3844; x_wconf 85' lang='lat' dir='ltr'><em>Goldnsti</em></span> <span class='ocrx_word' id='word_1_292' title='bbox 1222 3795 1444 3846; x_wconf 83' lang='lat' dir='ltr'><em>Aletununicerum</em></span> <span class='ocrx_word' id='word_1_293' title='bbox 1462 3813 1555 3848; x_wconf 83' lang='lat' dir='ltr'><em>return</em></span> 
     </span>
     <span class='ocr_line' id='line_1_34' title="bbox 249 3860 610 3928; baseline 0.006 -18"><span class='ocrx_word' id='word_1_294' title='bbox 249 3873 311 3910; x_wconf 82' lang='lat' dir='ltr'><em>torn.</em></span> <span class='ocrx_word' id='word_1_295' title='bbox 331 3860 352 3908; x_wconf 99' lang='lat' dir='ltr'><em>II</em></span> <span class='ocrx_word' id='word_1_296' title='bbox 370 3875 397 3926; x_wconf 90' lang='lat' dir='ltr'><em>p.</em></span> <span class='ocrx_word' id='word_1_297' title='bbox 415 3862 448 3911; x_wconf 76' lang='grc'><em>92</em></span> <span class='ocrx_word' id='word_1_298' title='bbox 466 3861 502 3924; x_wconf 85' lang='lat' dir='ltr'><em>(e.</em></span> <span class='ocrx_word' id='word_1_299' title='bbox 523 3860 610 3928; x_wconf 78' lang='lat'>1606).</span> 
     </span>
    </p>

    <p class='ocr_par' dir='ltr' id='par_1_11' title="bbox 246 3924 1627 4745">
     <span class='ocr_line' id='line_1_35' title="bbox 299 3924 1555 3993; baseline 0.006 -17"><span class='ocrx_word' id='word_1_300' title='bbox 299 3924 346 3990; x_wconf 60' lang='lat' dir='ltr'><em>Vi)</em></span> <span class='ocrx_word' id='word_1_301' title='bbox 364 3925 437 3978; x_wconf 86' lang='lat' dir='ltr'><em>Notis</em></span> <span class='ocrx_word' id='word_1_302' title='bbox 456 3931 561 3980; x_wconf 86' lang='lat' dir='ltr'><em>seeretis</em></span> <span class='ocrx_word' id='word_1_303' title='bbox 580 3931 630 3979; x_wconf 87' lang='lat' dir='ltr'><em>iem</em></span> <span class='ocrx_word' id='word_1_304' title='bbox 648 3932 769 3993; x_wconf 82' lang='lat' dir='ltr'><em>antiquos</em></span> <span class='ocrx_word' id='word_1_305' title='bbox 793 3929 923 3981; x_wconf 82' lang='lat' dir='ltr'><em>Rontauos</em></span> <span class='ocrx_word' id='word_1_306' title='bbox 947 3945 1009 3980; x_wconf 88' lang='lat' dir='ltr'><em>usos</em></span> <span class='ocrx_word' id='word_1_307' title='bbox 1032 3945 1090 3981; x_wconf 87' lang='lat' dir='ltr'><em>esse</em></span> <span class='ocrx_word' id='word_1_308' title='bbox 1112 3943 1144 3980; x_wconf 83' lang='lat' dir='ltr'><em>ex</em></span> <span class='ocrx_word' id='word_1_309' title='bbox 1166 3929 1336 3980; x_wconf 84' lang='lat' dir='ltr'><em>celeberrimis</em></span> <span class='ocrx_word' id='word_1_310' title='bbox 1358 3931 1408 3982; x_wconf 77' lang='lat' dir='ltr'><em>ints</em></span> <span class='ocrx_word' id='word_1_311' title='bbox 1431 3929 1555 3984; x_wconf 88' lang='lat' dir='ltr'><em>Suetonii</em></span> 
     </span>
     <span class='ocr_line' id='line_1_36' title="bbox 247 3995 1556 4064; baseline 0.005 -20"><span class='ocrx_word' id='word_1_312' title='bbox 247 3995 311 4047; x_wconf 87' lang='lat' dir='ltr'><em>Iocis</em></span> <span class='ocrx_word' id='word_1_313' title='bbox 329 3997 507 4062; x_wconf 78' lang='lat' dir='ltr'><em>cognoscitur,</em></span> <span class='ocrx_word' id='word_1_314' title='bbox 532 3998 624 4060; x_wconf 89' lang='lat' dir='ltr'><em>quibus</em></span> <span class='ocrx_word' id='word_1_315' title='bbox 643 3998 675 4048; x_wconf 88' lang='lat' dir='ltr'><em>de</em></span> <span class='ocrx_word' id='word_1_316' title='bbox 693 3999 810 4048; x_wconf 74' lang='lat' dir='ltr'><em>Caesaris</em></span> <span class='ocrx_word' id='word_1_317' title='bbox 834 3996 906 4064; x_wconf 85' lang='lat' dir='ltr'><em>(esp.</em></span> <span class='ocrx_word' id='word_1_318' title='bbox 925 3997 997 4064; x_wconf 85' lang='lat' dir='ltr'>LVI)</span> <span class='ocrx_word' id='word_1_319' title='bbox 1020 4011 1045 4048; x_wconf 91' lang='lat' dir='ltr'><em>et</em></span> <span class='ocrx_word' id='word_1_320' title='bbox 1065 3999 1179 4064; x_wconf 78' lang='lat' dir='ltr'><em>Augusti</em></span> <span class='ocrx_word' id='word_1_321' title='bbox 1196 3998 1265 4064; x_wconf 82' lang='lat' dir='ltr'><em>(cap.</em></span> <span class='ocrx_word' id='word_1_322' title='bbox 1282 3997 1454 4060; x_wconf 84' lang='lat' dir='ltr'>LXXXVIII)</span> <span class='ocrx_word' id='word_1_323' title='bbox 1476 4015 1556 4051; x_wconf 78' lang='lat' dir='ltr'><em>nuere</em></span> 
     </span>
     <span class='ocr_line' id='line_1_37' title="bbox 247 4063 1555 4131; baseline 0.004 -18"><span class='ocrx_word' id='word_1_324' title='bbox 247 4064 314 4130; x_wconf 87' lang='lat' dir='ltr'><em>egit,</em></span> <span class='ocrx_word' id='word_1_325' title='bbox 332 4063 366 4120; x_wconf 84' lang='lat' dir='ltr'><em>cr.</em></span> <span class='ocrx_word' id='word_1_326' title='bbox 384 4063 447 4116; x_wconf 89' lang='lat' dir='ltr'><em>Gell.</em></span> <span class='ocrx_word' id='word_1_327' title='bbox 466 4064 539 4115; x_wconf 87' lang='lat' dir='ltr'>XVII</span> <span class='ocrx_word' id='word_1_328' title='bbox 557 4068 582 4117; x_wconf 86' lang='grc'><em>9.</em></span> <span class='ocrx_word' id='word_1_329' title='bbox 617 4065 681 4116; x_wconf 85' lang='lat' dir='ltr'><em>Hine</em></span> <span class='ocrx_word' id='word_1_330' title='bbox 698 4082 730 4116; x_wconf 88' lang='lat' dir='ltr'><em>ex</em></span> <span class='ocrx_word' id='word_1_331' title='bbox 750 4067 854 4126; x_wconf 87' lang='lat' dir='ltr'><em>licetur,</em></span> <span class='ocrx_word' id='word_1_332' title='bbox 872 4067 942 4130; x_wconf 88' lang='lat' dir='ltr'><em>quod</em></span> <span class='ocrx_word' id='word_1_333' title='bbox 960 4067 985 4116; x_wconf 91' lang='lat' dir='ltr'><em>iu</em></span> <span class='ocrx_word' id='word_1_334' title='bbox 1004 4067 1061 4117; x_wconf 86' lang='lat' dir='ltr'><em>eod.</em></span> <span class='ocrx_word' id='word_1_335' title='bbox 1081 4066 1235 4117; x_wconf 85' lang='lat' dir='ltr'><em>Eiusidleusi</em></span> <span class='ocrx_word' id='word_1_336' title='bbox 1253 4068 1317 4131; x_wconf 80' lang='lat'><strong>326,</strong></span> <span class='ocrx_word' id='word_1_337' title='bbox 1341 4070 1385 4130; x_wconf 88' lang='lat' dir='ltr'><em>qui</em></span> <span class='ocrx_word' id='word_1_338' title='bbox 1409 4078 1481 4117; x_wconf 87' lang='lat' dir='ltr'><em>notas</em></span> <span class='ocrx_word' id='word_1_339' title='bbox 1500 4068 1555 4118; x_wconf 86' lang='lat' dir='ltr'><em>Pu-</em></span> 
     </span>
     <span class='ocr_line' id='line_1_38' title="bbox 247 4083 1553 4202; baseline 0.005 -21"><span class='ocrx_word' id='word_1_340' title='bbox 247 4133 339 4198; x_wconf 79' lang='lat' dir='ltr'><em>piauus</em></span> <span class='ocrx_word' id='word_1_341' title='bbox 357 4134 477 4197; x_wconf 79' lang='lat' dir='ltr'><em>continet,</em></span> <span class='ocrx_word' id='word_1_342' title='bbox 496 4131 663 4184; x_wconf 87' lang='lat' dir='ltr'>INCIPIVNT</span> <span class='ocrx_word' id='word_1_343' title='bbox 682 4083 793 4184; x_wconf 53' lang='lat' dir='ltr'>NOfAE</span> <span class='ocrx_word' id='word_1_344' title='bbox 812 4133 893 4185; x_wconf 80' lang='lat' dir='ltr'>IVLII</span> <span class='ocrx_word' id='word_1_345' title='bbox 911 4133 1073 4184; x_wconf 73' lang='lat' dir='ltr'>CAESARIS</span> <span class='ocrx_word' id='word_1_346' title='bbox 1092 4136 1296 4202; x_wconf 82' lang='lat' dir='ltr'><em>suprascriptum</em></span> <span class='ocrx_word' id='word_1_347' title='bbox 1315 4147 1362 4185; x_wconf 87' lang='lat' dir='ltr'><em>est.</em></span> <span class='ocrx_word' id='word_1_348' title='bbox 1387 4133 1553 4200; x_wconf 84' lang='lat' dir='ltr'><em>Qttamqunm</em></span> 
     </span>
     <span class='ocr_line' id='line_1_39' title="bbox 249 4201 1615 4268; baseline 0.004 -18"><span class='ocrx_word' id='word_1_349' title='bbox 249 4203 297 4250; x_wconf 85' lang='lat' dir='ltr'><em>boe</em></span> <span class='ocrx_word' id='word_1_350' title='bbox 314 4202 399 4267; x_wconf 87' lang='lat' dir='ltr'><em>ipsum</em></span> <span class='ocrx_word' id='word_1_351' title='bbox 418 4203 591 4253; x_wconf 85' lang='lat' dir='ltr'><em>Mommseuus</em></span> <span class='ocrx_word' id='word_1_352' title='bbox 610 4202 690 4254; x_wconf 71' lang='lat' dir='ltr'><em>alite»</em></span> <span class='ocrx_word' id='word_1_353' title='bbox 699 4204 880 4268; x_wconf 81' lang='lat' dir='ltr'><em>interpretatu</em></span> <span class='ocrx_word' id='word_1_354' title='bbox 899 4215 952 4263; x_wconf 86' lang='lat' dir='ltr'><em>est,</em></span> <span class='ocrx_word' id='word_1_355' title='bbox 976 4203 1019 4267; x_wconf 91' lang='lat' dir='ltr'><em>qui</em></span> <span class='ocrx_word' id='word_1_356' title='bbox 1044 4203 1123 4252; x_wconf 92' lang='lat' dir='ltr'>IVLII</span> <span class='ocrx_word' id='word_1_357' title='bbox 1145 4201 1310 4253; x_wconf 76' lang='lat' dir='ltr'>CAESARIS</span> <span class='ocrx_word' id='word_1_358' title='bbox 1335 4219 1367 4254; x_wconf 85' lang='lat' dir='ltr'><em>ex</em></span> <span class='ocrx_word' id='word_1_359' title='bbox 1389 4205 1458 4254; x_wconf 87' lang='lat' dir='ltr'><em>uotis</em></span> <span class='ocrx_word' id='word_1_360' title='bbox 1475 4205 1496 4255; x_wconf 90' lang='lat'><em>1.</em></span> <span class='ocrx_word' id='word_1_361' title='bbox 1517 4203 1552 4256; x_wconf 88' lang='lat' dir='ltr'><em>C.</em></span> <span class='ocrx_word' id='word_1_362' title='bbox 1613 4253 1615 4256; x_wconf 88' lang='lat'>.</span> 
     </span>
     <span class='ocr_line' id='line_1_40' title="bbox 248 4268 1552 4337; baseline 0.004 -20"><span class='ocrx_word' id='word_1_363' title='bbox 248 4268 322 4330; x_wconf 77' lang='lat' dir='ltr'><em>(iuris</em></span> <span class='ocrx_word' id='word_1_364' title='bbox 340 4269 435 4332; x_wconf 83' lang='lat' dir='ltr'><em>ciuilis)</em></span> <span class='ocrx_word' id='word_1_365' title='bbox 453 4271 520 4321; x_wconf 87' lang='lat' dir='ltr'><em>male</em></span> <span class='ocrx_word' id='word_1_366' title='bbox 536 4270 670 4321; x_wconf 82' lang='lat' dir='ltr'><em>intellectis</em></span> <span class='ocrx_word' id='word_1_367' title='bbox 688 4270 773 4322; x_wconf 86' lang='lat' dir='ltr'><em>fictum</em></span> <span class='ocrx_word' id='word_1_368' title='bbox 793 4288 851 4323; x_wconf 88' lang='lat' dir='ltr'><em>esse</em></span> <span class='ocrx_word' id='word_1_369' title='bbox 867 4270 971 4334; x_wconf 85' lang='lat' dir='ltr'><em>diceret,</em></span> <span class='ocrx_word' id='word_1_370' title='bbox 989 4271 1101 4322; x_wconf 83' lang='lat' dir='ltr'><em>Gramm.</em></span> <span class='ocrx_word' id='word_1_371' title='bbox 1119 4270 1173 4322; x_wconf 82' lang='lat' dir='ltr'><em>Lat.</em></span> <span class='ocrx_word' id='word_1_372' title='bbox 1193 4271 1227 4320; x_wconf 98' lang='lat' dir='ltr'><em>IV</em></span> <span class='ocrx_word' id='word_1_373' title='bbox 1246 4286 1271 4337; x_wconf 86' lang='lat' dir='ltr'><em>p.</em></span> <span class='ocrx_word' id='word_1_374' title='bbox 1290 4274 1349 4324; x_wconf 80' lang='lat'><strong>316.</strong></span> <span class='ocrx_word' id='word_1_375' title='bbox 1386 4271 1459 4322; x_wconf 82' lang='lat' dir='ltr'><em>Certe</em></span> <span class='ocrx_word' id='word_1_376' title='bbox 1474 4272 1552 4322; x_wconf 83' lang='lat' dir='ltr'><em>Hra-</em></span> 
     </span>
     <span class='ocr_line' id='line_1_41' title="bbox 248 4337 1627 4406; baseline 0.005 -21"><span class='ocrx_word' id='word_1_377' title='bbox 248 4337 329 4386; x_wconf 85' lang='lat' dir='ltr'><em>banus</em></span> <span class='ocrx_word' id='word_1_378' title='bbox 348 4337 452 4388; x_wconf 83' lang='lat' dir='ltr'><em>bieures</em></span> <span class='ocrx_word' id='word_1_379' title='bbox 470 4340 502 4389; x_wconf 89' lang='lat' dir='ltr'><em>de</em></span> <span class='ocrx_word' id='word_1_380' title='bbox 520 4340 578 4405; x_wconf 89' lang='lat' dir='ltr'><em>ipso</em></span> <span class='ocrx_word' id='word_1_381' title='bbox 596 4339 660 4388; x_wconf 90' lang='lat' dir='ltr'><em>Iulio</em></span> <span class='ocrx_word' id='word_1_382' title='bbox 679 4341 787 4390; x_wconf 79' lang='lat' dir='ltr'><em>Caesare</em></span> <span class='ocrx_word' id='word_1_383' title='bbox 805 4340 937 4406; x_wconf 83' lang='lat' dir='ltr'><em>cogitauit,</em></span> <span class='ocrx_word' id='word_1_384' title='bbox 956 4354 1013 4390; x_wconf 86' lang='lat' dir='ltr'><em>aum</em></span> <span class='ocrx_word' id='word_1_385' title='bbox 1031 4339 1047 4390; x_wconf 93' lang='grc' dir='ltr'><em>Ι.</em></span> <span class='ocrx_word' id='word_1_386' title='bbox 1066 4339 1083 4390; x_wconf 92' lang='grc' dir='ltr'><em>Ι.</em></span> <span class='ocrx_word' id='word_1_387' title='bbox 1101 4355 1128 4405; x_wconf 93' lang='lat' dir='ltr'><em>p.</em></span> <span class='ocrx_word' id='word_1_388' title='bbox 1146 4341 1179 4390; x_wconf 76' lang='lat'><em>92</em></span> <span class='ocrx_word' id='word_1_389' title='bbox 1198 4341 1340 4405; x_wconf 85' lang='lat' dir='ltr'><em>prepositIs</em></span> <span class='ocrx_word' id='word_1_390' title='bbox 1362 4339 1460 4402; x_wconf 87' lang='lat' dir='ltr'><em>eliquat</em></span> <span class='ocrx_word' id='word_1_391' title='bbox 1478 4343 1553 4392; x_wconf 83' lang='lat' dir='ltr'><em>uotis</em></span> <span class='ocrx_word' id='word_1_392' title='bbox 1624 4371 1627 4374; x_wconf 97' lang='lat'>-</span> 
     </span>
     <span class='ocr_line' id='line_1_42' title="bbox 247 4403 1552 4474; baseline 0.005 -20"><span class='ocrx_word' id='word_1_393' title='bbox 247 4403 310 4454; x_wconf 80' lang='lat' dir='ltr'><em>haee</em></span> <span class='ocrx_word' id='word_1_394' title='bbox 327 4405 510 4472; x_wconf 79' lang='lat' dir='ltr'><em>subiungebat:</em></span> <span class='ocrx_word' id='word_1_395' title='bbox 535 4407 699 4458; x_wconf 86' lang='lat' dir='ltr'><em>‘Istiusmodi</em></span> <span class='ocrx_word' id='word_1_396' title='bbox 717 4423 798 4474; x_wconf 83' lang='lat' dir='ltr'><em>genus</em></span> <span class='ocrx_word' id='word_1_397' title='bbox 817 4409 997 4473; x_wconf 86' lang='lat' dir='ltr'><em>descriptIouis</em></span> <span class='ocrx_word' id='word_1_398' title='bbox 1015 4406 1118 4458; x_wconf 70' lang='lat' dir='ltr'><em>«Notae</em></span> <span class='ocrx_word' id='word_1_399' title='bbox 1137 4407 1277 4461; x_wconf 65' lang='lat' dir='ltr'><em>Caesaris)</em></span> <span class='ocrx_word' id='word_1_400' title='bbox 1295 4409 1450 4474; x_wconf 74' lang='lat' dir='ltr'><em>appellatur,</em></span> <span class='ocrx_word' id='word_1_401' title='bbox 1476 4412 1552 4470; x_wconf 87' lang='lat' dir='ltr'><em>qued</em></span> 
     </span>
     <span class='ocr_line' id='line_1_43' title="bbox 246 4473 1552 4543; baseline 0.005 -21"><span class='ocrx_word' id='word_1_402' title='bbox 246 4487 304 4522; x_wconf 86' lang='lat' dir='ltr'><em>eum</em></span> <span class='ocrx_word' id='word_1_403' title='bbox 328 4473 431 4535; x_wconf 87' lang='lat' dir='ltr'><em>litterIs,</em></span> <span class='ocrx_word' id='word_1_404' title='bbox 455 4489 521 4538; x_wconf 83' lang='lat' dir='ltr'><em>quae</em></span> <span class='ocrx_word' id='word_1_405' title='bbox 542 4476 649 4537; x_wconf 83' lang='lat' dir='ltr'><em>entique</em></span> <span class='ocrx_word' id='word_1_406' title='bbox 669 4491 761 4526; x_wconf 84' lang='lat' dir='ltr'><em>manus</em></span> <span class='ocrx_word' id='word_1_407' title='bbox 784 4476 939 4542; x_wconf 84' lang='lat' dir='ltr'><em>appellatur,</em></span> <span class='ocrx_word' id='word_1_408' title='bbox 963 4475 1107 4543; x_wconf 84' lang='lat' dir='ltr'><em>perficitur’</em></span> <span class='ocrx_word' id='word_1_409' title='bbox 1130 4485 1177 4526; x_wconf 86' lang='lat' dir='ltr'><em>ete.</em></span> <span class='ocrx_word' id='word_1_410' title='bbox 1214 4475 1301 4539; x_wconf 87' lang='lat' dir='ltr'><em>Neque</em></span> <span class='ocrx_word' id='word_1_411' title='bbox 1324 4489 1407 4527; x_wconf 87' lang='lat' dir='ltr'><em>tumen</em></span> <span class='ocrx_word' id='word_1_412' title='bbox 1426 4485 1552 4528; x_wconf 82' lang='lat' dir='ltr'><em>notarum</em></span> 
     </span>
     <span class='ocr_line' id='line_1_44' title="bbox 247 4541 1550 4611; baseline 0.006 -21"><span class='ocrx_word' id='word_1_413' title='bbox 247 4541 390 4606; x_wconf 84' lang='lat' dir='ltr'><em>specimine</em></span> <span class='ocrx_word' id='word_1_414' title='bbox 412 4557 478 4605; x_wconf 83' lang='lat' dir='ltr'><em>quse</em></span> <span class='ocrx_word' id='word_1_415' title='bbox 499 4543 533 4594; x_wconf 85' lang='lat' dir='ltr'><em>ed</em></span> <span class='ocrx_word' id='word_1_416' title='bbox 559 4557 635 4592; x_wconf 87' lang='lat' dir='ltr'><em>unum</em></span> <span class='ocrx_word' id='word_1_417' title='bbox 659 4558 746 4594; x_wconf 80' lang='lat' dir='ltr'><em>emises</em></span> <span class='ocrx_word' id='word_1_418' title='bbox 764 4545 830 4594; x_wconf 89' lang='lat' dir='ltr'><em>inter</em></span> <span class='ocrx_word' id='word_1_419' title='bbox 846 4545 988 4610; x_wconf 81' lang='lat' dir='ltr'><em>Papiuuas,</em></span> <span class='ocrx_word' id='word_1_420' title='bbox 1007 4561 1073 4608; x_wconf 86' lang='lat' dir='ltr'><em>ques</em></span> <span class='ocrx_word' id='word_1_421' title='bbox 1092 4555 1197 4608; x_wconf 77' lang='lat' dir='ltr'><em>uocant,</em></span> <span class='ocrx_word' id='word_1_422' title='bbox 1221 4544 1340 4611; x_wconf 88' lang='lat' dir='ltr'><em>leguntur</em></span> <span class='ocrx_word' id='word_1_423' title='bbox 1358 4561 1390 4595; x_wconf 87' lang='lat' dir='ltr'><em>ex</em></span> <span class='ocrx_word' id='word_1_424' title='bbox 1408 4546 1466 4610; x_wconf 87' lang='lat' dir='ltr'><em>ipso</em></span> <span class='ocrx_word' id='word_1_425' title='bbox 1485 4545 1550 4598; x_wconf 84' lang='lat' dir='ltr'><em>cod.</em></span> 
     </span>
     <span class='ocr_line' id='line_1_45' title="bbox 248 4608 1551 4680; baseline 0.005 -22"><span class='ocrx_word' id='word_1_426' title='bbox 248 4608 404 4660; x_wconf 83' lang='lat' dir='ltr'><em>EiusItIIeusi</em></span> <span class='ocrx_word' id='word_1_427' title='bbox 430 4612 534 4676; x_wconf 80' lang='lat' dir='ltr'><em>petiuit,</em></span> <span class='ocrx_word' id='word_1_428' title='bbox 562 4612 609 4661; x_wconf 78' lang='lat' dir='ltr'><em>sesi</em></span> <span class='ocrx_word' id='word_1_429' title='bbox 635 4626 668 4660; x_wconf 89' lang='lat' dir='ltr'><em>ex</em></span> <span class='ocrx_word' id='word_1_430' title='bbox 694 4611 760 4662; x_wconf 87' lang='lat' dir='ltr'><em>libro</em></span> <span class='ocrx_word' id='word_1_431' title='bbox 789 4611 828 4662; x_wconf 90' lang='lat' dir='ltr'><em>uel</em></span> <span class='ocrx_word' id='word_1_432' title='bbox 851 4611 967 4663; x_wconf 86' lang='lat' dir='ltr'><em>Parisino</em></span> <span class='ocrx_word' id='word_1_433' title='bbox 992 4613 1036 4674; x_wconf 82' lang='lat' dir='ltr'><em>(ul.</em></span> <span class='ocrx_word' id='word_1_434' title='bbox 1055 4613 1207 4668; x_wconf 85' lang='lat' dir='ltr'><em>Mommsen.</em></span> <span class='ocrx_word' id='word_1_435' title='bbox 1226 4613 1242 4664; x_wconf 93' lang='lat' dir='ltr'><em>I.</em></span> <span class='ocrx_word' id='word_1_436' title='bbox 1263 4614 1278 4662; x_wconf 92' lang='lat' dir='ltr'><em>I.</em></span> <span class='ocrx_word' id='word_1_437' title='bbox 1298 4629 1324 4680; x_wconf 90' lang='lat' dir='ltr'><em>p.</em></span> <span class='ocrx_word' id='word_1_438' title='bbox 1343 4613 1406 4676; x_wconf 75' lang='lat' dir='ltr'><em>ete)</em></span> <span class='ocrx_word' id='word_1_439' title='bbox 1428 4612 1468 4662; x_wconf 82' lang='lat' dir='ltr'><em>trel</em></span> <span class='ocrx_word' id='word_1_440' title='bbox 1489 4615 1551 4664; x_wconf 84' lang='lat' dir='ltr'><em>eius</em></span> 
     </span>
     <span class='ocr_line' id='line_1_46' title="bbox 247 4677 1261 4745; baseline 0.006 -19"><span class='ocrx_word' id='word_1_441' title='bbox 247 4677 392 4738; x_wconf 83' lang='lat' dir='ltr'><em>situiIIImo,</em></span> <span class='ocrx_word' id='word_1_442' title='bbox 411 4679 482 4743; x_wconf 87' lang='lat' dir='ltr'><em>quod</em></span> <span class='ocrx_word' id='word_1_443' title='bbox 499 4679 606 4730; x_wconf 79' lang='lat' dir='ltr'><em>conlatis</em></span> <span class='ocrx_word' id='word_1_444' title='bbox 625 4679 691 4730; x_wconf 87' lang='lat' dir='ltr'><em>iuter</em></span> <span class='ocrx_word' id='word_1_445' title='bbox 708 4695 737 4728; x_wconf 87' lang='lat' dir='ltr'><em>se</em></span> <span class='ocrx_word' id='word_1_446' title='bbox 754 4681 822 4730; x_wconf 84' lang='lat' dir='ltr'><em>uotis</em></span> <span class='ocrx_word' id='word_1_447' title='bbox 841 4680 950 4745; x_wconf 82' lang='lat' dir='ltr'><em>singulis</em></span> <span class='ocrx_word' id='word_1_448' title='bbox 968 4681 1109 4731; x_wconf 73' lang='lat' dir='ltr'><em>certissime</em></span> <span class='ocrx_word' id='word_1_449' title='bbox 1127 4682 1261 4732; x_wconf 88' lang='lat' dir='ltr'><em>euiueitur.</em></span> 
     </span>
    </p>

    <p class='ocr_par' dir='ltr' id='par_1_12' title="bbox 248 4745 1551 4882">
     <span class='ocr_line' id='line_1_47' title="bbox 314 4745 1550 4815; baseline 0.005 -21"><span class='ocrx_word' id='word_1_450' title='bbox 314 4745 363 4796; x_wconf 89' lang='lat' dir='ltr'><em>Per</em></span> <span class='ocrx_word' id='word_1_451' title='bbox 388 4746 466 4796; x_wconf 85' lang='lat' dir='ltr'><em>medii</em></span> <span class='ocrx_word' id='word_1_452' title='bbox 493 4763 554 4798; x_wconf 77' lang='lat' dir='ltr'><em>itero</em></span> <span class='ocrx_word' id='word_1_453' title='bbox 581 4749 638 4796; x_wconf 84' lang='lat' dir='ltr'><em>aeui</em></span> <span class='ocrx_word' id='word_1_454' title='bbox 664 4757 780 4814; x_wconf 81' lang='lat' dir='ltr'><em>tempora</em></span> <span class='ocrx_word' id='word_1_455' title='bbox 807 4761 899 4797; x_wconf 79' lang='lat' dir='ltr'><em>nortem</em></span> <span class='ocrx_word' id='word_1_456' title='bbox 928 4749 1057 4810; x_wconf 79' lang='lat' dir='ltr'><em>arraudum</em></span> <span class='ocrx_word' id='word_1_457' title='bbox 1083 4751 1222 4801; x_wconf 83' lang='lat' dir='ltr'><em>seutentIss</em></span> <span class='ocrx_word' id='word_1_458' title='bbox 1244 4765 1306 4800; x_wconf 88' lang='lat' dir='ltr'><em>suus</em></span> <span class='ocrx_word' id='word_1_459' title='bbox 1326 4749 1458 4815; x_wconf 88' lang='lat' dir='ltr'><em>aperiendi</em></span> <span class='ocrx_word' id='word_1_460' title='bbox 1477 4749 1550 4800; x_wconf 80' lang='lat' dir='ltr'><em>itiam</em></span> 
     </span>
     <span class='ocr_line' id='line_1_48' title="bbox 248 4815 1551 4882; baseline 0.002 -18"><span class='ocrx_word' id='word_1_461' title='bbox 248 4815 359 4880; x_wconf 84' lang='lat' dir='ltr'><em>Ingressi</em></span> <span class='ocrx_word' id='word_1_462' title='bbox 381 4815 563 4866; x_wconf 84' lang='lat' dir='ltr'><em>coenobiorum</em></span> <span class='ocrx_word' id='word_1_463' title='bbox 585 4815 683 4865; x_wconf 83' lang='lat' dir='ltr'><em>iueolue</em></span> <span class='ocrx_word' id='word_1_464' title='bbox 704 4815 842 4866; x_wconf 85' lang='lat' dir='ltr'><em>litterarum</em></span> <span class='ocrx_word' id='word_1_465' title='bbox 867 4816 1002 4882; x_wconf 84' lang='lat' dir='ltr'><em>nlpbttbete</em></span> <span class='ocrx_word' id='word_1_466' title='bbox 1024 4817 1060 4866; x_wconf 87' lang='lat' dir='ltr'><em>itn</em></span> <span class='ocrx_word' id='word_1_467' title='bbox 1083 4817 1229 4880; x_wconf 86' lang='lat' dir='ltr'><em>utebantur,</em></span> <span class='ocrx_word' id='word_1_468' title='bbox 1253 4828 1280 4868; x_wconf 91' lang='lat' dir='ltr'><em>ut</em></span> <span class='ocrx_word' id='word_1_469' title='bbox 1303 4818 1499 4868; x_wconf 80' lang='lat' dir='ltr'><em>consonantium</em></span> <span class='ocrx_word' id='word_1_470' title='bbox 1519 4819 1551 4867; x_wconf 88' lang='lat' dir='ltr'><em>ui</em></span> 
     </span>
    </p>
   </div>
   <div class='ocr_carea' id='block_1_4' title="bbox 0 0 1658 5542">
    <p class='ocr_par' dir='ltr' id='par_1_13' title="bbox 0 0 1658 5542">
     <span class='ocr_line' id='line_1_49' title="bbox 0 0 1658 5542; baseline 0 0"><span class='ocrx_word' id='word_1_471' title='bbox 0 0 1658 5542; x_wconf 95' lang='lat' dir='ltr'><em> </em></span> 
     </span>
    </p>
   </div>
  </div>
 </body>
</html>
