3352 5556
483 358 559 412 CVM
576 360 781 415 Excnnprts
799 363 969 416 INEDITIS.
1281 383 1370 432 CCXV

98 547 157 607 lunt
175 565 234 607 eam
258 546 349 608 ueluti
374 550 523 610 uiuentem
547 549 708 612 hominem.
756 549 826 612 Post
851 553 1011 614 discessum
1035 553 1114 615 louis
1140 555 1215 615 lacta
1233 563 1275 616 ost
1291 556 1367 618 idola

95 635 184 693 similis
209 632 301 698 iliius.
330 636 373 693 sic
403 653 468 696 earn
496 635 644 696 uocabant
671 636 817 716 ‘luppiter
844 640 974 717 optimus
1001 640 1169 700 maximus'.
1214 640 1271 701 Sed
1300 645 1368 722 quia

96 737 145 778 non
166 727 224 778 erat
241 719 282 778 ibi
310 718 428 788 similiS,
461 720 512 799 qui
540 718 582 781 illi
610 721 814 800 praeferretur
841 733 891 784 aut
918 725 965 784 cui
993 723 1041 784 ille
1069 725 1284 805 praeferretur.
1314 728 1369 788 iste

93 803 343 880 superlatiuusoel
368 807 573 883 proposition
603 806 806 885 accipiendum
837 817 889 868 ost.
934 807 1006 869 ltem
1036 812 1245 890 conparatiuus
1273 815 1369 873 nomi·

71 891 179 948 anatiuo
200 890 345 963 iungitur,
382 899 413 950 ut
442 890 554 950 doctior
579 891 631 951 lrir.
659 910 745 972 quiam
773 891 833 952 ille.
878 892 1052 964 Quomodo?
1104 895 1176 958 Puta
1206 897 1230 956 si
1258 897 1367 960 diuam:

92 973 203 1034 ‘doctior
226 974 347 1044 Vincila,
370 993 459 1054 quarn
474 977 652 1038 druentius’.

577 1109 651 1223 ‘uu
674 1107 835 1224 CENEllE.

164 1347 319 1411 Eunuchus
342 1351 410 1428 quid
434 1312 650 1426 intellegiturl·
679 1351 728 1410 Vir
750 1312 945 1412 effeminatus.
989 1350 1145 1413 Comoedia
1175 1351 1263 1430 quidi
1307 1355 1369 1415 tlu-

87 1433 167 1495 lieres
192 1437 374 1496 meretrices.
420 1435 584 1512 Tragoedia
613 1435 703 1512 quid?
747 1434 872 1496 Carmen
901 1435 1070 1498 luctuosum
1098 1436 1145 1497 uel
1174 1436 1367 1516 strangulatio

59 1541 76 1573 a·
88 1521 202 1598 gutturis
223 1521 271 1582 uel
295 1538 385 1582 sonus
407 1522 570 1582 suffocatio.

159 1705 173 1788 ll
189 1710 207 1769 l.
224 1705 286 1770 86¹¹
301 1704 315 1792 ΙΙ
330 1706 394 1769 lilia
416 1727 491 1770 sono
514 1706 689 1777 masculina,
719 1705 871 1768 intellectu
895 1717 1015 1779 norrtra,
1044 1717 1077 1769 ut
1098 1707 1221 1789 pelagus
1249 1709 1365 1790 uulgus.

84 1792 188 1862 Quare?
231 1793 311 1854 Seno
335 1792 495 1855 masculina
517 1799 594 1862 sunt,
618 1792 669 1852 sed
693 1790 843 1853 intellectu
872 1801 986 1854 neutra.
1032 1793 1071 1854 Da
1101 1796 1164 1855 eius
1187 1795 1365 1876 exemplum.

85 1877 208 1938 ‘Altum
232 1877 387 1968 pelagus
411 1878 533 1948 lerit';

171 1963 305 2042 Vulgus
329 1973 363 2024 et
384 1965 617 2024 innumerum
642 1961 815 2023 releuans
837 1963 878 2023 ad
901 1963 1025 2024 sidera
1048 1963 1276 2029 duxit.......

56 2065 215 2126 Balneum
241 2068 270 2126 in
294 2065 495 2144 singularitate
523 2065 607 2125 cuius
634 2067 752 2141 generis
779 2067 840 2125 esti
883 2065 996 2125 Neutri.
1042 2066 1082 2127 Da
1106 2068 1167 2126 eius
1189 2066 1365 2146 exemplum.

83 2151 133 2210 ‘Si
153 2149 340 2220 balneum,
364 2150 425 2210 ubi
448 2148 682 2211 calefactiol'
727 2149 763 2210 Et
785 2151 814 2208 in
830 2148 1016 2228 pluralitate?
1053 2153 1208 2215 Feminini.
1246 2152 1366 2213 Dasius

82 2233 249 2312 exemplum.
300 2235 364 2296 ‘Ne
392 2237 495 2316 ipsae
524 2235 679 2295 liulnoae
708 2243 901 2305 corruant,
936 2235 996 2296 ubi
1024 2236 1229 2298 Corinthus
1263 2237 1366 2299 lauat

82 2323 245 2381 ueritatis
279 2323 489 2381 inimicus’.
539 2321 682 2382 Tartarus
715 2321 798 2381 cuius
828 2321 946 2397 generis
980 2324 1043 2381 est?
1097 2321 1130 2381 ln
1162 2321 1364 2402 singularitate

82 2404 232 2466 masculini.
276 2405 311 2466 u.
336 2425 362 2466 e.
387 2425 412 2466 e.
1062 2399 1067 2410 ’

530 2489 711 2552 Tartarus
734 2488 901 2550 horrens.

81 2574 110 2634 Et
130 2577 159 2634 in
181 2573 346 2655 pluralitate
368 2577 472 2637 euius?
509 2574 621 2635 Neutri.
669 2574 699 2637 D.
724 2593 750 2635 e.
775 2593 800 2635 c.

246 2659 399 2720 Tartara
423 2679 532 2721 saeua
556 2659 687 2740 petisti
709 2657 799 2720 dura
822 2657 986 2720 claustra
1011 2661 1177 2722 diruens.

80 2743 188 2804 Caelum
212 2748 243 2806 in
265 2744 468 2824 singularitate
491 2747 575 2806 cuius
597 2745 715 2822 generis
737 2745 797 2804 est?
842 2745 955 2806 Neutri.
1002 2745 1033 2810 ll.
1057 2766 1083 2807 e.
1108 2765 1135 2806 e.

236 2829 386 2891 Caelum
410 2849 514 2890 mane
537 2828 674 2890 rubens
697 2831 848 2889 tuturos
871 2831 1021 2890 nuntiat
1042 2829 1196 2892 imbres.

53 2913 109 2972 sit
122 2915 148 2975 in
166 2913 331 2995 pluralitate
348 2916 448 2976 cuius?
481 2913 642 2976 Masculini.
678 2913 794 2976 lice.
831 2913 943 2974 ‘Caeli
967 2913 1155 2976 caelorum
1179 2925 1360 2997 etoquae

79 3019 163 3074 quae
193 3017 308 3077 super
336 2999 462 3060 caelos
490 3009 592 3069 sunt,
620 2999 775 3060 laudent
802 3017 935 3060 nomen
966 2998 1126 3061 domini'
1180 3000 1306 3062 Porrum
1330 3005 1360 3062 in

79 3083 271 3162 singularitate
294 3085 378 3146 cuins
399 3085 519 3164 generis
542 3086 603 3144 esti
647 3085 760 3145 Neulri.
806 3083 838 3144 D.
862 3103 887 3144 e.
913 3102 937 3144 e.

235 3171 353 3248 Caepe
376 3169 501 3230 allium
525 3187 673 3247 porrum
696 3167 718 3250 †
741 3170 843 3230 iruea
867 3167 999 3229 lullica
1025 3168 1151 3229 inlitus.

15 3257 16 3264 ’
79 3253 107 3314 Et
127 3256 156 3314 io
180 3253 347 3333 pluralitate
369 3257 470 3316 cuius?
514 3253 681 3322 Masculini,
706 3253 734 3312 hi
758 3256 849 3330 porri.
895 3253 989 3314 Locos
1018 3255 1100 3313 cuius
1122 3255 1240 3332 generis
1262 3264 1308 3317 est
1329 3259 1359 3317 in

15 3359 16 3376 ¹
58 3339 291 3418 -=‹ingularitatei
340 3339 500 3400 lilasculini.
549 3340 583 3401 D.
613 3358 638 3400 e.
669 3357 694 3398 e.
740 3339 824 3398 ‘llic
860 3337 967 3398 loeus
1002 3357 1133 3419 nempe
1167 3341 1361 3402 uocitatur

77 3424 176 3486 sula!
223 3425 307 3486 Elin
330 3423 498 3504 pluralitate
520 3425 623 3486 cuius?
666 3423 777 3485 Neutri.
823 3423 855 3484 D.
880 3443 905 3483 e.
930 3444 956 3484 e.

195 3509 286 3570 Sunt
308 3508 402 3579 loca,
426 3517 513 3570 sunt
535 3509 628 3578 lora,
652 3517 817 3570 sunt....
846 3525 939 3589 quos
962 3511 1103 3570 tuearis
1125 3512 1252 3570 eunice.

76 3595 142 3655 Sunt
169 3597 239 3656 item
269 3595 388 3655 nomina
415 3596 522 3656 incerti
554 3596 672 3670 generis
704 3596 783 3654 inter
816 3593 1010 3653 masculinum
1042 3601 1072 3653 et
1102 3595 1293 3664 femininum,
1328 3605 1361 3656 ut

77 3691 167 3741 mrtcx
203 3677 278 3739 silex
312 3679 393 3740 radix
422 3677 462 3760 llll
485 3679 505 3738 l.
529 3676 590 3740 872
613 3677 625 3760 ll
635 3681 680 3739 nis
708 3681 798 3756 stirps
832 3679 916 3757 pinus
950 3681 1104 3756 pampinus
1138 3678 1208 3743 dics,
1260 3679 1359 3750 Quare

52 3765 176 3826 adicitur
199 3765 304 3825 incerti
328 3765 464 3842 generisi
507 3763 654 3834 Quantum
679 3765 706 3823 in
730 3763 940 3841 singularitate,
965 3771 1107 3842 qrrantnm
1129 3766 1158 3823 in
1182 3763 1357 3842 pluralitate.

15 3857 16 3862 ’
77 3861 98 3908 et
116 3848 273 3912 masculini
297 3861 327 3910 et
349 3849 482 3911 feminini
505 3851 622 3928 generis
637 3849 798 3909 inuenitur.
843 3849 949 3909 Cortex
966 3849 1131 3925 quomodo?
1176 3849 1234 3911 Hic
1256 3858 1358 3911 cortex

15 4027 17 4082 l

15 4139 16 4168 r

77 3935 130 3995 lacit
159 3937 190 3995 in
220 3933 438 4011 singularitate,
469 3936 527 3994 lenc
554 3936 679 3995 cortices
707 3936 736 3994 in
763 3933 941 4011 pluralitate.
992 3933 1168 4004 eronodot
1220 3934 1358 3995 ‘Validi

76 4020 190 4082 ilices'
214 4027 247 4080 et
268 4021 431 4081 ‘amarae
455 4022 640 4080 cortices!
686 4017 766 4079 Siler
790 4018 956 4098 quomodo?

546 4105 625 4166 Stat
647 4111 753 4164 acuta
777 4102 879 4169 silex.

55 4189 154 4250 itatis
181 4191 212 4250 in
236 4187 439 4268 singularitate
461 4190 546 4249 ouius
575 4190 692 4266 generis
721 4190 782 4249 esti
825 4189 982 4250 Feminini.
1029 4189 1069 4250 lla
1093 4191 1156 4250 eius
1179 4189 1357 4268 exemplum.

15 4259 17 4298 l
77 4275 201 4334 'Radix
233 4273 349 4341 lesse,
387 4277 446 4354 qui
476 4283 548 4335 stat
575 4277 610 4335 in
648 4277 796 4350 signum
819 4273 1054 4354 populorum,
1083 4275 1200 4354 ipsum
1228 4281 1359 4350 gentes

15 4403 16 4418 .
76 4359 399 4440 deprecabuntur!
444 4359 524 4420 Finis
547 4359 714 4437 quoruodol
758 4359 863 4420 Omnia
891 4361 1012 4432 nomina
1038 4358 1204 4420 inanimalia
1227 4359 1358 4421 Romana

129 4582 275 4647 stupetur
343 4579 528 4646 3prelerretur
595 4582 690 4644 iprae
708 4578 822 4644 positiuo
891 4581 1039 4630 8eunucus
1091 4580 1221 4630 comediae
1273 4582 1359 4630 titre-

77 4651 158 4707 goelia
212 4648 367 4713 stranguilio
429 4652 460 4699 10
479 4664 529 4698 ttox
548 4663 640 4698 seorim
660 4647 796 4697 ollucntum
859 4649 890 4697 14
908 4659 932 4696 et
949 4648 974 4696 in
995 4662 1099 4696 numero
1119 4665 1146 4698 so
1165 4647 1261 4713 libans,
1280 4649 1313 4712 cs.
1331 4666 1358 4714 p.

78 4717 181 4768 r'uxrl
199 4721 232 4768 18
285 4719 316 4770 1‘t
335 4715 459 4767 chirintus
537 4717 570 4766 22
588 4731 651 4766 seue
736 4717 769 4767 28
787 4729 847 4781 cepe
866 4715 942 4764 nlirrm
1011 4717 1045 4766 29
1062 4715 1098 4764 hii
1167 4718 1199 4767 32
1219 4717 1360 4767 Poatsnnt

77 4801 133 4836 amna
151 4785 303 4836 amedeum
319 4786 448 4836 excidisse
466 4786 575 4836 uidetur.
649 4785 682 4834 34
699 4785 788 4849 stirpis
874 4785 907 4834 36
926 4783 965 4832 tric
984 4785 1075 4834 addidi
1153 4786 1185 4836 3?
1204 4783 1252 4834 hae
1269 4786 1361 4836 addim

15 4899 16 4938 p
101 4854 274 4905 i'alisidiliees
292 4865 317 4902 et
335 4869 419 4904 amare
