3346 5558
302 395 391 443 CCXL
757 381 805 430 DE
824 379 1010 432 subnatant
1028 381 1132 432 ARTE.

297 570 348 649 qui
371 568 512 649 quinque,
536 574 566 627 et
588 584 691 628 omnes
715 567 776 628 lere
799 568 983 646 grammatici
1005 573 1118 647 partem
1142 585 1207 628 esse
1231 569 1361 629 nominis
1388 570 1500 649 pariter
1521 587 1600 630 oon-

299 664 458 715 senserunt
480 655 509 713 in
534 661 656 721 tantum,
681 662 713 713 ut
736 671 790 714 nec
813 672 914 722 suum,
937 652 988 713 sed
1013 654 1140 713 nominis
1162 660 1246 731 gerat
1269 654 1413 722 ollioinm,
1443 672 1498 714 nec
1522 673 1538 714 a
1565 673 1599 713 se

297 737 404 800 babeat
427 739 591 818 proprium,
616 736 667 798 sed
691 755 706 797 a
730 739 850 798 nomine
873 756 958 798 suum
982 737 1137 798 contrabat
1160 755 1278 798 nornen.
1318 739 1395 816 Ergo
1411 748 1492 800 reete
1508 741 1599 814 cuius

297 842 366 904 pars
388 842 452 885 esse
475 823 627 902 probatur.
651 821 730 883 illius
753 840 874 884 necesse
897 833 951 892 est,
975 833 1007 881 ut
1029 821 1137 884 babeat
1159 842 1269 884 casum.
1308 823 1343 884 Et
1365 824 1432 884 idco
1454 824 1512 884 dici
1528 823 1597 885 sola

296 909 390 989 possit
411 912 564 970 nominum
589 927 657 988 pars
680 911 837 969 ‘orationis
859 926 927 969 cum
950 913 1043 978 casu',
1067 908 1145 987 quod
1168 927 1227 969 uon
1251 907 1336 970 alteri
1361 912 1445 988 parti.
1469 909 1520 970 sed
1546 911 1626 970 istis

297 993 352 1054 soli
374 993 549 1055 naturaiiter
572 1002 683 1055 tautum
707 993 823 1063 accidit,
849 1001 881 1054 ut
902 991 1010 1054 babeat
1031 1011 1140 1054 casum.

316 1181 391 1242 Cur
419 1181 560 1243 dicitur
583 1197 716 1241 nomen
744 1198 882 1260 eorpus
905 1187 968 1242 aut
988 1199 1063 1242 rem
1092 1182 1250 1260 proprie
1273 1181 1575 1242 communiterue

786 1282 1012 1360 significans
1034 1281 1104 1342 Vll.

381 1402 414 1462 ln
438 1402 492 1464 bac
516 1401 601 1462 breui
624 1401 792 1463 definitione
815 1403 904 1462 totius
926 1401 1028 1462 mundi
1054 1402 1171 1462 nomina
1199 1402 1364 1482 corporalia
1394 1413 1424 1462 et
1451 1405 1596 1483 incorpo-

297 1487 384 1557 ralia,
414 1488 532 1568 propria
561 1495 589 1547 et
611 1485 786 1567 appellatiua
810 1487 990 1548 coniunctim
1018 1488 1204 1567 strictimque
1226 1487 1457 1566 conprehendit:
1488 1489 1518 1548 in
1543 1508 1593 1558 eo,
1611 1507 1634 1544 ιο

298 1572 376 1654 quod
399 1573 472 1634 dixit
494 1575 637 1651 ‘corpus'‚
661 1571 824 1652 corporalia
849 1573 965 1634 nomina
989 1570 1127 1649 intellege
1148 1573 1235 1642 dicta,
1259 1581 1290 1632 ut
1313 1583 1358 1634 est
1373 1572 1485 1635 caelum
1509 1583 1595 1634 terra

299 1660 377 1737 ignis
399 1677 473 1739 aqua
497 1666 526 1718 et
548 1667 645 1719 cetera
669 1675 827 1736 corporoa;
855 1659 887 1718 in
916 1675 965 1726 eo,
996 1657 1073 1734 quod
1099 1656 1251 1718 subiunxit
1273 1661 1370 1727 ‘rem'‚
1393 1658 1593 1738 incorporalia

299 1746 418 1804 nomina
445 1742 585 1822 intellego
613 1743 706 1811 diota,
738 1751 769 1802 ut
797 1749 841 1802 est
869 1745 976 1804 caritas
1004 1742 1142 1821 gaudium
1166 1761 1222 1822 pax
1244 1741 1451 1822 longanimitas
1475 1743 1594 1805 bonitas

297 1829 464 1909 benignitas
487 1837 517 1889 et
531 1836 629 1889 cetera
647 1827 861 1908 incorporalia;
885 1830 914 1887 in
932 1847 975 1898 eo,
1000 1828 1077 1908 quod
1094 1827 1165 1889 dicit
1181 1830 1313 1907 ‘proprie
1327 1831 1592 1898 communiterue'.

298 1915 451 1995 proprium
479 1915 713 1993 uniuscuiusque
743 1930 867 1984 nomen,
897 1932 955 1992 quo
983 1923 1122 1982 uocatur,
1151 1913 1281 1974 ostendit
1312 1921 1340 1974 et
1369 1913 1592 1994 appellatiuum‚
1610 1931 1633 1970 rs

298 2018 356 2080 quo
377 1999 556 2078 generaliter
579 1999 752 2078 appellatur,
777 2000 916 2059 insinuat.
956 1998 1089 2078 Exempli
1105 1999 1197 2076 gratia
1220 1999 1244 2057 si
1261 1997 1342 2059 dicas
1359 1997 1481 2059 lliobael
1497 1999 1593 2060 Adam

299 2085 358 2146 llua
382 2083 529 2146 Abrabam
560 2083 656 2163 lsayas
686 2083 825 2144 Salomon
853 2083 957 2144 Petrus
979 2086 1160 2162 Augustinus
1183 2083 1322 2161 Virgilius
1344 2082 1437 2144 Roma
1461 2083 1592 2153 Tiberis,

299 2172 417 2250 propria
440 2178 517 2237 sunt,
541 2169 564 2228 si
588 2187 662 2230 uero
685 2169 721 2230 de
744 2167 855 2230 eisdem
877 2170 949 2248 ipsis
977 2168 1088 2229 dixeris
1116 2167 1238 2247 angelus
1262 2167 1349 2228 bomo
1371 2168 1476 2229 mulier
1499 2172 1593 2250 patri-

299 2255 388 2316 arcba
411 2253 555 2334 propbeta
580 2273 631 2314 rex
654 2253 806 2331 apostolus
827 2254 930 2315 doctor
951 2263 1038 2334 poeta
1062 2255 1167 2316 ciuitas
1182 2255 1300 2320 lluuius.
1324 2257 1492 2314 eommunia
1509 2264 1591 2316 sunt.

298 2341 461 2402 Commune
485 2341 563 2399 enirn
592 2356 699 2398 nomen
728 2339 836 2399 (licitur
864 2357 922 2400 non
951 2358 1013 2419 quo
1033 2342 1237 2416 uuusquisque
1260 2341 1380 2419 proprie
1403 2325 1591 2417 singillatini·
1607 2357 1632 2394 eo

299 2441 356 2502 quc
379 2431 513 2494 uocatur,
537 2424 588 2484 sed
613 2442 671 2503 quo
693 2442 761 2485 oum
784 2425 890 2484 ceteris
912 2422 1089 2502 generaliter
1112 2422 1286 2504 appellatur.

419 2611 561 2692 lnoipit
583 2611 626 2672 de
649 2609 836 2690 qualitate
860 2613 1030 2672 nominis.
1075 2611 1270 2690 lnoipiunt
1292 2610 1468 2691 capitula.

516 2731 539 2792 l.
571 2731 629 2792 Cur
652 2729 766 2793 dicatur
787 2727 921 2811 qualitas.

504 2815 539 2880 ll.
570 2815 613 2876 lle
635 2817 749 2896 proprii
772 2825 801 2876 et
823 2814 994 2895 appellatiui
1016 2817 1144 2878 nominis
1167 2815 1324 2881 diuisione.

494 2901 540 2966 lll.
572 2902 614 2962 lle
636 2911 764 2981 quatuor
779 2900 985 2980 principalium
1002 2901 1148 2962 diuisione
1164 2903 1315 2962 nominum
1332 2899 1630 2981 appetentior-unca

476 2986 538 3048 llll.
570 2987 612 3047 llc
634 2987 780 3048 diuisione
803 3004 1014 3066 corporearum
1038 2996 1068 3048 et
1088 2989 1334 3066 incorporearum
1359 3006 1470 3048 rerum.

510 3072 540 3133 V.
571 3071 613 3132 llo
637 3071 783 3132 diuisione
806 3072 975 3132 animalium
999 3080 1029 3132 et
1050 3072 1251 3134 inanimalium
1274 3090 1386 3132 rerum.

492 3156 538 3217 vt.
569 3157 611 3217 lle
633 3155 823 3235 generalibus
845 3165 875 3218 et
897 3156 1076 3235 specialibus
1099 3156 1277 3218 nominibus.

482 3241 540 3303 Vll.
571 3242 612 3302 lle
635 3242 793 3321 primitiuis
815 3250 846 3303 et
867 3242 1050 3304 deriuatiuis.
1254 3305 1257 3312 ,

464 3326 537 3392 Vlll.
567 3328 609 3388 lle
631 3328 817 3388 diminutiuis
840 3336 871 3388 et
891 3329 975 3406 quasi
1001 3328 1193 3388 diminutiuis.

453 3410 538 3474 Vllll.
569 3413 611 3474 lle
634 3412 821 3492 homonymis
843 3422 873 3473 et
894 3414 1074 3492 synonymis.

501 3497 537 3558 X.
570 3496 612 3558 lle
634 3498 847 3577 patronomiois
869 3506 899 3558 et
920 3499 1107 3577 possessiuis.

491 3583 541 3647 Xl.
572 3582 613 3643 De
637 3583 751 3644 mediae
771 3583 1000 3661 significationis.

478 3667 540 3732 llll.
571 3668 612 3728 Ile
635 3668 794 3745 qualitatis.
1291 3741 1294 3749 μ

467 3752 542 3818 ΧΙΙΙ.
573 3754 615 3814 lle
638 3754 758 3830 ‘gentis’
783 3763 812 3815 et
835 3755 982 3832 ‘patriaefi
1607 3768 1631 3807 ³⁵

449 3837 541 3899 llllll.
571 3838 613 3899 lle
636 3840 776 3900 ‘numeri’
801 3845 830 3900 et
852 3838 999 3904 ‘ordinis'.

478 3922 539 3984 XV.
570 3923 613 3984 [lc
634 3923 702 3985 ‘alia
730 3924 766 3984 ad
796 3923 905 4002 aliquid
934 3924 1028 3985 dicta'
1060 3930 1090 3984 et
1117 3923 1184 3984 ‘alia
1213 3922 1249 3984 ad
1278 3921 1388 4005 aliquid
1411 3923 1538 4003 qualiter
1561 3944 1594 3986 se

585 4007 749 4074 babentia’.

468 4091 541 4156 xvt.
570 4094 652 4155 luter
673 4093 814 4156 uerbialia
838 4104 868 4155 et
888 4092 1094 4174 participialia.

454 4177 541 4240 XVll.
571 4179 653 4241 lnter
675 4178 774 4241 uerbis
796 4178 902 4241 similia
926 4187 956 4240 et
976 4181 1143 4260 participiis
1164 4179 1281 4240 similia.
1607 4194 1631 4231 tr

299 4261 430 4347 lid-llll
445 4263 545 4324 XVlll.
575 4264 617 4326 lie
640 4265 804 4326 collectiuis
827 4272 856 4324 et
878 4263 1059 4328 absolutiuis.

467 4348 542 4415 XlX.
576 4349 615 4412 lle
639 4349 851 4430 temporalibus
875 4358 904 4410 et
924 4349 1076 4412 localibus.

479 4434 541 4495 XX.
572 4435 613 4495 lle
637 4444 762 4513 quatuor
785 4437 975 4516 propriorum
998 4437 1149 4498 nominum
1172 4433 1338 4514 speciebus.

297 4555 532 4566 ——--.-.-.-·-·

367 4619 526 4688 illusere]
545 4623 633 4689 rubro,
652 4625 686 4687 cs.
705 4625 773 4675 non.
790 4640 819 4688 p.
839 4623 934 4686 373‚2
991 4621 1178 4674 9dilllnitione
1239 4623 1267 4672 11
1287 4621 1369 4671 celum
1421 4623 1454 4671 12
1472 4629 1594 4686 oorpor‘n

301 4691 332 4739 lo
350 4692 436 4755 gracia
489 4693 520 4741 18
539 4692 620 4740 isdem
671 4695 704 4742 20
723 4693 828 4758 propria
889 4694 921 4740 22
941 4692 1031 4758 incipit
1047 4687 1106 4755 etc]
1126 4691 1212 4741 rubro.
1250 4690 1391 4754 Supersunt
1411 4691 1437 4737 in
1454 4689 1501 4738 buc
1516 4689 1595 4756 frug-

299 4766 381 4807 mento
400 4761 453 4807 eina
470 4759 529 4808 libri
545 4761 633 4823 sopita
650 4760 674 4812 I.
693 4759 734 4812 Il.
754 4759 813 4808 111.
835 4759 931 4810 VIIII
947 4777 982 4810 ea:
998 4767 1082 4822 porte,
1102 4758 1136 4808 X.
1151 4757 1201 4808 XI.
1228 4759 1266 4807 De
1279 4759 1403 4807 diuisione
1416 4759 1493 4806 totius
1505 4761 1596 4821 operis

300 4827 335 4890 rs.
349 4826 410 4876 Keil
436 4829 467 4876 de
485 4831 653 4891 prunrmutieis
670 4835 719 4878 eto.
738 4844 767 4891 p.
781 4830 824 4877 21.
893 4829 924 4877 31
944 4829 975 4877 de
994 4828 1121 4875 ononimis
1141 4838 1165 4874 et
1182 4827 1326 4888 aproniana
1379 4824 1508 4876 dbmedic
1561 4829 1595 4877 35

300 4895 381 4962 patrie
450 4895 482 4945 36
500 4895 612 4944 ilumeris
679 4897 712 4946 te
731 4897 763 4944 de
781 4895 939 4960 temporibus
958 4905 983 4945 et
1000 4893 1145 4957 loquelibus
