3354 5580
491 405 530 456 nr
548 403 977 460 oon.anruuu1u0nuu.
1325 403 1389 467 205

78 593 212 654 ‘tumet’
228 593 259 652 iu
282 593 475 661 nominatius,
500 609 537 652 ue
553 591 681 654 uerbum
698 611 763 654 esse
778 599 915 672 putetur;
941 600 1067 662 uosmet,
1083 602 1213 652 uestrum
1231 591 1278 652 uel
1295 594 1386 652 uestri

79 711 151 754 nou
176 693 301 773 recipiet
322 697 417 755 ‘mett
461 691 560 764 lilic,
584 712 620 756 er
637 691 686 754 ille
702 701 732 754 et
747 692 810 763 hic:
833 695 939 762 istic.
967 711 1002 754 ex
1025 695 1080 754 iste
1102 700 1133 754 et
1154 692 1217 754 hic:
1241 695 1294 754 ista
1317 700 1386 755 sunt

77 793 233 855 aduerbia
263 793 330 856 loci.
374 793 487 857 lllicine
516 813 552 854 ex
574 793 624 856 ille
647 804 677 855 et
704 795 801 856 hicine
828 813 884 874 pro
913 794 1028 857 illicne:
1064 794 1192 855 ‘illicine
1220 804 1264 857 est
1295 795 1387 856 irater

76 898 184 967 tuus’,
206 914 262 976 pro
284 895 392 957 illicne.
437 896 555 957 Isticine
578 895 614 956 ab
637 897 693 957 iste
716 906 745 957 et
767 897 880 965 hicine,
905 907 937 957 nt
959 897 1094 958 ‘isticinc
1117 907 1174 966 est,
1199 895 1236 958 de
1258 912 1317 973 quo
1340 896 1386 957 di·

48 999 158 1059 sxisti
185 997 280 1072 mihi',
303 1016 358 1078 pro
380 999 497 1059 isticne.
542 998 646 1060 llicine
668 1017 723 1078 pru
746 997 848 1068 hicne,
879 1000 954 1060 sicut
975 999 1013 1058 iu
1036 997 1170 1076 Regum
1194 995 1293 1057 libro
1314 995 1384 1075 legi-

77 1109 150 1162 tur:
192 1099 324 1161 Hicine
353 1108 410 1161 est
438 1101 499 1178 qui
528 1098 746 1178 ingreditur
775 1109 940 1161 nostram
969 1098 1128 1168 domum,
1151 1116 1206 1178 pro
1229 1097 1331 1167 hicne,
1356 1107 1386 1158 et

76 1202 198 1272 sicine,
227 1202 305 1263 sicut
326 1211 372 1264 est
392 1199 480 1262 illud:
518 1201 647 1262 Sicine
671 1218 735 1262 nos
757 1208 913 1278 separat
934 1219 1054 1262 amara
1077 1217 1190 1269 mors.
1214 1218 1269 1279 pro
1292 1202 1383 1271 sicne,

78 1301 92 1384 ll
115 1300 185 1364 116
201 1301 212 1385 gl
236 1305 411 1365 etiterum:
435 1302 597 1363 Haecine
619 1301 748 1362 reddis
770 1301 918 1363 domino
940 1321 996 1381 pro
1011 1301 1133 1364 haecne.
1165 1301 1279 1372 ldem,
1304 1320 1384 1363 com·

76 1407 219 1486 positum
242 1413 289 1466 est
310 1423 347 1465 ex
369 1405 418 1465 ‘is'
442 1411 471 1464 et
493 1403 636 1466 ‘demum’
660 1402 738 1485 quod
762 1405 791 1465 in
816 1403 979 1465 masculino
1000 1421 1111 1482 genere
1134 1401 1317 1483 producitur,
1336 1412 1383 1464 ut:

39 1525 64 1564 ro
217 1504 309 1566 Viuo
331 1505 499 1568 nocendo
523 1505 684 1586 quidem,
708 1504 771 1566 sed
794 1524 846 1566 me
869 1515 993 1567 monet
1014 1507 1137 1568 exitus
1159 1503 1262 1565 idem.

77 1609 272 1670 utiterum:

216 1709 313 1770 ldem
336 1727 437 1770 amor
459 1709 612 1770 exitium
634 1711 766 1788 pecori
788 1710 1016 1790 pecorisque
1037 1709 1228 1786 magistro.

79 1812 112 1872 ln
139 1819 252 1872 neutro
274 1829 348 1872 uero
370 1813 540 1892 corripitur,
563 1818 611 1872 ut:

216 1911 323 1974 Esset
344 1930 409 1992 per
430 1921 533 1974 aetas
552 1921 588 1973 et
609 1911 703 1973 idem
726 1914 757 1974 si
780 1911 897 1974 robur
919 1914 955 1972 in
977 1913 1107 1982 armis,

42 2030 65 2068 1⁵
79 2025 125 2075 et:
214 2013 371 2076 Mortale
393 2032 529 2094 corpus
550 2013 646 2076 idem
670 2013 878 2076 immortale
899 2021 1082 2092 resurget.

626 2233 676 2295 nt
698 2232 831 2296 VERBO.

174 2353 208 2415 D.
224 2353 383 2416 Verbum
406 2352 494 2433 quid
517 2353 592 2414 esti
621 2352 761 2423 Verbum,
784 2351 864 2433 quod
886 2353 999 2414 Graece
1022 2349 1110 2434 ῥῆμα
1133 2353 1251 2424 dicitur,
1275 2371 1290 2413 a
1314 2370 1382 2414 uer·
1396 2360 1491 2413 18591

80 2455 237 2526 berando,
262 2457 291 2516 1·
308 2473 324 2516 a
339 2443 475 2516 feriendo
497 2452 620 2522 dicitur.
645 2453 774 2534 eoquod
797 2454 958 2516 uerberato
980 2472 1049 2515 aere
1071 2453 1243 2534 plectroque
1266 2453 1384 2533 linguae

80 2559 243 2619 lormetur.
288 2559 346 2618 Aer
369 2557 446 2617 enim
470 2557 548 2617 intra
571 2563 654 2634 septa
676 2556 738 2616 oris
759 2553 872 2635 plectro
895 2555 1014 2634 linguae
1041 2557 1081 2615 ·i·
1105 2552 1292 2618 reuolutione
1314 2573 1383 2634 per·

45 2661 199 2720 mentitur
222 2667 252 2720 et
274 2657 367 2719 uerba
389 2659 571 2725 formentum
596 2655 644 2718 uel
666 2655 830 2719 secuudum
853 2658 1101 2735 Augustinum
1125 2657 1251 2720 uerbum
1275 2657 1384 2719 dicitur

82 2779 97 2820 a
123 2778 201 2822 uere
224 2759 353 2834 boando,
379 2761 438 2820 ·i·a
463 2776 534 2820 uere
557 2758 698 2820 sonando,
743 2757 827 2827 Quod
850 2760 876 2820 si
899 2759 938 2820 ita
961 2767 1020 2828 est,
1044 2760 1141 2819 omnia
1165 2777 1235 2821 uera
1259 2757 1383 2820 dicenda

83 2872 153 2924 sunt
177 2861 283 2923 uerba.
328 2860 489 2922 Sciendum
513 2868 572 2928 est,
596 2859 675 2938 quod
693 2877 797 2921 omnes
812 2867 913 2939 partes
926 2858 1045 2920 ‘uerba'
1062 2859 1120 2920 dici
1136 2869 1267 2939 possunt.
1292 2860 1383 2920 Verbi

82 2966 195 3041 gratia:
218 2962 362 3024 ‘Verbum
385 2961 456 3023 iecit
477 2960 566 3022 hodie
589 2961 691 3022 consul
715 2961 751 3023 ad
773 2959 940 3043 populum',
964 2980 1031 3022 cum
1049 2979 1108 3022 ιιοιι
1132 2960 1169 3022 de
1192 2961 1293 3023 uerbis
1313 2961 1384 3024 solis

82 3066 139 3126 init
160 3065 292 3126 locutus.
337 3063 395 3124 Sed
423 3063 497 3124 haec
525 3080 594 3140 pars
622 3061 680 3123 hoc
708 3079 816 3124 nomen
839 3063 896 3124 sibi
917 3063 1039 3143 proprie
1065 3062 1209 3142 possidet,
1239 3080 1275 3124 eo
1304 3062 1382 3141 quod

47 3165 208 3245 sedignior
236 3167 276 3228 sit
301 3164 367 3226 aliis
390 3173 420 3226 et
441 3162 618 3244 prolixiores
645 3162 735 3225 babet
763 3163 978 3226 declarationes
1001 3173 1031 3226 et
1051 3165 1083 3226 iu
1104 3171 1205 3226 nostra
1233 3163 1382 3227 locutione

83 3269 277 3346 frequentius
299 3267 434 3347 punitur,
459 3274 492 3326 ut
513 3271 558 3328 est
579 3263 668 3326 illud:
704 3268 758 3326 ‘eo
782 3265 817 3326 ad
841 3265 937 3327 iorum
961 3275 990 3326 et
1012 3264 1080 3328 uolo
1103 3265 1207 3327 uidere
1229 3265 1380 3328 amicum!

84 3369 120 3429 11.
137 3370 231 3430 Pars
246 3369 448 3438 orationis,
467 3369 497 3428 ·i·
514 3385 572 3429 uua
594 3367 901 3446 speciesLatinitatis.
947 3367 1031 3430 Com
1055 3377 1221 3447 tempore
1242 3374 1277 3428 et
1296 3386 1380 3448 per·

84 3489 187 3532 sona.
225 3469 306 3530 llaec
321 3468 380 3530 duo
400 3487 519 3549 semper
534 3469 728 3531 inueniuntur
749 3470 779 3528 in
803 3469 908 3530 uerbo.
952 3468 1083 3548 Tempus
1105 3470 1184 3532 enim
1208 3469 1258 3530 ubi
1280 3470 1381 3539 luerit,

83 3571 197 3634 ibidem
221 3579 252 3632 et
273 3587 417 3651 persona,
447 3578 479 3631 ιιι
507 3569 573 3650 lego
602 3588 746 3651 praesens
775 3582 892 3648 tempus
921 3579 966 3632 est
989 3578 1018 3632 et
1038 3573 1133 3650 prima
1156 3589 1300 3651 persona,
1324 3570 1383 3650 legi

51 3675 283 3752 mpreeteritum
307 3681 336 3734 et
357 3674 453 3752 prima
475 3690 604 3752 persona
627 3681 656 3732 et
677 3671 744 3734 ideo
767 3690 858 3734 unum
882 3675 947 3734 sine
970 3675 1064 3734 altero
1086 3691 1145 3734 non
1161 3674 1313 3736 nuenitur.
1350 3673 1382 3732 Si

85 3783 184 3837 autem
207 3791 335 3855 persona
364 3774 504 3844 deluerit,
536 3772 661 3836 uerbum
689 3775 835 3854 redigitur
857 3776 888 3836 in
916 3775 1120 3855 participium,
1148 3784 1282 3854 tempore
1309 3793 1382 3835 uero

87 3875 185 3938 ehlato
200 3894 257 3957 pro
274 3878 394 3938 nomine
409 3883 537 3957 putetur.
570 3874 659 3937 Sine
682 3893 777 3937 casu.
810 3875 891 3937 Bene
912 3875 986 3937 dixit
1001 3877 1079 3937 ‘sine
1095 3881 1188 3947 casu’,
1212 3877 1280 3956 quia
1302 3879 1380 3957 qui·

87 3977 164 4040 dam
189 3976 351 4041 uoluerunt
366 3996 453 4040 casus
475 3996 540 4039 esse
563 3979 593 4039 in
616 3977 711 4039 uerbo
734 3978 763 4038 in
779 3978 934 4040 inlinitiuis
949 3977 1054 4047 modis,
1078 3977 1157 4039 unde
1173 3985 1202 4038 et
1216 3977 1380 4039 Persius:

88 4079 198 4142 Scire
221 4089 320 4141 tuum
344 4078 439 4141 uilril
463 4086 519 4140 est
540 4081 614 4141 uisi
636 4088 670 4140 te
693 4079 793 4140 scire
815 4078 884 4140 hoc
907 4081 1001 4142 sciat
1022 4080 1133 4151 atter,
1158 4081 1189 4140 1·
1214 4086 1262 4140 tua
1285 4079 1381 4140 scieu-

55 4177 283 4262 1111111111,
307 4183 389 4242 etin
404 4180 621 4259 Euangelic:
645 4180 691 4242 lia
714 4181 802 4242 milri
825 4179 972 4250 bibere,
998 4183 1026 4242 ·i·
1043 4191 1161 4261 potum,
1177 4181 1255 4263 quod
1267 4179 1382 4242 Graece

89 4281 196 4344 dicitur
217 4278 277 4355 dds
298 4300 355 4362 μοι
376 4289 477 4348 acceto.
521 4283 623 4344 Hecto
645 4290 744 4344 autem
766 4281 872 4344 hibere
899 4284 1060 4360 significan
1089 4284 1159 4344 irinc
1186 4283 1290 4362 pitisso
1317 4284 1381 4343 siue

90 4393 156 4462 poto
179 4384 298 4445 dicitur.
344 4382 402 4444 Sed
424 4382 555 4445 Donatus
577 4385 658 4445 ‘sine
681 4386 769 4446 casu'
793 4385 875 4455 dixit,
897 4387 967 4465 quia
989 4384 1046 4446 boc
1068 4403 1128 4446 nou
1149 4385 1268 4464 recipit.
1313 4387 1466 4446 turmo

153 4606 170 4654 3
188 4617 212 4654 ει
229 4605 310 4654 sicine
327 4600 405 4669 sicut]
424 4613 449 4653 st
466 4603 531 4654 sicut
548 4605 629 4654 sicine
647 4615 674 4653 ιιι
772 4606 803 4657 10
821 4607 883 4657 uiuo
901 4606 1016 4656 nocendo
1035 4603 1095 4672 ete]
1117 4606 1274 4670 Aenigmatie
1290 4621 1381 4658 ureae

90 4686 142 4722 esre
152 4673 255 4723 rddetarr
324 4673 356 4722 12
372 4671 440 4721 1ι1ειιι
453 4667 538 4739 emor]
555 4672 633 4738 Verg.
645 4671 702 4722 Ecl.
717 4672 769 4724 111
779 4675 826 4723 1111
897 4676 929 4725 14
941 4674 1017 4723 Esset
1028 4671 1086 4740 per]
1104 4676 1182 4738 Verp.
1195 4675 1261 4724 Aen.
1274 4675 1319 4725 XI
1331 4676 1381 4725 171

91 4741 120 4788 11
138 4755 212 4804 grece
280 4741 314 4791 20
332 4737 517 4805 Augustinum]
536 4741 603 4804 Aug.
623 4741 684 4790 dial.
702 4757 729 4805 p.
743 4744 768 4804 9,
781 4743 816 4792 13
834 4743 875 4794 ed.
889 4741 1026 4805 Crecettm,
1044 4743 1080 4806 cs.
1100 4743 1137 4796 H.
1155 4741 1224 4792 Keil.
1241 4759 1300 4793 ann.
1318 4744 1380 4807 port.

93 4806 174 4862 Fleclr.
193 4810 259 4860 1859
275 4823 302 4874 p.
315 4811 366 4858 155
433 4805 651 4873 23111111]εεί
698 4809 731 4860 33
750 4809 833 4859 medis
883 4807 1148 4876 Persius18utJ²7
1199 4813 1232 4862 ts
1250 4811 1275 4862 in
1295 4810 1381 4862 Euen-

91 4873 167 4942 gelio]
186 4875 244 4930 ioh.
263 4875 310 4928 IV
327 4879 343 4926 7
409 4891 484 4941 grece
551 4877 584 4928 36
601 4875 649 4928 dos
667 4889 710 4926 mn
728 4879 783 4942 pin.
800 4876 847 4927 Pin
864 4889 947 4929 ιιιιιειιι
