3346 5558
546 347 553 362 '
635 379 847 438 aununnsrs.
1347 383 1390 449 53

105 567 262 631 uerbium
293 587 310 630 a
343 567 461 630 uerbo
493 570 688 648 segregari
720 587 791 631 nou
822 577 954 650 potest.
1005 571 1063 633 Sed
1093 579 1191 633 tamen
1220 572 1389 634 lsidorus

105 670 180 731 dicit:
215 669 441 734 Aduerbium
471 669 514 730 de
537 672 686 732 nomlue
708 673 892 742 nascitur,
923 681 962 735 ut
984 672 1114 736 doctus
1137 674 1253 735 docte.
1298 674 1387 736 ltem:

103 773 336 852 participium
364 773 407 834 de
435 774 582 833 nomine
611 781 646 833 et
668 771 784 834 uerbo
807 776 977 837 nascitur
998 782 1037 835 ut
1057 774 1141 853 lego
1170 773 1307 855 legens.
1352 777 1389 838 Et

102 883 247 955 pmpterea
270 875 382 937 dictum
405 883 450 936 est
471 875 676 954 participium,
699 882 731 935 ut
752 875 917 937 Donatus
939 878 993 946 ait,
1017 877 1100 956 quasi
1122 879 1316 958 particapium
1341 897 1386 948 eo,

77 976 187 1054 ⁵quod
215 984 358 1056 partem
387 977 547 1037 nominis
574 978 697 1058 capiat
720 985 944 1057 ,partemque
971 977 1095 1039 uerbi:
1124 981 1261 1059 recipit
1290 981 1386 1040 enim
1468 987 1472 992 '

102 1080 268 1141 anomiue
291 1097 430 1157 genera
453 1089 488 1139 et
510 1097 634 1148 casus,
650 1096 666 1138 a
683 1078 798 1140 uerbo
821 1086 986 1160 tempora
1009 1091 1044 1141 et
1064 1080 1386 1158 significationes,

102 1179 138 1240 ab
163 1191 321 1261 utroque
351 1176 543 1242 numerum
572 1188 608 1240 et
635 1179 805 1259 liguram.
850 1181 1027 1243 Coniuucfio
1056 1199 1129 1242 uero
1152 1190 1182 1243 et
1204 1185 1386 1262 praepositio

100 1281 143 1342 uel
156 1283 320 1345 interiectio
342 1284 374 1344 iu
397 1289 566 1343 contextum
581 1283 703 1344 istarum
725 1280 835 1344 cadunt
849 1289 880 1343 et
893 1283 961 1344 ideo
984 1282 1133 1353 nonnulli,
1156 1285 1233 1346 idest
1255 1283 1384 1355 Stoici,

99 1385 217 1464 quinque
251 1392 353 1465 partes
381 1385 523 1445 orationis
549 1382 742 1460 definierunt,
777 1387 845 1464 quia
878 1386 952 1446 istae
980 1385 1148 1466 superllnac
1181 1393 1259 1447 sunt.
1304 1385 1386 1448 Vnde

65 1485 272 1564 uvirgilius
294 1485 392 1547 blaro
414 1485 505 1546 dixit:
534 1487 652 1564 Atque
674 1485 724 1545 ita
747 1495 828 1548 erat
851 1496 889 1547 ut
910 1505 978 1568 pro
999 1495 1084 1549 octo
1107 1487 1277 1566 partibus
1299 1507 1384 1549 ora·

98 1589 203 1650 tionis
229 1589 395 1667 quinque
422 1593 672 1647 numerarent.
718 1587 777 1648 llas
806 1597 904 1649 autem
933 1599 999 1650 octo
1022 1597 1124 1668 partes
1146 1591 1288 1650 orationis
1311 1605 1385 1667 qno·

97 1687 177 1750 modo
198 1689 304 1752 Graeci
326 1689 497 1751 nominanti
528 1688 577 1750 Sic
599 1687 717 1750 dicunt:
741 1681 848 1770 ὄνομα
870 1690 947 1752 idest
970 1708 1092 1764 nomen,
1116 1683 1286 1771 ἄντόνομα
1308 1689 1386 1752 idest

96 1808 267 1869 pronomen,
302 1785 389 1872 ῥῆμα
411 1789 489 1851 idest
510 1789 649 1859 uerbum,
685 1785 852 1872 ἐπίρῤημα
879 1791 935 1851 boc
964 1799 1009 1852 est
1037 1791 1227 1860 aduerbium,
1261 1791 1384 1874 μετοχή

97 1892 164 1953 idest
184 1894 387 1974 participium,
410 1885 543 1971 ἄρθρον
565 1890 622 1951 boc
645 1899 690 1952 est
711 1891 868 1963 articulus,
892 1887 1081 1973 σύνδεσμος
1102 1892 1180 1954 idest
1201 1878 1380 1968 coniunctio,

65 2001 86 2041 ¹⁵
97 1991 249 2072 πρόθεσις
276 1995 333 2055 boc
356 2004 400 2056 est
421 1993 612 2074 praepositio.
657 1992 764 2054 Graeci
786 2011 859 2073 ergo
882 2001 912 2056 et
934 1993 1030 2058 Latini
1052 1995 1082 2054 iu
1106 2011 1230 2055 numero
1252 1998 1382 2075 partium

97 2097 230 2157 orationis
252 2097 456 2166 consentiunt,
486 2097 555 2176 quia
577 2096 695 2175 utrique
718 2102 786 2156 octo
808 2104 910 2175 partes
932 2114 997 2158 esse
1020 2095 1172 2175 deliniunt,
1196 2097 1248 2158 sed
1271 2099 1301 2158 ln
1324 2115 1382 2158 una

30 2237 34 2246 ·
97 2199 201 2260 ratione
228 2197 371 2260 differunt
398 2205 428 2258 et
455 2197 644 2266 dissentiunt,
679 2195 758 2276 quod
786 2198 893 2258 Graeci
921 2196 1075 2259 articulum
1105 2206 1239 2260 octauam
1266 2207 1382 2279 partem

96 2301 229 2360 orationis
259 2297 384 2370 babent,
416 2299 511 2360 Latini
545 2307 643 2359 autem
672 2297 829 2359 articulum
858 2299 888 2360 in
916 2319 1041 2362 numero
1070 2309 1136 2362 octo
1165 2302 1292 2380 partium
1322 2319 1382 2362 non

96 2410 256 2472 numerant,
279 2402 331 2463 sed
354 2402 385 2461 in
408 2401 584 2481 pronomine
607 2398 763 2461 articulum
780 2400 899 2462 babent.
931 2402 1003 2463 ltom
1029 2402 1123 2463 Latini
1145 2403 1382 2464 interiectionem

64 2511 219 2569 aprunam
241 2511 358 2584 partem
380 2503 523 2564 orationis
545 2519 610 2563 csse
638 2502 753 2572 dicunt,
778 2503 884 2564 Graeci
911 2523 985 2564 uero
1013 2505 1251 2566 interiectionem
1273 2505 1304 2565 in
1328 2523 1382 2566 nu·

96 2623 172 2666 mero
191 2607 320 2687 portium
343 2623 402 2666 non
425 2603 550 2674 babent,
574 2603 626 2666 sed
649 2605 680 2665 in
703 2603 846 2666 aduerbio
869 2623 934 2666 eam
956 2615 1079 2686 ponunt.
1124 2605 1196 2667 lude
1220 2605 1383 2667 llonatus

95 2707 173 2769 dixit:
207 2709 333 2770 Latini
369 2705 571 2768 articulum
601 2723 674 2766 nou
713 2706 958 2769 adnumerant
988 2727 1054 2768 uec
1091 2709 1224 2769 Graeci
1261 2709 1382 2770 inter·

94 2810 311 2872 lectionem·
333 2809 412 2882 Quot
432 2816 503 2871 sunt
525 2827 560 2868 ex
583 2806 644 2878 bis,
668 2826 743 2887 quae
765 2807 960 2884 declinantur,
985 2817 1015 2869 et
1037 2825 1112 2886 quae
1134 2816 1210 2878 sunt,
1229 2820 1305 2886 quae
1322 2827 1381 2870 non

96 2909 293 2974 declinantur!
337 2911 417 2973 ldest
437 2916 577 2990 quattuor
599 2908 801 2971 declinantur:
825 2927 933 2971 nomen
954 2927 1119 2990 pronomen
1143 2909 1266 2970 uerbum
1289 2913 1381 2989 parti·

65 3013 205 3092 acptum.
242 3013 386 3092 Reliquae
407 3031 481 3074 uero
502 3019 642 3091 quattuor
664 3020 779 3090 partes,
803 3011 880 3072 idest
901 3011 1077 3073 aduerbium
1101 3013 1272 3084 coniunctio
1294 3031 1379 3093 prae·

96 3117 194 3193 positio
219 3118 400 3186 interiectio,
429 3112 654 3176 indeclinabiles
682 3121 760 3174 sunt.
805 3112 881 3184 Quid
910 3131 983 3192 ergo
1004 3114 1130 3174 interest
1150 3113 1229 3174 inter
1251 3112 1380 3175 declina·

96 3217 195 3278 tionem
217 3219 345 3279 nominis
368 3223 397 3289 et
417 3217 604 3296 pronominis
627 3224 656 3277 et
679 3213 784 3277 uerbi?
800 3213 812 3298 ΙΙ
827 3215 878 3277 lol.
896 3211 983 3298 79⁵1!
1014 3214 1076 3276 lloc
1103 3215 1241 3276 interest:
1270 3233 1380 3277 nomen

96 3335 248 3394 pronomen
277 3319 466 3400 participium
501 3336 555 3397 per
582 3335 667 3379 casus
701 3316 880 3388 declinatur,
914 3324 948 3378 ut
980 3315 1145 3377 Donatus
1179 3316 1266 3378 dixit:
1311 3317 1378 3377 Ve-

96 3436 166 3480 rum
194 3439 235 3481 ex
263 3418 321 3480 his
349 3418 520 3482 omuibus
546 3428 623 3482 tres
651 3426 754 3490 sunt,
789 3437 882 3499 quae
909 3437 970 3480 ser
999 3417 1149 3480 casibus
1177 3417 1380 3481 inflectun-

67 3527 158 3592 ntur,
178 3541 310 3583 nomeu
339 3537 542 3602 pronomen
570 3521 826 3601 participium.
869 3520 999 3582 Verbum
1023 3529 1120 3582 autern
1143 3538 1198 3601 per
1219 3521 1330 3581 lormas
1352 3529 1381 3580 et

95 3623 186 3686 modos
217 3623 393 3686 declinatur.
446 3623 505 3685 Cur
533 3641 642 3684 nomen
678 3623 831 3704 praecedit
863 3630 930 3684 octo
963 3630 1063 3702 partes
1095 3623 1256 3684 orationis?
1305 3621 1379 3693 Quia

92 3727 154 3795 deri
177 3745 236 3790 uon
264 3732 375 3806 potest,
405 3731 438 3786 ut
458 3727 571 3787 sciatur
597 3725 657 3788 ulla
686 3743 747 3796 res,
778 3727 835 3786 nisi
862 3726 946 3804 prius
972 3743 1080 3785 nomen
1112 3723 1218 3795 luerit,
1247 3726 1315 3803 quia
1344 3743 1380 3786 ex

97 3829 204 3888 nomine
219 3845 275 3890 suo
290 3829 389 3888 omnis
402 3833 539 3889 creatura
555 3829 754 3906 cognoscitur.
792 3826 863 3887 lude
887 3826 1054 3887 lsidorus
1076 3825 1162 3886 dicit:
1186 3827 1260 3887 nisi
1284 3829 1379 3888 enim

96 3943 213 3992 nomeu
246 3929 397 4000 scieris,
435 3929 607 4008 cognitio
639 3946 761 3990 rerum
796 3929 910 4008 perit,
946 3929 1086 4008 quoniam
1117 3930 1237 3989 nomina
1266 3931 1378 4009 primo-

69 4033 182 4106 agenna
198 4033 311 4094 suntin
328 4029 420 4092 rebus
439 4031 586 4092 omnibus.
623 4029 738 4091 Nomen
754 4030 902 4109 quomodo
925 4029 1066 4091 delinitur
1081 4030 1246 4092 secuudum
1261 4049 1378 4100 sonum,

152 4315 428 4388 lleidorus]16,2
513 4319 711 4386 dpaaticipium
729 4316 790 4388 etc]
819 4318 885 4375 leid.
903 4321 921 4371 l.
939 4322 955 4371 l.
1041 4317 1201 4384 coenatus}
1217 4336 1245 4386 p.
1266 4319 1326 4386 287,
1346 4317 1378 4372 18

96 4388 245 4460 participium
314 4390 464 4504 dtempore
532 4385 716 4439 tconinnerio
734 4403 795 4438 uero
813 4415 846 4423 -
864 4389 1009 4455 superllune
1027 4385 1099 4455 sum]
1118 4389 1153 4450 cs.
1172 4389 1237 4440 laid.
1256 4391 1272 4438 l.
1292 4391 1309 4441 l.
1362 4389 1378 4440 8

96 4465 115 4499 m
130 4465 246 4506 contextu
331 4455 392 4508 edi
412 4455 524 4518 ulerunt,
547 4457 586 4506 ric
600 4456 659 4520 sere
675 4471 776 4522 semper
826 4458 876 4506 iste
893 4457 1023 4523 super-llue
1103 4459 1135 4507 10
1153 4456 1276 4522 Virgilius
1296 4453 1377 4523 bieco]

97 4519 266 4574 &nauticus
285 4525 383 4574 scillcet
404 4525 479 4574 medii
500 4527 569 4586 oeci,
596 4525 646 4575 aed
666 4539 717 4575 non
739 4533 813 4576 extat
833 4527 856 4575 la
873 4528 943 4575 locus
960 4525 1031 4589 opud
1048 4525 1082 4574 A.
1101 4523 1198 4576 Maium
1215 4528 1289 4576 cloec.
1309 4532 1376 4578 meet.

26 4649 27 4652 Ἴ
99 4587 147 4640 Vct.
163 4598 220 4642 ten.
236 4591 269 4643 V.
339 4593 370 4642 12
388 4593 469 4660 greci,
487 4595 525 4643 ale
541 4607 642 4658 semper
681 4607 775 4642 onoma
793 4599 851 4656 etc,
874 4594 967 4643 litteris
984 4593 1070 4642 latinis
1123 4594 1155 4643 13
1173 4593 1285 4658 epirema
1325 4609 1377 4644 me-

95 4653 164 4707 loebe
233 4659 358 4710 learcho
410 4659 556 4710 sindesmos
631 4663 662 4712 lb
680 4659 801 4728 partium]
826 4661 988 4727 participium
1057 4661 1088 4711 m
1106 4657 1238 4726 differunt]
1257 4662 1379 4712 deserunt

95 4723 119 4771 ‘il
135 4723 261 4792 Donatus]
275 4744 303 4792 p.
324 4731 386 4790 372,
404 4731 438 4778 27
505 4730 539 4779 23
556 4728 627 4791 quod
678 4745 728 4792 que
745 4729 903 4780 declinentur
954 4744 1004 4792 que
1021 4743 1072 4778 uon
1135 4731 1169 4779 25
1186 4729 1284 4793 relique
1345 4733 1378 4782 26

26 4815 27 4832 ;
94 4788 267 4845 indeclinabilis
351 4797 384 4848 27
403 4797 436 4846 bo
522 4797 555 4846 28
573 4809 712 4862 pronomen
731 4799 835 4848 uerbum
854 4797 1017 4863 perticipium
1068 4795 1185 4846 Donatus
1214 4815 1244 4863 p.
1264 4801 1326 4863 3⁷2,
1345 4802 1378 4850 29

94 4858 185 4926 itque
235 4864 350 4914 cassibus
418 4867 451 4915 31
470 4863 631 4914 declinantur
648 4881 714 4928 qum
781 4868 814 4916 32
833 4865 950 4916 derium.
1020 4865 1310 4930 caistuorus16,3
