3560 5574
905 1237 1087 1322 XIII.

418 1462 765 1568 Avunculus
791 1467 889 1566 AN
892 1471 984 1568 ΟΝ
987 1472 1118 1568 YMI
1144 1472 1234 1568 Du
1260 1471 1567 1570 LITTERIS.

903 1745 1078 1752 *—

970 1966 1016 2040 A.

426 2121 448 2182 Α
472 2114 583 2181 uocalis
606 2125 659 2178 cst.
697 2114 810 2186 Quibus
825 2115 949 2195 uirgulis
964 2118 1162 2198 conparatur?
1184 2117 1226 2178 Ex
1243 2115 1338 2178 tribus
1353 2115 1486 2196 uirgulis.
1525 2117 1637 2179 Deinde

342 2221 448 2283 dieitur
476 2221 586 2301 triplex
615 2235 689 2278 sono
718 2227 748 2278 et
770 2220 873 2296 figura.
919 2219 1032 2292 Quibus
1060 2218 1228 2281 nominibus
1256 2218 1366 2279 dicitur
1388 2219 1421 2278 al
1468 2216 1513 2278 Ex
1541 2217 1638 2279 tribus

342 2322 524 2384 nominibus:
549 2319 635 2400 aleph
658 2320 687 2381 in
710 2318 846 2381 llebraeo
870 2321 994 2392 (licitur,
1019 2321 1075 2382 alla
1097 2322 1127 2380 in
1151 2321 1265 2382 Gracco
1287 2317 1410 2390 elicitur,
1440 2337 1456 2378 a
1479 2320 1510 2381 in
1531 2319 1635 2380 latino

340 2426 457 2486 dicitur.
501 2423 600 2495 Quare
623 2423 718 2502 prirna
741 2439 777 2481 eu
801 2419 905 2484 litteris
927 2431 972 2485 est
993 2423 1028 2484 ai
1072 2421 1146 2492 Quia
1176 2421 1284 2482 dicitur
1312 2422 1426 2500 primus
1448 2420 1486 2482 de
1509 2422 1635 2482 nomini-

340 2527 395 2588 bus
423 2527 579 2587 lrorninunr
607 2523 714 2592 idam,
745 2533 773 2584 ot
800 2525 830 2584 lo
859 2525 958 2586 anima
985 2533 1015 2585 et
1041 2525 1072 2584 in
1101 2520 1222 2602 angelo,
1249 2523 1301 2602 qui
1328 2522 1384 2584 luit
1410 2531 1480 2584 aute
1507 2520 1658 2592 succulas

339 2628 409 2690 dom
438 2629 555 2689 animae
584 2635 700 2688 creatae
729 2626 850 2687 luerunt
878 2645 895 2686 a
922 2625 984 2687 Deo
1013 2627 1091 2688 ιιίιιο.
1137 2621 1251 2704 Duplex
1281 2624 1345 2686 eius
1372 2623 1443 2704 quid
1469 2610 1634 2703 significati

338 2730 490 2810 Siguillcot
510 2727 521 2811 ΙΙ
539 2729 557 2790 l.
577 2725 653 2789 106Ι
670 2725 681 2810 ΙΙ
703 2727 761 2789 duo
789 2736 979 2789 testamenta:
1018 2726 1064 2788 lex
1094 2738 1179 2788 uetus
1208 2737 1237 2786 et
1263 2744 1351 2787 noua.
1395 2725 1470 2787 Tres
1499 2724 1633 2804 uirgulae

337 2841 419 2903 suut,
444 2830 480 2892 de
503 2829 611 2912 quibus
634 2838 873 2908 congregatura.
911 2829 986 2902 Ouid
1010 2827 1197 2908 significanti
1229 2826 1344 2907 'lypum
1368 2828 1511 2890 trinitatis
1533 2837 1632 2890 osten·

337 2935 420 2995 dont.
466 2933 590 3006 Quando
612 2941 812 3011 congregatur
834 2950 860 3002 a,
883 2931 955 3012 quill
979 2930 1143 3010 significati
1164 2929 1280 3008 rypum
1304 2929 1393 2989 unius
1416 2929 1470 2990 llei
1493 2930 1630 2992 ostendit.

337 3036 454 3107 Quare?
476 3035 551 3096 Tres
572 3051 718 3114 personae
742 3041 885 3096 uocantur
902 3051 979 3095 unus
994 3034 1080 3101 Deus.
1124 3035 1245 3114 Legitur
1260 3027 1489 3111 a†arluerbium
1515 3033 1630 3092 uulneri
1644 3051 1666 3087 ro

336 3136 478 3218 complet,
502 3146 535 3198 ut
555 3135 818 3217 a†qolnoenties.

420 3241 443 3300 B
472 3247 552 3301 muta
580 3246 624 3301 est
652 3246 683 3299 ct
704 3255 886 3306 consonans,
916 3257 991 3317 quae
1021 3258 1057 3300 ex
1085 3239 1201 3301 ‹luahus
1231 3234 1356 3312 uirgulls
1384 3234 1536 3306 scribitur,
1559 3239 1629 3314 quia

335 3342 393 3402 duo
416 3347 590 3402 testamenta
612 3341 771 3419 significat,
795 3337 872 3402 aliod
896 3337 989 3401 breue
1013 3351 1043 3403 et
1064 3340 1141 3403 aliud
1158 3340 1289 3421 longum.
1325 3339 1402 3411 Quid
1419 3348 1627 3400 testamentum

335 3443 456 3504 breuius
479 3450 507 3504 et
530 3441 663 3521 longios?
700 3439 774 3510 Quia
798 3441 919 3502 breuior
941 3440 1026 3504 labor
1049 3444 1079 3504 in
1102 3443 1158 3504 hoo
1181 3443 1306 3512 mundo,
1331 3459 1420 3520 quam
1442 3445 1572 3524 praemia
1596 3445 1628 3502 in

333 3547 431 3607 loturo
453 3543 587 3615 saeculo,
617 3544 685 3624 quia
708 3545 763 3606 luit
784 3553 852 3606 ante
874 3545 1024 3606 saeculum
1047 3564 1084 3606 ex
1108 3547 1227 3607 nornine
1251 3555 1281 3607 et
1302 3557 1413 3627 operc,'
1438 3548 1506 3627 quia
1530 3547 1627 3608 bonos
1642 3557 1663 3594 15·

333 3655 379 3709 est
400 3647 473 3710 deus
496 3655 525 3708 ct
547 3665 622 3725 opus
645 3647 710 3708 cius
731 3645 843 3709 bonum
865 3656 918 3708 est.

416 3750 540 3812 Crnuta
563 3756 608 3810 cst
630 3756 659 3810 ct
681 3765 849 3810 consonans
872 3758 930 3811 cst:
955 3767 1012 3811 una
1034 3750 1152 3827 quidem
1177 3749 1294 3830 uirgula
1316 3751 1465 3833 adscripta
1489 3761 1548 3826 est,
1571 3752 1625 3814 secl

332 3849 427 3929 panda
450 3858 496 3912 est
518 3849 680 3912 ostendeus
701 3858 803 3930 typum
827 3851 984 3921 ccclesiae,
1008 3868 1083 3929 quae
1105 3855 1226 3914 iuuatur
1241 3873 1257 3914 a
1273 3853 1343 3916 Deo.
1378 3855 1475 3926 Quare
1496 3856 1626 3916 ostendit

331 3961 432 4034 typum
456 3951 616 4015 ecclesiae?
660 3949 734 4021 Quia
758 3951 848 4013 habet
870 3951 1036 4014 libertatem
1059 3951 1221 4029 †arbitriis
1245 3957 1318 4015 uico.
1364 3955 1544 4017 Arluerbium
1569 3976 1623 4018 nn·

331 4055 404 4115 nreri
427 4053 599 4134 plenissime
622 4054 706 4124 lecit,
731 4064 762 4115 ut
785 4063 903 4115 centurn
927 4055 1049 4117 centies.
1635 4067 1660 4102 ιιι

414 4155 437 4217 D
461 4163 541 4217 rnuta
563 4163 608 4216 est
631 4162 660 4216 ct
682 4173 863 4228 consonans,
893 4174 968 4234 quae
995 4155 1051 4217 sub
1079 4159 1164 4236 uirga
1191 4160 1286 4239 posita
1315 4177 1421 4221 sonum
1450 4159 1563 4222 uocalis
1584 4162 1621 4222 ad
1724 4213 1725 4216 ,

329 4264 527 4320 consonantes
549 4257 618 4320 lacit
640 4266 742 4319 contra
766 4277 794 4327 s,
818 4267 852 4320 ut
873 4258 946 4319 deus
968 4264 997 4319 et
1018 4267 1181 4330 contram,
1205 4241 1358 4323 ut'lleurn.
1394 4261 1476 4323 Binis
1497 4262 1621 4342 uir-gulis

394 4528 457 4581 uon.
476 4531 556 4583 Bern.
576 4532 627 4580 m
643 4546 711 4581 saec.
732 4529 814 4592 IXf.
833 4528 901 4581 105¹³
919 4557 951 4566 -
971 4530 1049 4595 wib,
1066 4531 1202 4583 lecticulo
1219 4535 1375 4597 praemiator
1406 4532 1448 4582 ult
1468 4533 1619 4584 errsuts
1724 4519 1725 4526 ἵ

327 4595 458 4646 nuituis
477 4597 606 4657 eruulr
626 4595 764 4648 stereus
782 4597 1081 4649 turuurnaurnrvs
1100 4597 1171 4649 EST.
1257 4604 1273 4652 3
1291 4601 1383 4651 hebreo
1435 4599 1486 4651 alla
1504 4603 1619 4652 doctriua

327 4665 352 4713 in
371 4681 446 4731 greco
515 4665 635 4718 barcula
704 4667 833 4732 Βιὶριιιιι,
850 4681 950 4732 semper
1036 4665 1068 4722 10
1085 4683 1196 4733 persone
1283 4671 1314 4721 13
1332 4667 1382 4719 aliti
1400 4667 1479 4720 breue
1497 4671 1618 4720 etalirun

326 4734 474 4850 {pupperprip
522 4737 595 4852 ululabo
609 4735 695 4784 seculo
747 4735 861 4784 seculum
931 4737 962 4787 17
981 4751 1057 4786 unarn
1074 4737 1177 4798 quidem
1196 4736 1321 4802 uirgulonr
1399 4739 1432 4787 22
1449 4749 1538 4788 eontra
1557 4755 1585 4790 es
