3316 5566
295 385 338 452 63
815 385 884 438 aas
902 387 1078 440 anonrna

294 575 445 648 caelestis,
474 584 555 638 terra
581 583 680 636 terrae
706 573 865 636 terrestris.
910 573 973 636 illia
1002 576 1032 634 in
1057 575 1133 636 icius
1155 575 1312 650 desinunt,
1341 589 1376 638 ut
1398 589 1447 642 est
1468 580 1605 644 aduecti-

294 681 371 750 etus,
395 677 663 748 commentaticius,
687 674 843 745 fabricius,
867 674 1059 746 tribunicius,
1082 675 1240 756 patricius:
1264 676 1321 739 alia
1343 681 1375 740 in
1398 681 1469 743 idus
1485 685 1496 743 i
1513 703 1604 763 pam·

295 781 402 842 uitium
427 787 579 860 correpta,
608 787 642 841 ut
662 777 754 841 irerba
778 776 935 848 lrerbidus,
958 776 1047 839 turno
1068 777 1222 850 turbidus,
1246 782 1317 842 uiuo
1338 781 1474 851 uiuidus.
1503 784 1604 845 rabies

295 881 431 952 rabidus,
458 889 558 942 tumeo
580 881 726 951 tumidus,
750 881 840 942 timeo
862 879 995 950 timidus,
1018 877 1140 940 inuideo
1162 881 1299 952 inuidus,
1322 880 1431 944 lerueo
1453 885 1602 954 tetuinus,

294 985 389 1064 inigeo
416 983 554 1060 lrlgidus,
583 981 669 1045 ualeo
699 981 827 1050 ualidus:
859 981 914 1043 alia
942 983 974 1043 in
1001 999 1071 1042 osus
1097 980 1252 1053 desinunt,
1281 991 1315 1043 ut
1336 1001 1443 1045 saxum
1465 1003 1626 1056 saxosns‚s

293 1101 398 1166 spuma
420 1101 592 1166 spumosus,
622 1091 730 1146 uentus
752 1091 911 1154 uentosus,
934 1083 1027 1146 herba
1050 1081 1214 1158 herbosus,
1238 1082 1336 1146 scelus
1356 1087 1485 1148 sceleris
1508 1089 1603 1150 scele-

294 1205 395 1256 rosus,
418 1203 561 1248 numerus
584 1204 777 1257 numerosus,
800 1205 876 1248 onus
898 1201 1059 1253 onerosus,
1083 1182 1216 1264 pertidus
1229 1185 1425 1265 perfidiosus:
1449 1189 1530 1250 haec
1551 1209 1603 1251 no·

294 1291 373 1352 mina
401 1310 419 1350 o
446 1287 564 1368 longam
597 1287 708 1350 habent
735 1289 956 1370 paenultimam.
1007 1283 1069 1345 Alia
1097 1287 1128 1346 iu
1157 1283 1186 1345 al
1213 1285 1397 1358 desinentia,
1433 1298 1466 1350 ιιι
1496 1295 1601 1352 ceruix

293 1390 437 1460 ceruical.
465 1389 604 1452 tribunus
631 1387 776 1458 tribunal;
805 1387 861 1451 alia
882 1390 913 1450 in
935 1387 971 1459 il,
1000 1395 1035 1449 ut
1055 1386 1147 1466 uigilo
1175 1388 1246 1467 uigil
1275 1389 1389 1468 pugillo
1411 1394 1514 1472 pugih
1545 1392 1601 1456 alis

292 1494 323 1554 in
351 1491 395 1564 ul,
424 1498 458 1553 ut
486 1489 574 1552 exulo
602 1489 687 1560 exiri,
717 1489 1014 1572 praesulopraesu13
1045 1487 1101 1550 alia
1123 1491 1154 1550 in
1176 1497 1270 1560 tum,·
1286 1499 1320 1551 ιιι
1341 1491 1420 1556 oliuo
1444 1495 1600 1564 oliuetum,
1616 1517 1636 1552 n·

292 1613 361 1656 rosa
387 1600 535 1665 rosetum;
563 1591 619 1654 alia
641 1594 673 1654 in
696 1611 743 1664 er,
774 1600 806 1654 ut
827 1593 937 1654 macies
960 1608 1073 1661 macer,
1104 1607 1196 1668 equos
1218 1601 1366 1668 equester.
1411 1593 1476 1656 Alia
1501 1599 1534 1658 in
1559 1618 1601 1666 ar,

294 1704 327 1758 ιιι
348 1698 429 1760 lacus
450 1695 588 1766 lacunar,
613 1692 676 1756 calx
699 1693 814 1772 calcar,
844 1693 936 1756 caedo
959 1693 1081 1762 Caesam
1104 1691 1159 1754 aila
1182 1695 1213 1754 in
1234 1712 1285 1764 or,
1309 1703 1343 1755 ut
1364 1705 1489 1758 senatus
1513 1717 1601 1758 sena-

293 1809 355 1870 tor,
378 1817 445 1862 amo
468 1807 597 1866 amator;
621 1795 677 1858 alia
699 1797 731 1857 ln
754 1815 805 1866 ur,
829 1803 861 1857 ut
882 1803 986 1856 saturo
1007 1801 1105 1865 satur,
1130 1813 1286 1857 murmuro
1308 1813 1461 1864 murman
1487 1796 1548 1859 alia
1572 1800 1601 1858 in

292 1921 342 1972 as,
373 1910 406 1964 ut
431 1903 545 1983 primus
572 1901 700 1980 primas,
729 1901 861 1978 optimus
889 1899 1031 1978 optimas,
1061 1897 1136 1957 ciuis
1158 1897 1279 1968 ciuitas,
1309 1896 1423 1978 probus
1445 1899 1600 1978 probitas;

293 2003 349 2065 alla
371 2006 402 2066 in
425 2023 457 2065 es
478 2010 661 2082 correptam,
690 2008 724 2062 nt
745 2019 799 2081 pes
820 1999 927 2080 pedes,
957 2015 1051 2076 equus
1073 2016 1180 2078 eques,
1210 2009 1278 2078 tego
1301 2009 1400 2079 teges:
1428 2000 1487 2062 alia
1511 2003 1545 2061 in
1568 2019 1600 2061 es
1615 2023 1635 2060 c

293 2103 476 2185 productam,
500 2111 532 2165 ut
553 2118 668 2183 pauper
690 2103 858 2182 pauperies,
882 2119 955 2163 acuo
977 2102 1068 2170 acies,
1091 2101 1194 2180 saepio
1212 2120 1329 2182 saepes,
1352 2113 1453 2164 sterno
1468 2114 1599 2183 strages,

293 2213 377 2268 struo
398 2215 511 2274 strues:
534 2204 590 2266 alla
611 2206 642 2266 iu
665 2221 712 2272 na.
735 2210 768 2264 ut
788 2221 842 2264 rex
864 2203 977 2282 regina,
1001 2200 1048 2262 leo
1064 2200 1176 2274 leaena,
1200 2221 1314 2284 coquus
1329 2207 1465 2285 coquina,
1491 2214 1601 2268 cantus

294 2305 456 2376 cantilena;
485 2303 540 2367 alia
563 2305 594 2366 ln
618 2301 688 2381 ella,
712 2311 745 2366 nt
766 2311 870 2367 cautus
892 2303 1032 2375 cautella,
1056 2313 1136 2366 tutus
1159 2305 1276 2376 tutella;
1305 2306 1362 2369 alia
1383 2309 1415 2367 in
1438 2325 1494 2369 ura
1519 2308 1600 2369 desi-

295 2409 395 2471 nentia
417 2406 563 2488 producta
585 2425 604 2467 ιι
626 2406 820 2486 paenultima,
849 2413 883 2468 ut
903 2405 1002 2470 scrilro
1024 2408 1185 2486 scriptura,
1214 2427 1324 2470 censeo
1346 2427 1489 2479 censura,
1515 2427 1601 2470 armo

296 2517 460 2578 armatura;
484 2507 539 2570 alia
566 2509 597 2569 in
625 2509 680 2584 tia,
711 2515 744 2570 ut
771 2507 864 2570 durus
891 2507 958 2570 duri
980 2508 1103 2580 duritia,
1135 2511 1247 2572 amicus
1276 2512 1364 2572 amici
1386 2512 1534 2580 amicitia,
1558 2513 1601 2571 sic
1614 2535 1635 2570 :a

293 2609 450 2694 pudicitia,
473 2608 599 2680 laetitia,
624 2611 787 2680 maestitia,
810 2611 944 2682 tristitia,
967 2613 1091 2691 segnitia
1115 2621 1174 2674 tam
1197 2612 1378 2692 paenultima
1402 2631 1491 2693 quam
1516 2623 1601 2676 ante-

294 2711 476 2795 paenultima
491 2713 502 2772 i
518 2710 629 2793 ubique
650 2719 805 2792 correpta;
829 2713 884 2774 alia
906 2714 938 2774 in
960 2715 1011 2786 sia,
1036 2722 1068 2776 ut
1089 2731 1256 2776 conuersus
1277 2719 1422 2778 conumci
1441 2717 1601 2778 conuersis

295 2825 326 2879 et
350 2823 562 2878 controuersiis
588 2817 778 2877 controuerri
804 2819 1021 2879 controuersia.
1070 2815 1144 2909 ltem
1178 2817 1304 2897 ignauus
1337 2819 1440 2897 ignaui
1467 2819 1600 2896 ignauia,

295 2919 418 2982 colonus
453 2916 552 2980 coloni
586 2917 718 2988 colonia,
751 2915 866 2979 Tuscus
894 2918 983 2980 'lusci
1011 2918 1133 2989 Tuscia,
1168 2919 1299 2981 Graecus
1330 2919 1438 2981 Graeci
1460 2919 1600 2988 Graecia,

296 3022 385 3086 ltalus
413 3019 478 3082 ltali
505 3019 603 3096 ltalia,
633 3019 734 3084 Gallus
762 3019 837 3082 Galli
864 3019 971 3090 Gallia,
1001 3021 1149 3101 llispanus
1171 3023 1304 3098 Hispani
1324 3019 1475 3103 llispania.
1523 3021 1598 3082 ltem

294 3124 435 3208 prudenti
456 3121 467 3206 ΙΙ
484 3123 504 3184 i.
521 3119 579 3184 82·
594 3117 608 3206 ΙΙ
628 3122 799 3202 prudentia,
828 3123 956 3203 sapienti
978 3124 1138 3202 sapientia,
1168 3123 1357 3184 misericordi
1378 3124 1599 3191 misericordia,

295 3229 384 3291 inerti
411 3226 534 3295 inertia,
562 3225 645 3305 inopi
671 3225 788 3304 iuopia,
817 3225 862 3285 ius
889 3225 964 3286 iuris
989 3225 1048 3286 iuri
1070 3225 1141 3286 inde
1162 3225 1283 3295 iniuria,
1313 3228 1387 3288 casti
1410 3227 1598 3292 castimonia,

296 3349 366 3393 acer·
388 3328 450 3392 acri
471 3327 634 3390 acrimonia
655 3327 666 3386 i
687 3324 867 3406 paenultima
890 3343 1009 3407 semper
1030 3336 1180 3408 correpta.
1225 3327 1288 3389 Alia
1310 3331 1342 3389 in
1365 3329 1405 3390 tio
1429 3329 1476 3390 uel
1498 3331 1533 3390 in
1556 3330 1599 3389 sio

296 3432 456 3495 dlrluatiua
488 3435 559 3491 sunt
590 3426 690 3489 addita
717 3444 735 3486 o
763 3436 901 3510 correpta
933 3430 1073 3509 genetiuo
1100 3427 1258 3509 singulari,
1293 3432 1350 3492 sic:
1386 3432 1462 3492 orati
1489 3433 1598 3498 oratio,

296 3535 400 3598 muniti
425 3532 567 3600 munitio,
593 3528 663 3590 lecti
685 3528 781 3592 lectio.
827 3531 899 3592 ltem
924 3531 1236 3603 contessiconlessio,
1260 3533 1343 3594 missi
1365 3535 1483 3604 missio,
1508 3533 1634 3595 diuisis»

297 3637 418 3707 dlaislo,
447 3635 516 3696 nexi
538 3633 642 3708 nexio,
672 3633 683 3692 i
705 3632 885 3711 paenultima
907 3651 1026 3714 semper
1049 3641 1200 3714 correpta;
1229 3633 1285 3696 alia
1308 3637 1339 3696 in
1362 3636 1419 3697 edo
1442 3639 1527 3698 etin
1549 3634 1599 3696 ido

298 3747 328 3800 et
342 3740 373 3800 ln
388 3737 447 3799 udo
462 3735 610 3807 desinunt,
634 3743 666 3795 ut
688 3737 766 3796 acris
787 3735 906 3806 acredo,
930 3734 1026 3798 dulcis
1048 3735 1182 3808 dulcedo,
1206 3739 1370 3820 intercapio
1392 3737 1598 3819 intercapedo,

298 3850 403 3921 torpeo
426 3838 560 3921 torpedo,
577 3837 791 3918 epaenultima
806 3837 959 3916 producta.
1003 3837 1077 3899 ltem
1100 3841 1131 3899 in
1153 3841 1211 3911 ido,
1234 3849 1267 3900 ut
1288 3839 1362 3901 libet
1383 3840 1485 3912 libido,
1509 3841 1598 3920 cupio

297 3941 422 4024 cupido,
445 3941 517 4004 item
541 3939 669 4002 lormido
692 3940 836 4003 formidas
858 3939 986 4002 lormido
1008 3941 1184 4013 lormidinis,
1207 3942 1388 4023 paenultima
1409 3943 1558 4023 producta
1580 3943 1598 4000 i.

296 4045 371 4110 ltem
392 4046 423 4105 in
445 4041 518 4105 tudo
540 4042 698 4104 diriuatiua
722 4045 841 4106 nomina
865 4045 1071 4114 terminantur,
1097 4052 1276 4123 utmagnus
1298 4047 1397 4124 magni
1413 4043 1595 4123 magnitudo,
1609 4061 1632 4100 aa

366 4267 458 4320 litius
476 4265 615 4330 designant
666 4229 797 4314 edueatidd
815 4265 1007 4316 comentaticius
1076 4266 1256 4317 itribuuitius
1325 4267 1455 4318 anterus
1523 4268 1596 4316 iiu-

298 4339 368 4390 uidlo
420 4335 501 4386 lerlrio
520 4333 633 4383 lerlridus
651 4331 749 4400 lerigeo
818 4335 944 4399 dopumo
995 4335 1055 4384 erbe
1073 4335 1180 4384 erbosus
1232 4336 1413 4400 Speultimam
1470 4335 1595 4400 iuigilio

332 4405 444 4474 pugillor
505 4405 535 4452 ll
554 4402 634 4450 meeis
652 4416 736 4452 macer
753 4402 827 4467 equis
845 4414 963 4465 equester
1019 4404 1050 4454 12
1069 4402 1169 4452 cnlxcar
1186 4404 1212 4452 iu
1231 4404 1279 4452 edo
1296 4419 1370 4454 cesar
1439 4406 1470 4454 1³
1488 4404 1596 4454 amabor

299 4479 331 4528 li
349 4476 461 4526 οιιιίιιιιιι
496 4471 605 4520 obtimae
658 4473 691 4522 ld
708 4481 824 4536 correpta
855 4485 919 4534 equs
972 4473 1004 4522 ld
1021 4485 1083 4520 acus
1101 4473 1168 4521 acies
1187 4472 1260 4537 sepio
1279 4485 1355 4538 sepes
1374 4481 1477 4522 sternar
1495 4477 1594 4536 st'ages

297 4549 368 4594 enno
437 4543 469 4592 lt
487 4539 544 4590 lena
595 4552 653 4602 coq;
723 4540 755 4590 18
773 4540 798 4588 in
817 4539 875 4599 ella]
893 4539 920 4588 in
937 4539 995 4590 loco
1045 4549 1135 4589 cantus
1187 4540 1212 4589 in
1232 4536 1291 4607 ura]
1308 4555 1367 4592 mus
1385 4557 1401 4590 ι
1458 4541 1490 4590 ta
1508 4539 1595 4590 censio

297 4615 332 4664 ill
349 4611 429 4661 durus
446 4610 524 4674 dore,
542 4623 612 4660 eurr.
631 4611 695 4658 duro
741 4608 849 4658 durities
901 4609 933 4658 at
952 4607 1077 4674 pudicicie
1093 4607 1172 4658 letitia
1223 4609 1329 4659 misticis
1375 4610 1479 4674 signius
1526 4621 1594 4658 anre-

298 4679 438 4746 penultima
455 4679 559 4740 ubique,
577 4677 648 4727 onni
699 4677 732 4726 22
750 4679 867 4728 conuersi
887 4692 933 4730 om.
1003 4677 1036 4726 23
1053 4688 1234 4725 controuersus
1253 4681 1414 4728 controuerni
1430 4693 1478 4731 om.
1495 4687 1594 4726 conua-

299 4747 384 4798 nersin
452 4745 561 4812 ignatus
579 4743 668 4808 ignabi
685 4744 790 4810 ignobi·
866 4747 900 4794 24
917 4745 996 4795 tuscia
1064 4757 1159 4810 gregus
1178 4746 1248 4810 greci
1265 4747 1346 4812 gretia
1431 4747 1465 4796 ‘25
1483 4759 1594 4810 espanes

298 4815 406 4882 espault
472 4813 506 4863 28
523 4812 704 4878 peueuitirnam
773 4823 915 4878 correptam
984 4814 1017 4862 30
1035 4810 1112 4860 leucio
1183 4815 1241 4862 misi
1260 4815 1335 4864 minio
1404 4817 1437 4864 32
1457 4825 1483 4862 ιιι
1500 4817 1552 4863 cris

298 4886 444 4948 intercapeo
461 4878 620 4945 intercapido
