3352 5556
677 1220 774 1302 -V.

101 1432 164 1516 DE
185 1433 422 1518 POMPEH
450 1435 520 1518 ΕΤ
547 1435 849 1519 CONSENTII
871 1432 1377 1518 GRAMMATIOORVM

576 1587 890 1672 EXCERPTIS.

665 1978 746 2046 Cos.
774 1978 801 2048 1.

599 2113 869 2182 POMPfflANA.

173 2272 312 2352 Pompeii
336 2271 532 2349 prommatici
564 2277 633 2335 olim
660 2291 742 2335 0000
772 2280 847 2332 toto
873 2290 893 2332 0
920 2274 974 2333 Fr.
1004 2271 1214 2333 Lindemanuo
1231 2269 1376 2350 primam,

100 2375 199 2436 00000
218 2377 258 2438 ab
273 2377 313 2436 ΙΙ.
330 2374 433 2438 Keilio
456 2383 527 2436 ante
548 2373 702 2437 biennium
724 2375 832 2437 ilerum
854 2374 930 2436 editi
949 2391 1128 2450 quamquam
1149 2372 1224 2435 satis
1244 2371 1331 2436 mulli
1351 2381 1380 2434 et

25 2529 26 2532 ,
97 2475 259 2550 pemetasti
279 2488 443 2555 supersunt
464 2476 598 2549 colmes,
626 2495 751 2553 quonum
772 2475 893 2539 Keilius
912 2477 1127 2553 occumbat.
1151 2479 1211 2539 uol.
1235 2479 1261 2538 V
1280 2494 1311 2553 p.
1329 2482 1377 2550 88,

25 2573 26 2576 ’
103 2586 142 2645 st,
164 2587 202 2638 87
230 2598 292 2656 sep.
317 2580 402 2641 dedit
428 2587 635 2657 conspectant,
664 2578 851 2642 laurencius
878 2577 953 2640 libri
977 2580 1071 2640 uerba
1098 2577 1274 2655 saepissime
1303 2579 1380 2639 adeo

99 2689 238 2758 corrupta
258 2691 341 2756 sunt,
365 2689 399 2743 ut
418 2700 522 2744 eorum
543 2686 663 2759 saltem,
688 2700 761 2757 qnos
782 2679 902 2744 Kes'lius
923 2679 1076 2754 adhibuit,
1101 2680 1239 2743 codicum
1259 2677 1381 2742 aemilio

97 2784 181 2857 ptam
201 2782 412 2846 destituamur.
456 2787 598 2846 Fortasse
619 2782 646 2846 si
667 2783 718 2846 uir
734 2782 1016 2861 praestantissimus
1036 2781 1145 2844 celeris
1159 2800 1284 2860 quaque,
1308 2799 1381 2858 quos

100 2887 297 2946 tautummodo
322 2884 505 2954 nominauit,
533 2884 621 2948 libris
647 2894 723 2947 esset
749 2905 831 2961 usus,
860 2889 918 2946 elsi
943 2888 987 2946 ad
1012 2903 1103 2946 unum
1126 2903 1226 2946 ornnes
1246 2883 1310 2945 illis
1331 2899 1379 2943 re·

99 2985 239 3048 lentiores
261 3005 323 3059 esse
344 2987 501 3065 uidentur,
530 2990 677 3049 nonnulla
704 2987 895 3050 correctiora
921 2985 1062 3049 exbiberi
1081 2990 1261 3064 potuissent,
1284 3003 1379 3062 prae·

100 3087 191 3149 sertim
220 3107 288 3150 000
315 3089 461 3151 librarios
478 3093 629 3168 permdto
656 3107 708 3150 suo
735 3089 865 3152 arbitria
892 3097 1022 3152 mutasse
1046 3088 1196 3165 librosque
1214 3085 1380 3164 plurimum

25 3211 26 3220 ¹
101 3188 174 3250 inter
194 3209 227 3251 se
249 3189 411 3252 dissentire
436 3191 502 3268 ipse
523 3210 558 3268 p.
583 3199 623 3252 84
651 3190 859 3253 intellexisset.
904 3192 1007 3266 Neque
1035 3209 1109 3253 uero
1138 3189 1248 3265 uepari
1272 3196 1377 3267 polest,

102 3291 183 3352 Keilii
214 3291 377 3354 editionem
404 3291 670 3355 Lindemannianu
703 3296 794 3354 multo
826 3292 1041 3355 correctiorem
1073 3311 1149 3370 esse,
1183 3289 1296 3369 quippe
1327 3289 1381 3367 qui

97 3393 230 3468 pluribus
252 3393 408 3456 codicibus
435 3394 531 3470 iisque
559 3395 734 3458 accuratius
762 3413 832 3457 usus
852 3399 901 3456 sit.
946 3396 1007 3456 Sed
1028 3403 1060 3456 ut
1083 3398 1121 3456 de
1142 3393 1186 3456 eis
1207 3392 1296 3455 libris
1316 3411 1379 3453 mo-

101 3495 272 3572 naseriptis,
303 3496 356 3572 qui
382 3515 443 3558 uno
469 3505 574 3558 tenore
601 3497 739 3575 Pompeii
766 3505 931 3559 tractatum
958 3496 1126 3565 continent,
1156 3505 1288 3568 taceam,
1319 3513 1379 3556 000

102 3597 243 3660 assentior
265 3597 375 3674 Keilio,
400 3601 481 3676 qnod
500 3617 530 3676 p.
548 3607 587 3658 88
608 3599 754 3660 librorum
777 3602 815 3660 de
835 3599 1040 3675 prummotico
1061 3607 1129 3660 arte
1148 3599 1254 3672 infimo
1282 3605 1382 3658 aetate

101 3714 133 3758 00
154 3699 254 3760 uariis
275 3699 462 3775 auctoribus,
493 3717 618 3777 quomam
646 3701 678 3761 in
706 3719 829 3762 numero
852 3701 1014 3778 Pompeius
1039 3699 1214 3778 saepissime
1235 3698 1379 3772 occurrit,

25 3821 26 3860 l
101 3803 281 3863 eobeclorum
309 3805 422 3864 nullam
450 3805 493 3864 od
515 3803 687 3880 Pompeium
708 3805 928 3865 emendandum
955 3802 1117 3866 utilitatem
1144 3801 1268 3880 percipi
1292 3817 1382 3878 posse

25 3885 26 3918 ³
103 3902 231 3965 auersa.
279 3904 345 3976 Qua
372 3909 403 3965 iu
426 3923 461 3965 re
482 3903 579 3968 cerlis‘
596 3904 783 3980 urpumealis
804 3907 1023 3983 comprobando
1049 3920 1108 3966 oon
1135 3921 1244 3966 uerear
1271 3921 1309 3964 ne
1335 3901 1382 3965 ui-

103 4002 167 4066 nius
183 4003 286 4079 fuisse
305 4005 437 4082 iudicer,
461 4005 604 4084 quoniam
620 4006 793 4085 Pompeius,
818 4005 874 4068 etsi
896 4006 1053 4068 tritissima
1074 4024 1166 4082 saepe
1186 4015 1277 4082 alque
1297 4003 1381 4066 uilis-

102 4105 169 4165 sima
189 4107 357 4183 traclauil,
386 4115 485 4170 tomen
513 4112 556 4170 ad
577 4107 752 4185 antiquiora
773 4107 868 4170 medii
889 4113 960 4171 aeui
979 4117 1117 4184 tempora
1139 4118 1168 4170 el
1188 4110 1224 4171 ob
1245 4109 1380 4170 codicum

25 4263 26 4288 ἶ
104 4215 266 4270 volutatem
288 4215 318 4270 et
339 4211 375 4271 ob
396 4209 567 4272 doctrinam
588 4208 622 4271 in
643 4214 816 4272 uniuersam
838 4213 923 4272 baud
943 4212 1102 4287 00100000
1116 4213 1220 4274 merito
1234 4209 1380 4283 refertur.

25 4379 26 4384 ἵ
176 4312 356 4372 Clementi
375 4310 473 4388 ipilur
494 4313 618 4388 Scato,
648 4317 712 4389 qui
737 4317 848 4388 unlpo
875 4312 1039 4388 dicitur,
1072 4315 1150 4374 cod.
1180 4313 1288 4372 Bern.
1314 4315 1383 4369 lto

102 4409 125 4479 s.
146 4419 256 4488 1-31,
285 4413 319 4474 in
342 4415 535 4492 excerpendo
557 4414 697 4493 Pompeio
718 4418 853 4476 meliores
874 4414 949 4476 libri
970 4423 1098 4492 praesto
1120 4415 1264 4490 suerunt,
1292 4429 1381 4488 0000

105 4511 182 4574 bodie
201 4522 321 4576 extant.
366 4518 433 4578 Iam
454 4523 486 4578 at
505 4520 687 4578 luculentum
696 4535 870 4595 proponam
885 4525 1113 4593 orpumenlum,
1136 4536 1168 4593 p.
1187 4521 1380 4591 132,15seq.

25 4623 26 4696 i
106 4619 178 4688 opud
197 4615 331 4680 llei‘lium
352 4619 428 4680 boec
448 4617 675 4698 corruptissime
695 4622 850 4697 lepuntur:

178 4727 222 4778 est
244 4720 330 4780 eliam
360 4720 565 4801 apostrophos.
590 4743 605 4780 0
633 4720 710 4800 apud
734 4720 852 4784 Latinos
879 4737 937 4782 non
967 4719 1053 4782 bacile
1079 4721 1109 4780 in
1139 4719 1307 4782 nominibus
1335 4721 1379 4780 in-

25 4807 27 4868 l
108 4818 221 4889 annitar,
251 4821 305 4882 nisi
328 4838 415 4898 quem
438 4821 474 4883 ad
497 4822 615 4884 modum
639 4824 814 4886 remanserit
836 4823 866 4884 in
889 4821 1059 4884 nominibus
1080 4821 1138 4884 hoc
1159 4823 1236 4904 apud
1261 4823 1381 4884 Latinos
