3352 5556
496 329 571 382 CVM
589 330 796 384 excuseris
814 334 986 386 INKDI'I'IS.

96 517 131 578 lia
154 517 205 579 ubi
230 536 288 579 non
311 518 463 598 liquescat.
482 560 487 570 -

217 605 301 666 Cum
325 602 489 666 suadens
512 603 666 667 coluber
689 609 851 686 proiecti
872 606 916 668 ab
939 625 1004 670 ore
1027 625 1218 671 uenenum.

16 723 17 750 ι
96 688 129 748 lia
152 687 204 750 ubi
229 707 247 750 n
271 689 420 770 liquescat.
1279 745 1282 754 .

216 773 478 855 Piscosamque
501 775 641 835 Cnidon
671 775 940 857 grauidamque
962 779 1188 840 Amathunta
1218 782 1379 843 metallo.

16 879 17 882 ¹
74 857 145 924 ,abed
168 869 242 938 aput
264 862 396 921 Graecos
418 860 490 920 baec
512 858 656 939 liquescit,
682 878 741 923 non
763 869 835 940 aput
857 881 921 924 nos.
966 861 1006 922 [la
1031 863 1080 924 ubi
1103 882 1162 924 non
1185 863 1331 942 liquescit.

216 944 311 1005 llaec
334 953 497 1006 monstra
521 945 682 1008 incertis
705 954 847 1008 mutent
869 948 942 1008 sibi
965 956 1133 1028 tempora
1157 948 1258 1011 latis.

95 1029 128 1088 lta
151 1028 203 1089 ubi
225 1049 241 1090 r
261 1029 414 1110 liquescat.
814 1053 817 1061 ·

215 1113 388 1176 Christus
410 1123 490 1176 erat
510 1117 628 1195 panis,
654 1114 827 1179 Christus
849 1126 972 1196 petra,
1003 1119 1177 1181 Christus
1198 1121 1234 1182 in
1258 1121 1378 1183 undis.

95 1198 129 1258 lla
149 1198 200 1260 ubi
224 1217 283 1261 non
305 1199 456 1278 liquescat.

66 1311 83 1347 u
213 1284 375 1346 floscida
398 1303 611 1366 purpureos
633 1304 766 1347 aaarora
790 1287 1012 1349 ostenderat
1034 1296 1149 1350 ortus.

170 1455 214 1516 lla
236 1453 288 1515 nbi
310 1457 494 1537 superposita
519 1455 664 1535 liquescat
686 1457 738 1529 (sc.
759 1475 774 1516 s
794 1461 921 1535 littera).

16 1585 17 1622 ρ
214 1539 395 1602 Omnibus
417 1541 620 1603 sufiiciunt
642 1544 781 1604 sacrati
803 1544 992 1605 commoda
1015 1542 1112 1606 iisci.

93 1623 127 1684 lia
151 1623 201 1686 ubi
223 1623 386 1707 subposita.

214 1706 314 1780 Quae
337 1719 469 1791 potero
492 1719 653 1790 tangam,
677 1719 716 1773 tu
738 1711 828 1774 mibi
851 1712 956 1791 leges
978 1722 1074 1775 tene.

16 1927 17 1938 .
67 1922 82 1958 :s
170 1898 213 1959 Kx
237 1897 283 1958 his
306 1899 361 1972 (sc.
385 1899 423 1958 de
443 1901 545 1975 mutis)
568 1917 770 1979 superuacuae
792 1897 1011 1980 quibusdam
1034 1899 1174 1962 uidentur
1196 1902 1332 1981 inperitis
1355 1903 1374 1965 k

93 1993 119 2041 et
138 2003 164 2063 q.
206 1982 306 2060 Quare
328 1983 466 2044 dicuntur
487 1986 708 2064 superuacuae?
752 1985 809 2054 Eu,
832 1985 909 2064 quod
933 2003 988 2046 nec
1011 1983 1048 2046 ab
1071 2007 1087 2047 e
1109 1985 1205 2048 uocaii
1227 1987 1376 2059 inchoent.

93 2069 162 2128 sicut
183 2067 387 2138 semiuocales,
412 2086 467 2128 nec
489 2069 520 2129 in
543 2087 559 2128 e
582 2069 679 2130 uocali
701 2068 854 2138 desinunt,
883 2072 959 2132 sicut
981 2079 1094 2138 mutae,
1124 2080 1154 2132 et
1181 2073 1247 2150 quia
1275 2074 1305 2133 in
1329 2092 1376 2135 ca-

93 2151 228 2213 lumniam
253 2154 385 2214 ueniunt
429 2152 583 2225 Quomodo
607 2156 728 2216 ueniunt
750 2157 779 2216 in
804 2155 999 2218 calumniam?
1043 2153 1116 2224 Quia
1145 2164 1175 2217 ct
1195 2157 1291 2237 prok
1320 2177 1374 2239 po·

93 2237 165 2298 nitur
194 2258 211 2299 c
240 2247 271 2299 et
292 2257 346 2318 pro
369 2255 389 2316 q
411 2237 561 2308 similiter:
591 2249 620 2300 et
647 2259 700 2320 pro
724 2257 743 2318 q
771 2241 891 2318 ponitur
919 2248 987 2301 cet
1009 2259 1064 2321 pro
1087 2240 1120 2311 lr,
1150 2243 1201 2319 qui
1229 2244 1374 2314 nesciunt,

65 2325 222 2401 aquotiens
245 2343 262 2384 a
284 2325 429 2402 sequitur,
460 2323 478 2383 Ιι
506 2323 633 2386 litteram
662 2325 902 2405 praeponendam
933 2345 1012 2394 esse,
1042 2328 1179 2408 quotiens
1207 2345 1241 2396 u,
1270 2345 1324 2406 per
1346 2347 1374 2408 q.

93 2424 143 2467 non
166 2427 221 2489 per
245 2406 478 2470 cscribendum.
524 2408 695 2478 Ouomodoi
717 2408 821 2471 Multi
844 2411 965 2490 inperiti
987 2409 1133 2481 dicebant,
1157 2414 1375 2490 quotienscum-

16 2539 17 2546 .
93 2511 141 2571 que
162 2513 177 2555 a
202 2493 360 2555 subsecuta
382 2494 498 2568 luisset,
528 2501 560 2553 ut
589 2501 658 2574 puta
681 2495 805 2574 ‘caput'
829 2498 958 2557 ‘castus'
987 2497 1165 2565 ‘caminus’,
1194 2515 1253 2558 uon
1284 2517 1376 2578 perc

16 2587 17 2592 ’
92 2577 276 2647 scriberetur,
299 2580 350 2639 sed
374 2597 427 2658 per
450 2579 477 2648 tr,
508 2579 626 2657 quando
649 2581 749 2660 etqui
772 2580 887 2660 capitali
904 2580 1088 2661 plectebatur
1104 2585 1250 2643 sententia
1266 2585 1376 2663 inipso

92 2662 278 2740 professionis
306 2671 355 2723 aut
383 2662 485 2725 iudicii
514 2664 660 2733 indiculo,
691 2663 708 2724 ir
737 2663 864 2724 litteram
888 2667 993 2727 maiori
1016 2685 1105 2729 manu
1127 2665 1313 2738 scribebant,
1342 2678 1376 2730 ut

65 2771 84 2810 ss
92 2749 135 2826 qui
156 2749 213 2810 boc
236 2748 367 2824 uidisset,
391 2750 471 2829 ipsut
492 2746 615 2810 baberet
635 2750 790 2817 indicium,
814 2749 891 2829 quod
915 2751 1161 2837 capitaliuplexus
1183 2751 1285 2813 luisset
1306 2772 1373 2815 sen·

92 2835 183 2894 tentia.
229 2833 287 2894 Sed
312 2836 502 2903 mentiuntur,
525 2836 592 2913 quia
615 2834 711 2895 solum
733 2832 822 2895 modu
844 2833 994 2896 Kalendae
1017 2844 1046 2896 et
1067 2835 1217 2914 Karthago
1241 2838 1298 2899 erit
1320 2857 1375 2919 per

93 2916 106 2974 l
126 2917 327 2980 scribendum.
365 2919 486 2979 Caetera
510 2937 583 2980 uero
603 2937 658 2998 per
681 2939 711 2988 c;
734 2919 872 2981 similiter
887 2928 916 2980 et
932 2923 1047 2998 quoties
1062 2940 1080 2981 u
1096 2920 1252 2982 subsecuta
1270 2922 1373 2984 luisset

93 3011 117 3062 et
135 3005 317 3082 praepositio
339 3004 430 3064 tuerit
451 3022 536 3065 casus
558 3002 688 3071 ablatiui.
713 3011 838 3083 utputa
860 3006 885 3066 si
903 3005 1013 3066 dicam:
1037 3009 1116 3068 ‘cum
1140 3006 1259 3067 domino
1283 3011 1371 3079 meo’,

93 3202 309 3241 stutntnnlm.

168 3261 363 3318 111uttanm
386 3280 418 3334 ρ.
447 3265 478 3318 9.·
512 3263 546 3318 lla
579 3261 625 3319 ubi
659 3263 832 3338 superposita
866 3262 1007 3338 liquescat.
1057 3261 1198 3321 ‘Omnibus
1232 3263 1373 3323 sufficiunt

16 3345 17 3402 t
92 3356 182 3403 sacrata
204 3347 346 3404 commoda
368 3345 442 3404 fleu!
480 3347 514 3404 lia
534 3349 685 3422 supposita.
724 3346 808 3415 ‘Quae
831 3355 929 3422 potero
952 3357 1061 3420 tangam
1084 3346 1166 3406 tumla
1188 3349 1264 3424 leges
1288 3351 1370 3408 tene’

16 3419 17 3424 ¹
167 3431 206 3490 15
229 3431 363 3488 Iulianus
374 3449 404 3505 p.
421 3436 452 3489 9:
474 3433 512 3488 lix
535 3433 576 3488 bis
598 3449 782 3508 superuacuae
801 3433 929 3489 uidentur
943 3433 1104 3508 quibusdam
1120 3436 1251 3508 imperitis
1267 3435 1283 3490 lr
1300 3445 1327 3492 et
1343 3454 1370 3511 q.

92 3512 170 3580 Onne
183 3517 312 3575 dicuntur
328 3517 532 3591 superuacuae?
568 3514 635 3584 Quia
658 3533 708 3576 neo
730 3517 763 3576 ab
786 3535 800 3574 e
822 3517 911 3576 uocali
933 3518 1073 3592 inchoant,
1096 3520 1168 3576 sicut
1183 3520 1371 3593 semiuooales‚

16 3613 17 3616 ’
93 3616 135 3656 uec
155 3603 181 3658 in
203 3619 219 3659 e
243 3600 330 3658 uocali
360 3602 503 3674 desinunt,
532 3605 603 3660 sicut
630 3611 721 3660 mutae
748 3612 776 3660 et
804 3606 866 3677 quia
895 3605 921 3658 in
949 3604 1108 3660 calumniam
1135 3605 1257 3662 ueniunt.
1299 3604 1372 3673 Quo·

93 3687 179 3742 ιτοιιοῖ
223 3685 291 3754 Quia
313 3696 341 3743 et
363 3704 412 3761 pro
435 3688 451 3744 li
474 3691 586 3762 ponitur
606 3705 621 3746 c
643 3696 671 3744 et
692 3705 743 3762 pro
766 3706 781 3746 c
802 3689 914 3762 ponitur
935 3688 967 3757 lr;
993 3698 1022 3744 et
1043 3707 1093 3762 pro
1117 3707 1134 3764 q
1156 3691 1269 3764 ponitur
1290 3707 1321 3764 c,
1344 3701 1372 3748 et

93 3787 134 3842 ρττ
154 3790 168 3829 c
190 3772 304 3847 ponitur
326 3790 353 3846 q.
396 3771 508 3842 Quidam
531 3773 666 3844 nesciunt,
688 3775 816 3849 quotiens
838 3791 853 3829 a
875 3775 1010 3848 sequitur,
1032 3774 1048 3830 lr
1070 3774 1178 3830 literam
1200 3791 1370 3850 praeponen-

16 3855 17 3860 ’
94 3855 143 3911 dam
169 3873 245 3926 csse3
273 3859 381 3930 quoties
404 3875 438 3929 ιι,
466 3873 515 3932 per
536 3875 570 3931 q,
596 3875 651 3916 nun
676 3875 726 3932 per
748 3857 972 3931 ascribendum,
1002 3860 1136 3934 quomodo
1165 3861 1281 3934 imperiti
1305 3861 1369 3936 (leq.
1474 3893 1475 3897 =

93 3937 241 4006 Quomodo?
263 3941 393 4016 Imperiti)
415 3941 554 4010 dicebant,
577 3951 607 4000 ut
629 3945 757 4017 quotiens
779 3961 794 4000 a
816 3943 960 4000 subsecuta
983 3943 1096 4017 luisset,
1118 3959 1167 4020 per
1190 3962 1205 4001 c
1226 3945 1371 4004 deberetur

93 4027 179 4098 scribi,
206 4031 240 4083 ιιι
261 4027 394 4100 Carthago
417 4029 553 4099 caminus,
581 4028 655 4084 unde
677 4037 705 4084 et
727 4029 774 4102 qui
797 4037 863 4086 tuno
884 4029 991 4102 capitali
1013 4028 1203 4103 plectebantur
1224 4032 1368 4088 sententia.

94 4107 136 4166 Sed
155 4111 289 4170 Kalendae
311 4120 339 4168 et
361 4111 500 4187 Karthago
523 4121 627 4170 tantum
649 4112 783 4171 debentur
804 4130 854 4188 per
876 4113 893 4172 k
916 4113 1008 4171 scribi.
1050 4113 1143 4172 Cetera
1166 4131 1216 4188 per
1239 4132 1261 4172 c.
1298 4113 1369 4183 Quo·

95 4195 153 4252 tiens
174 4215 202 4269 u,
225 4213 275 4272 per
297 4214 325 4271 q,
350 4214 405 4255 non
427 4213 476 4272 per
498 4215 513 4255 c
535 4197 713 4255 scribendum.
758 4196 917 4266 Quomodo?
961 4199 1057 4256 lliount
1078 4199 1177 4274 aliqui:
1201 4201 1328 4273 quotiens
1351 4218 1368 4256 ιι

95 4277 163 4336 luerit
183 4282 346 4354 subsecuta,
372 4298 422 4356 per
444 4300 461 4356 q
483 4281 565 4340 scribi
588 4281 683 4355 debet,
710 4292 741 4340 ut
763 4281 859 4359 ‘quum
881 4284 1005 4341 ueneru'.
1049 4283 1101 4341 Sed
1124 4285 1232 4359 quando
1255 4283 1367 4342 uerbum

95 4365 256 4424 subsecutum
280 4367 376 4440 luerit,
399 4384 448 4442 per
471 4386 488 4443 q
511 4369 564 4425 erit
585 4370 731 4443 scriptum:
752 4369 860 4443 quando
882 4385 981 4426 nomen
1004 4367 1132 4442 abladut,
1154 4385 1248 4443 perc.

96 4559 361 4601 muneremunere
379 4551 429 4601 20⁷
447 4564 595 4602 vianense.

149 4619 278 4684 lqnidnn
329 4629 459 4668 ιιιιιιιιιιιιο
511 4620 590 4670 baed
608 4629 670 4684 aput
687 4619 733 4669 lreo
749 4619 866 4682 liquescit
933 4617 1095 4684 SGhristus]
1115 4620 1265 4686 Seduliiop.
1277 4622 1368 4686 paracl.

95 4681 594 4752 tt.1un.V1p.401Aau.Bess
664 4689 791 4739 lucam.
844 4701 923 4750 quon.
976 4705 1056 4752 qum.
1101 4688 1223 4752 ulrum.
1291 4691 1368 4751 20q,

96 4763 159 4804 ton.
242 4757 274 4806 22
291 4769 307 4804 a
324 4771 370 4806 om
422 4770 500 4805 eom.
568 4758 601 4807 tt
619 4755 635 4805 Ιι
653 4771 699 4808 om.
752 4755 899 4806 flectebatur
966 4757 999 4808 25
1017 4757 1099 4806 ilexrrs
1169 4759 1201 4808 ut
1221 4757 1237 4806 lr
1255 4773 1302 4809 om.
1355 4773 1368 4808 c

97 4833 133 4868 uu.
180 4839 259 4877 uum.
