3308 5542
310 406 383 454 ΜΠ
696 389 745 439 lili
764 387 884 440 LIBRIS
903 387 1213 443 umstuuttrtsissvs

387 601 414 657 p.
439 581 479 640 95
506 579 541 636 lle
563 595 632 637 uoce
654 580 760 654 primus
782 576 851 636 liber
872 585 915 636 est
938 587 967 636 et
986 577 1111 654 partibus
1134 577 1209 650 eius,

504 665 540 722 lie
562 664 628 741 qultl
650 664 728 722 litera
749 663 803 736 sit,
826 662 926 739 quibus
947 670 976 721 et
999 671 1068 738 quot
1089 663 1214 738 partibus
1236 662 1310 720 insit.

505 749 563 806 Vox
585 759 628 806 est
650 756 680 805 nt
702 749 813 820 dicunt,
836 763 882 806 aer
905 749 1084 807 tenuissimus
1106 750 1177 806 lctus

503 836 558 892 Aut
580 834 632 893 hoc
654 832 800 908 sensibile,
822 834 935 910 proprie
957 834 1031 909 quod
1053 833 1169 890 discitur
1190 848 1256 890 aure

504 917 689 977 Articulataue
710 935 765 976 nou
788 935 842 976 uox
865 917 1003 977 literulata
1026 917 1057 976 nt
1079 927 1203 976 autnon

446 1021 451 1029 ·
504 1003 654 1062 articulata
675 1002 707 1061 lit
728 1019 760 1061 er
782 1004 889 1080 animo,
913 1005 1050 1063 contraria
1073 1018 1221 1078 nunquam.

503 1089 577 1159 Quae
600 1089 707 1164 species
730 1088 894 1162 integunt,
916 1089 1072 1147 discrimina
1096 1095 1216 1163 quattmr
1238 1087 1288 1144 bec
1309 1093 1388 1142 sunt:

503 1174 719 1234 commiscentur
741 1175 813 1231 enim
833 1172 991 1232 discrimina
1011 1173 1074 1230 bina
1097 1173 1220 1232 uicissim

504 1260 539 1317 Vt
561 1260 613 1316 dux
636 1250 761 1332 a⁰tluco,
784 1275 838 1316 nor
860 1259 961 1316 dicitur
983 1276 998 1316 a
1021 1275 1092 1316 uoco
1114 1257 1202 1316 uerbo

504 1343 568 1402 Siue
590 1343 645 1402 boo
667 1361 768 1418 greco,
791 1343 876 1402 reboo
898 1346 1073 1419 componitur
1095 1361 1127 1401 eu
1149 1360 1214 1419 quo.

504 1430 608 1488 Littera
630 1430 799 1504 compositae
822 1430 899 1486 uocis
921 1428 1002 1487 datur
1024 1429 1149 1486 athomus
1173 1445 1235 1484 esse

504 1514 538 1571 Vt
560 1523 638 1572 caute
661 1515 761 1572 alicam:
785 1530 855 1589 quae
876 1514 1008 1572 scribitur
1029 1513 1118 1587 illius,
1141 1515 1268 1587 inquam,

503 1599 532 1656 ln
554 1608 747 1658 constructura
767 1600 845 1658 uocls
868 1599 931 1674 qula
954 1598 992 1656 nil
1014 1599 1103 1657 minus
1127 1599 1186 1673 ipsa
1208 1605 1261 1654 eto.

391 1717 503 1778 Desinit
522 1716 599 1778 iiber
615 1717 788 1792 primasio
809 1716 863 1776 luas
884 1731 1007 1777 aeream:

304 1839 332 1896 V.
358 1837 419 1897 376
505 1837 628 1895 Nominis
650 1839 677 1894 iu
701 1836 753 1895 line
777 1844 852 1895 tenet
875 1837 899 1893 ll
920 1839 998 1910 prior
1019 1837 1037 1894 S
1059 1836 1117 1894 loca
1140 1843 1223 1892 mute.

505 1921 626 1996 Namque
648 1921 728 1997 peri
751 1923 868 1979 medium
892 1923 1010 1980 formare
1033 1923 1104 1978 solet
1126 1921 1291 1995 genitiuum:

505 2007 550 2064 Sic
571 2007 604 2064 ab
628 2009 713 2064 hiems
735 2007 849 2080 hiemis,
873 2005 949 2064 uelut
970 2023 1002 2063 er
1025 2007 1091 2064 urbs
1114 2007 1236 2066 nascitur
1258 2005 1342 2064 urbis.

325 2096 332 2108 '
385 2125 473 2186 niort
492 2123 530 2185 11
551 2125 667 2185 inertum
689 2123 746 2184 noc
768 2130 812 2184 ea
827 2140 862 2200 p.
886 2129 940 2184 oe:

302 2243 408 2322 (rubr.)
506 2245 640 2302 Hactenus
663 2246 728 2302 baec
751 2244 855 2319 primus
878 2243 948 2301 liber
970 2243 1081 2316 edocet,
1104 2245 1166 2300 intle
1188 2243 1339 2314 secundus,

504 2331 607 2388 Littera
630 2329 766 2388 litterulas
789 2328 834 2386 ubl
857 2345 928 2401 nun,
952 2328 998 2385 ubi
1022 2338 1157 2396 trauseat,
1181 2332 1207 2385 in
1230 2345 1297 2404 quus

503 2415 561 2484 Que
583 2415 619 2471 sit
641 2416 770 2489 coguatio
793 2431 844 2472 sua
867 2413 911 2472 uel
934 2417 995 2488 quis
1017 2413 1128 2471 cuilibet
1152 2415 1228 2470 ordo.

503 2669 606 2727 Littera
629 2669 681 2726 lert
703 2669 810 2744 species
832 2668 942 2727 uocales
965 2675 1181 2726 couresonantes
1202 2667 1251 2742 (an
1273 2685 1380 2742 conque
1403 2669 1565 2744 sonantesi)

505 2753 560 2812 Sub
582 2753 721 2812 conalibus
744 2753 811 2826 bae,
834 2771 903 2828 quae
925 2761 990 2810 sunt
1012 2753 1165 2829 longaeque
1188 2753 1343 2829 breuesque

503 2839 559 2897 Sub
582 2837 784 2898 remanentibus
807 2840 875 2910 hae,
898 2855 968 2914 quae
990 2849 1055 2896 sunt
1077 2839 1226 2913 simplaeue
1247 2837 1382 2915 duplneue

504 2929 556 2982 Aut
578 2927 713 3002 aspiratae
737 2924 781 2982 nel
804 2941 858 2982 uon
881 2925 976 2982 harum
998 2924 1158 2999 mediaeque
1181 2933 1234 2982 etc.

347 3087 350 3096 .
390 3043 494 3103 Vltimi
513 3057 619 3104 mersus
640 3040 675 3102 lai
693 3049 781 3102 sunt:

300 3165 328 3220 V.
351 3163 413 3222 409
500 3163 533 3220 Vt
555 3163 628 3221 nubo
652 3165 748 3239 nupsi,
771 3166 875 3238 pariter
897 3161 986 3220 scribo
1010 3179 1120 3238 quoque
1143 3163 1240 3236 scripsi

503 3249 600 3324 litque
622 3251 683 3306 soni
704 3266 801 3316 causa,
824 3249 893 3306 nolit
915 3247 979 3305 licet
1000 3247 1133 3320 analogia.
1185 3298 1187 3303 .

384 3363 470 3426 trost
491 3363 577 3426 tertc'i
596 3365 637 3426 in.
658 3383 689 3441 p.
715 3371 785 3432 103:

501 3486 574 3556 Quae
596 3485 678 3544 scribi
701 3487 775 3561 potis
797 3495 855 3558 est,
878 3494 908 3542 ut
929 3486 1045 3558 dicitur,
1068 3484 1170 3560 syllaba
1193 3503 1247 3542 uox
1269 3495 1327 3557 est,

502 3572 560 3631 llou
584 3572 757 3630 intermissus
779 3573 822 3630 cui
845 3573 959 3646 spiritus
982 3581 1010 3628 et
1034 3579 1113 3628 tenor
1135 3587 1205 3628 unus
1228 3579 1280 3628 etc.

299 3696 390 3764 utque
408 3692 479 3764 finis
501 3691 633 3750 mundent
650 3705 686 3765 p.
713 3695 785 3749 ton:

361 3811 389 3867 V.
414 3811 475 3870 216
498 3811 525 3868 Si
548 3827 631 3883 rogo:
655 3808 732 3885 ‘quial
755 3827 888 3867 summurn
912 3810 949 3866 sit
972 3810 1051 3882 ultn'‚
1075 3809 1120 3868 tint
1143 3811 1204 3883 quis
1227 3809 1408 3867 ‘tronestumt
1459 3829 1465 3844 ¹

459 3969 463 3976 ι
500 3895 568 3953 licce
592 3896 622 3952 lut
644 3911 675 3950 ea
698 3911 754 3952 uno
778 3896 913 3953 sententia
936 3912 1058 3970 congrua
1081 3895 1177 3952 uerbo.

904 3980 988 4038 linis.

383 4097 447 4158 Hoc
468 4095 564 4171 ipitar
584 4112 708 4157 carmen
731 4099 810 4156 mitte
832 4097 991 4172 decemque
1013 4113 1151 4158 amanam
1172 4097 1360 4158 Venerabilis
1382 4097 1475 4157 Pater
1491 4097 1605 4158 Gallus

300 4199 444 4262 Moreit'us
469 4198 683 4276 einsidlensis,
717 4201 804 4260 cuias
835 4197 988 4260 amicitiae
1015 4201 1211 4274 speciminnm
1244 4215 1338 4274 supra
1372 4183 1604 4274 propanitornm

296 4303 479 4379 npupraplta
509 4301 616 4370 debeo,
644 4305 725 4361 reete
751 4302 828 4362 uidit
854 4301 1011 4362 Prisciani
1034 4307 1204 4377 praecepta
1231 4300 1262 4361 in
1289 4307 1408 4362 tantiam
1434 4303 1534 4375 sequi,
1566 4311 1606 4362 nt

296 4405 364 4478 ipsa
383 4405 560 4480 plerumque
581 4403 735 4462 Prisciani
756 4401 849 4463 uerba
870 4418 1019 4479 expressa
1041 4405 1110 4464 siret.

380 4504 516 4579 Denique
540 4505 600 4565 bue
627 4503 748 4578 referas
773 4504 841 4566 eod.
866 4505 949 4564 Eine.
978 4511 1031 4564 172
1052 4514 1218 4565 commenta
1240 4506 1270 4566 in
1294 4505 1443 4565 Donati
1463 4514 1544 4564 artes
1568 4513 1604 4568 et

296 4607 529 4675 barbarismum,
553 4623 632 4680 puae
645 4607 733 4667 baias
746 4606 819 4667 libri
834 4624 868 4682 p.
889 4613 945 4665 202
958 4625 981 4666 a.
998 4605 1156 4668 edidimus.
1170 4607 1229 4681 (es.
1244 4625 1340 4682 snpra
1361 4625 1392 4683 p.
1409 4606 1506 4666 Jtttl
1515 4613 1602 4683 not.)

296 4717 325 4767 et
349 4707 521 4768 Terentii
541 4714 706 4768 tractatum
729 4709 1011 4770 contemmere
1030 4726 1061 4784 p.
1082 4717 1154 4782 etto,
1177 4710 1215 4769 ele
1236 4726 1295 4784 pato
1314 4707 1420 4785 praef.
1438 4706 1539 4784 partis
1562 4711 1608 4770 II

295 4825 366 4884 cap.
390 4809 441 4868 XI
460 4826 589 4882 apernere.
