3352 5556
237 395 287 447 DE
305 392 446 448 IVLIANl
464 393 651 447 'ronanam
669 391 901 447 GRAMMATICI
919 391 1122 446 excaeptis
1140 392 1239 446 INED.
1322 405 1387 456 ccv

101 587 167 646 naec
187 589 313 662 insuper
334 594 487 664 secuntur,
510 603 588 662 quoe
610 585 696 662 optcd
714 585 929 661 tuttonomqr.
948 579 1168 663 creonam.)
1190 583 1389 644 antecedunt:

102 687 203 747 :lomen
227 705 319 767 quare
347 686 478 748 diotumi
522 691 545 748 Α
573 689 723 748 notamine
754 704 789 746 eo
817 684 896 766 quod
925 702 974 745 res
1004 693 1092 745 notas
1120 684 1206 745 iaciat
1233 684 1281 744 uel
1309 683 1387 763 quod

101 792 224 849 notitiam
252 787 409 851 cuiuslibet
437 791 482 849 rei
512 788 598 850 nobis
625 789 764 848 insinuet.
810 787 985 859 Quomodoi
1030 785 1103 847 Puta
1132 788 1157 846 si
1185 785 1302 847 uideam
1334 785 1388 845 lio-

19 941 20 950 .
102 891 199 952 minem
223 891 406 970 incognitum
429 890 565 951 similiter
588 899 618 951 et
640 891 796 971 psittacum
821 887 1002 969 (siptacum),
1034 888 1071 950 de
1100 889 1222 949 nomine
1251 888 1389 948 eiusnon

19 989 20 1052 f
101 997 282 1072 interrogem.
329 993 421 1062 Vadit,
446 992 498 1054 sed
523 993 565 1069 (se
587 993 666 1068 cod.)
690 993 771 1053 uenit
793 993 858 1070 quis
881 1002 910 1051 et
933 990 1005 1051 dicit
1028 989 1118 1051 milri:
1143 991 1221 1050 ‘Scis
1238 989 1387 1050 lrominem

102 1094 204 1155 iliumi'
250 1095 338 1156 Dico:
369 1097 437 1173 ‘ego
459 1097 583 1165 nescio’,
607 1112 674 1155 cum
702 1095 762 1154 iam
790 1112 858 1154 eum
889 1093 1029 1154 uidissem
1057 1102 1086 1153 ot
1114 1111 1181 1153 cum
1210 1109 1245 1152 eo
1273 1089 1390 1152 loeutus

19 1209 20 1274 t
104 1195 224 1264 fuissem,
248 1196 301 1259 sod
324 1197 393 1276 quia
416 1182 596 1257 denomino
620 1198 684 1258 eius
707 1213 768 1255 non
796 1195 995 1274 interrogaui,
1013 1195 1092 1255 -ideo
1122 1213 1177 1255 nec
1207 1193 1301 1272 ligura
1323 1210 1389 1254 cor·

103 1301 173 1377 por'n
201 1301 265 1359 eius
293 1297 450 1378 adhia)esit
476 1300 574 1360 animo
606 1316 682 1359 meo.
728 1297 814 1358 Vadit
842 1308 871 1358 et
904 1296 1024 1358 adducit
1057 1295 1207 1358 hominem
1240 1295 1323 1356 illum
1361 1301 1392 1356 et

103 1400 178 1460 dicit:
200 1400 291 1463 ‘Ecce
314 1400 413 1470 homo,
436 1400 473 1461 de
496 1419 554 1480 quo
577 1399 798 1480 loquebamur!
842 1399 903 1460 lam
926 1417 993 1460 cum
1017 1399 1073 1459 lroc
1097 1399 1198 1469 audio,
1228 1415 1264 1460 ex
1287 1399 1389 1476 cogni·

102 1505 170 1564 tione
192 1503 322 1564 nominis
345 1504 409 1562 eius
431 1510 461 1563 et
482 1501 568 1582 ipsud
591 1519 700 1564 nomen
723 1511 753 1562 at
773 1501 867 1581 tigura
883 1503 1017 1581 corporis
1032 1503 1097 1563 eius
1112 1498 1276 1581 adhla)eret
1291 1501 1390 1562 animo

103 1623 174 1673 meo,
209 1613 240 1666 et
265 1602 334 1665 ideo
362 1605 441 1666 dicta
468 1613 537 1666 sunt
564 1606 683 1666 nomina
715 1605 797 1684 quasi
830 1605 999 1676 notamina,
1033 1603 1110 1666 idest
1143 1603 1387 1666 demonstrantia.

102 1707 177 1768 Haec
197 1708 286 1785 opud
305 1707 459 1768 Iulianum
481 1707 838 1770 aliterselrobentsic:
865 1705 980 1768 Nomen
1009 1723 1099 1784 quare
1128 1704 1322 1766 dictumest?
1366 1709 1388 1766 Α
1494 1751 1497 1758 ,

19 1849 21 1876 ,
102 1809 242 1870 notamine
263 1842 305 1852 -
327 1815 397 1888 puta
420 1810 445 1869 si
467 1808 584 1870 uideam
607 1807 694 1868 hodie
717 1809 891 1888 psittacum,
922 1807 958 1868 de
987 1809 1107 1868 nomine
1130 1808 1193 1870 eius
1210 1823 1275 1881 ,non
1297 1809 1388 1894 inter·

19 1919 20 1924 ’
102 1928 175 1988 rogo.
222 1908 307 1971 Vadit
329 1929 361 1971 se
384 1912 533 1990 psittacus,
558 1911 640 1972 uenit
663 1911 744 1989 quis:
772 1911 938 1988 interrogat
961 1927 1008 1970 me
1032 1918 1061 1970 et
1083 1909 1165 1971 dicit:
1190 1908 1267 1970 ‘Scis
1288 1912 1389 1988 psitta·
1462 1918 1464 1924 ’

103 2015 185 2073 cum’.
238 2011 322 2074 Dico:
353 2015 496 2082 ‘nescio’;
526 2031 594 2074 cum
622 2013 680 2073 iam
703 2010 785 2072 illum
816 2011 967 2074 uidissem.
1019 2011 1077 2072 Sed
1105 2014 1175 2090 quia
1204 2010 1240 2072 do
1270 2011 1389 2073 nomine

103 2115 157 2176 eius
180 2148 219 2158 -·
243 2115 376 2195 corporis
399 2117 463 2176 eius
485 2117 584 2176 animo
608 2132 674 2174 meo
696 2113 837 2176 adhaesit.
885 2113 971 2175 Vadit
994 2122 1023 2174 et
1044 2113 1164 2176 adducit
1179 2115 1336 2194 psittacum
1352 2113 1388 2174 ad

102 2234 143 2276 me
165 2223 193 2276 et
215 2215 286 2277 dicit
309 2215 397 2276 mihi:
422 2215 511 2276 ‘Ecce
533 2216 688 2295 psittacus,
720 2216 838 2296 dequo
866 2214 980 2295 loquuti
1009 2216 1183 2278 lueremus)
1228 2215 1305 2276 lium
1334 2214 1391 2276 hoc

102 2319 189 2390 audio,
213 2320 312 2380 statim
335 2337 371 2380 ex
395 2319 563 2397 cognitione
586 2320 713 2380 nominis
735 2319 799 2380 eius
822 2327 851 2380 et
872 2335 922 2379 res
943 2319 1016 2396 ipsa,
1041 2325 1071 2379 et
1091 2336 1200 2380 nomen
1222 2319 1319 2397 ipsum
1340 2317 1391 2378 ad·

19 2467 20 2492 ,
103 2418 196 2482 haeret
219 2422 316 2482 animo
339 2441 417 2482 meo.
462 2421 498 2482 Et
511 2421 580 2482 ideo
596 2420 671 2482 dicta
691 2455 725 2464 -
751 2421 910 2492 notamina,
934 2421 1011 2481 idest
1031 2439 1132 2481 rerum
1148 2419 1391 2482 demonstratiua.

104 2521 138 2581 10
158 2524 225 2602 quia
248 2541 303 2585 om.
351 2539 458 2584 nomen
481 2523 518 2584 sit
568 2521 1183 2601 11habemanim,opnme(nanuirn)
1244 2519 1284 2584 14
1304 2539 1389 2582 acce·

103 2623 165 2686 dant
187 2625 274 2686 debet
295 2626 346 2704 qni
369 2625 495 2706 aliquam
519 2643 583 2685 rem
606 2625 708 2686 delinit
774 2621 813 2685 16
835 2625 980 2704 seiungat.
1004 2623 1035 2686 Δ
1058 2623 1121 2686 lloc
1143 2632 1241 2687 autem
1265 2622 1321 2704 this
1342 2632 1393 2686 aut

103 2727 173 2806 cod.)
201 2730 338 2806 seiungat
367 2727 437 2808 quid
466 2727 528 2788 esti
559 2724 607 2808 li.
635 2723 722 2808 19¹1!
749 2727 880 2806 Separat.
925 2725 968 2786 lta
996 2736 1030 2787 ut
1056 2728 1139 2804 prius
1205 2723 1389 2788 lieston.

103 2827 259 2891 obseruans
327 2827 365 2890 18
388 2831 549 2910 proprium,
574 2845 630 2890 om.
656 2837 700 2890 est
764 2825 807 2888 20
828 2828 909 2890 illum
975 2825 1014 2888 21
1032 2828 1110 2908 qnod
1127 2828 1299 2890 tantundem
1316 2829 1391 2910 (tan-

104 2929 162 2992 dem
184 2932 263 3010 cod.)
287 2931 400 2992 homini
422 2931 536 2992 accedit
558 2930 636 2991 unde
659 2940 688 2991 et
711 2931 804 2991 audax
869 2927 910 2992 23
935 2937 967 2990 ut
995 2939 1064 3008 puta
1094 2930 1188 2992 ueluti
1215 2932 1241 2990 si
1268 2947 1392 3010 quaeras

103 3029 140 3092 24
160 3035 222 3095 risu
265 3031 308 3096 25
330 3052 420 3114 super
442 3041 553 3094 terram
575 3040 711 3094 mouetur
776 3029 816 3092 27
840 3041 890 3092 aut
912 3031 1071 3092 cuiuslibet
1099 3034 1141 3092 rei
1169 3031 1287 3112 inpulsu
1351 3027 1392 3092 28

106 3143 132 3192 et
151 3135 247 3215 angeli

180 3257 208 3316 p.
231 3235 309 3308 318,
341 3238 488 3300 irationi
526 3245 555 3298 et
575 3237 664 3298 homo
727 3234 798 3298 3et
820 3237 954 3298 animalia
996 3239 1058 3298 risu
1115 3234 1304 3318 4separauit
1324 3235 1394 3314 (·bit

103 3340 173 3418 cod.)
237 3338 453 3402 5tantundem
477 3339 589 3402 homini
634 3356 694 3398 non
717 3338 782 3400 aliis
804 3338 895 3400 rebus
917 3355 973 3400 om.
1019 3345 1048 3398 et
1070 3357 1129 3400 non
1152 3337 1206 3400 alia
1229 3357 1287 3400 res.
1405 3380 1414 3392 -

181 3443 247 3502 lom
269 3445 334 3504 mus
355 3444 503 3519 excerpti,
526 3443 608 3518 qood
626 3459 657 3518 p.
676 3449 742 3516 318,
764 3449 862 3502 7-16
883 3445 1146 3521 pomponiensem,
1163 3447 1255 3520 petor
1275 3442 1393 3518 quidem

19 3593 20 3614 ,
101 3559 171 3614 porr
192 3561 259 3605 caen
281 3546 349 3604 cod.
376 3544 469 3604 Bern.
493 3547 537 3604 ito
558 3542 712 3620 coenred,
735 3551 769 3604 ot
789 3545 995 3605 tantummodo
1017 3563 1046 3605 n.
1066 3552 1101 3603 11
1116 3561 1178 3621 pro
1192 3546 1255 3606 lies·
1278 3545 1327 3604 ‘de
1341 3561 1394 3605 suo

104 3648 228 3716 artificio
248 3647 375 3720 motoet’
399 3643 463 3708 illic
484 3647 653 3708 coibatur:
676 3646 803 3721 ‘indicet
819 3645 1032 3722 perfectiones,
1055 3648 1124 3708 dum
1142 3665 1202 3723 per
1216 3665 1248 3708 se
1262 3653 1391 3707 nutura-

105 3745 165 3804 iiter
184 3749 308 3822 plenum
329 3749 397 3808 est'.
428 3749 537 3808 Cetera
558 3764 632 3809 nero
653 3755 714 3808 toto
734 3749 820 3810 coelo
843 3749 966 3810 diuersa
987 3757 1066 3824 sunt,
1090 3765 1272 3826 quamquam
1288 3751 1393 3825 primo

105 3851 245 3920 sequentes
265 3851 433 3910 sententiae
454 3851 604 3912 wandalo
626 3851 731 3912 eodem
753 3851 909 3926 utrobique
930 3859 1016 3911 sunt:
1046 3851 1117 3910 ‘inm
1139 3854 1167 3910 si
1187 3852 1298 3912 da'acero
1315 3868 1393 3926 per-

19 3975 20 3990 .
107 3945 233 4020 lectior&
279 3953 381 4012 Codex
402 3954 483 4012 enim
505 3951 670 4013 Bernenm's
691 3953 767 4013 haec
787 3952 912 4013 subinde
934 3953 1023 4014 addit
1041 3951 1068 4026 f.
1095 3950 1165 4012 20⁶:

19 4113 20 4132 ,
186 4052 419 4130 perfectissimus
441 4061 560 4132 accepta
584 4056 795 4133 conparatione
817 4056 923 4135 incipit
950 4073 1015 4116 esse
1038 4071 1097 4114 non
1119 4052 1251 4133 plenum.
1297 4052 1394 4125 Quali-

19 4135 20 4148 *
108 4159 187 4214 tatem
203 4163 236 4214 ut
250 4153 347 4216 bonus
370 4155 475 4216 malus.
521 4155 651 4226 Qualitas
674 4173 764 4234 quare
788 4155 886 4218 dictat
916 4156 989 4228 Quia
1010 4174 1065 4235 per
1080 4175 1143 4217 eam
1158 4153 1253 4234 qualis
1268 4159 1394 4237 quisque

108 4253 140 4312 sit
159 4257 334 4324 ostenditur,
359 4257 509 4318 othonus
531 4255 634 4320 malus.
681 4257 738 4320 Fac
760 4258 829 4320 inde
851 4260 1090 4338 conparationem
1114 4267 1171 4320 etc.

182 4375 213 4436 p.
234 4353 315 4429 318,
347 4355 386 4420 18
414 4360 547 4420 oriantur
632 4357 675 4422 20
703 4359 848 4422 debentur
933 4359 973 4422 21
1004 4379 1079 4440 quae
1105 4379 1161 4423 nee
1188 4363 1312 4440 gignunt
1340 4379 1396 4423 neo

110 4459 258 4533 gignuntur
286 4479 343 4522 om.
416 4459 459 4522 22
491 4479 551 4522 non
587 4466 717 4541 proprie.
768 4462 867 4532 Quae?
905 4473 1044 4524 neutrum
1073 4470 1102 4524 et
1128 4481 1263 4525 comune.
1315 4464 1395 4536 Quae

110 4570 170 4620 nint
195 4561 370 4642 principalia
397 4581 507 4640 genera
571 4561 613 4627 23
642 4563 739 4635 Quare
768 4565 845 4626 dicta
874 4566 1065 4645 principalia?
1099 4567 1166 4646 quia
1200 4573 1339 4627 neutrum
1367 4575 1396 4628 et

111 4677 227 4724 comune
248 4665 286 4726 de
308 4675 437 4744 utroque
460 4674 631 4728 nascuntur.
676 4667 748 4728 'lota
771 4685 879 4745 genera
903 4673 970 4736 etc,
993 4671 1101 4730 ceteris
1121 4671 1233 4730 ommate
1289 4663 1331 4729 26
1346 4679 1397 4728 ant

111 4773 170 4823 sunt
255 4763 295 4828 27
327 4766 402 4827 Sunt
429 4769 588 4839 naturalia,
617 4777 687 4829 sunt
716 4789 749 4830 ex
780 4779 843 4830 arte
873 4769 1081 4830 descendentia
1104 4788 1160 4832 om.
1249 4767 1291 4833 28
1314 4771 1397 4830 cuins

114 4875 254 4938 naturam,
290 4871 399 4945 optime
428 4869 594 4950 (personam
624 4873 763 4934 Iulianus
792 4871 895 4948 A'etto')
925 4883 956 4932 ut
986 4871 1133 4935 rnnsrulus
1162 4873 1285 4946 lemina,
1313 4873 1399 4933 hored
