3316 5566
297 369 340 437 80
813 368 1077 422 nesauoumm

296 563 426 644 positluo
449 579 503 641 per
526 577 560 621 se
581 559 712 638 positus.
737 567 769 620 ut
792 557 977 637 Virgilius
1000 556 1086 618 dicit:
1115 555 1291 620 ‘comites
1318 558 1483 620 senioris
1507 560 1606 620 Ace·

297 665 403 734 stae’.
434 679 489 742 pro
517 661 607 722 senis.
651 658 810 722 Sciendum
839 675 960 737 quoque
988 665 1048 726 est,
1081 657 1161 736 quod
1194 657 1421 720 diminutionem
1448 661 1606 740 accipiunt

297 765 439 848 quaedam
462 763 725 844 conparatiuorum
747 778 764 821 a
787 759 981 839 conparatiuo
996 758 1126 820 neutrali
1142 760 1290 821 uenientia
1312 757 1479 822 adiectione
1500 761 1604 828 culus,

296 878 330 928 ut
356 864 585 946 grandiusculus
613 861 795 925 maiusculus
823 861 1006 924 minusculus
1034 859 1235 922 meliusculus.
1281 859 1355 920 ltem
1387 862 1605 941 conparatiuus
1653 851 1654 894 ἶ

296 967 478 1050 superlatiuo
499 965 659 1048 aliquando
681 961 850 1046 praecellit,
880 970 913 1024 ut
934 962 1025 1024 ditior
1047 964 1205 1031 dita'ssimo,
1233 961 1351 1024 stultior
1373 960 1551 1024 ommstmo
1575 970 1628 1020 ets
1653 943 1654 1000 Ϊ

297 1071 392 1131 maior
418 1070 559 1140 maximo,
591 1067 647 1128 lroc
670 1075 716 1127 est
743 1073 923 1144 conparatus
949 1065 1162 1144 conparatiuus
1189 1062 1371 1144 superlatiuo
1393 1063 1431 1126 de
1454 1081 1488 1124 eo
1511 1081 1604 1142 prae·

296 1171 391 1244 cellit,
415 1181 448 1234 ut
469 1171 559 1233 ditior
575 1213 704 1231 ......
721 1167 848 1236 stultior,
871 1165 949 1228 idest
970 1167 1110 1236 rusticus,
1133 1167 1185 1244 qui
1207 1164 1283 1226 ninii
1305 1163 1464 1243 intellegit,
1486 1163 1605 1226 stultis·

297 1277 386 1346 simo,
416 1272 493 1337 idest
515 1273 553 1334 de
576 1289 626 1340 eo,
656 1271 708 1348 qui
729 1270 886 1330 minimum
908 1267 1056 1348 intellegit
1077 1268 1115 1330 de
1137 1267 1332 1348 sapientibus.
1375 1267 1604 1328 Priscianus

226 1439 231 1446 ,
297 1374 440 1447 ostendit,
464 1371 615 1458 quomodo
637 1372 847 1452 conparatiuus
869 1369 1086 1451 superlatiumn
1108 1369 1277 1450 praecellit,
1306 1368 1427 1430 dicens:
1465 1368 1615 1428 tortis·x

296 1479 380 1538 simi
407 1478 561 1540 luerunt
588 1477 816 1536 Graecorum
843 1473 934 1534 Aiax
962 1472 1162 1535 Diomedes
1183 1474 1432 1551 Agamemnon
1454 1469 1654 1536 Vlixes‚1=.›1

298 1577 469 1639 omnibus
492 1588 614 1639 tamen
637 1575 695 1636 his
723 1575 863 1636 lortior
890 1575 964 1636 luit
983 1573 1165 1637 Achilles.
1211 1573 1298 1634 item:
1322 1571 1498 1634 ‘fortissimo
1521 1571 1603 1631 Tro·

297 1682 433 1741 ianorum
455 1678 584 1742 Hectore
605 1678 713 1738 lortim
736 1677 792 1738 iuit
812 1675 965 1738 Achilles’.
997 1675 1203 1758 Superlatiuus
1225 1674 1335 1753 gradus
1358 1676 1407 1736 cui
1430 1675 1512 1736 casui
1535 1691 1603 1734 ser·

297 1783 348 1844 uit.
392 1781 538 1843 Genetiuo
561 1786 675 1841 tantum
697 1777 817 1858 plurali,
842 1788 873 1839 ut
896 1779 1020 1842 ‘llector
1042 1779 1151 1840 dicitur
1173 1777 1352 1839 iustissimus
1374 1775 1605 1838 Troianorum’.

296 1882 409 1944 'lamen
431 1882 646 1944 Priscianus
668 1879 755 1940 dixit:
787 1879 1047 1960 superlatiuus
1069 1879 1248 1959 genetiuo
1276 1877 1417 1958 plurali
1440 1875 1498 1939 uel
1520 1879 1602 1938 sin·

297 1982 421 2063 gularl
449 1985 633 2062 iungitur,
669 1981 812 2060 quando
842 1984 961 2062 ipsum
988 2000 1120 2044 nomen
1150 1980 1350 2060 singulare
1380 1977 1639 2040 multitudi·u

298 2085 310 2168 ll
328 2083 378 2146 iol.
393 2081 451 2148 88·
469 2082 571 2166 ljnem
599 2082 810 2161 signifieat,
830 2094 894 2145 ut:
923 2084 1149 2145 ‘fortissime
1179 2084 1333 2162 gentis’‚
1362 2081 1602 2161 sapientissimus

295 2185 408 2266 pupuli.
451 2184 643 2247 Fortissimus
665 2193 764 2244 autem
787 2184 906 2256 dicitur,
929 2185 1005 2248 idest
1027 2186 1115 2248 ualde
1137 2184 1233 2256 lortis,
1257 2192 1291 2246 ut
1312 2183 1391 2263 apud
1407 2184 1601 2244 Ciceronem:

297 2285 528 2350 simillimum
548 2285 632 2356 deo,
654 2302 711 2363 pro
733 2284 820 2346 ualde
842 2286 958 2348 similis.
1003 2288 1077 2349 ltem
1100 2288 1192 2358 scias,
1215 2285 1294 2366 quod
1317 2284 1521 2366 superlatiuus
1544 2301 1601 2342 suo

297 2389 401 2467 generi
416 2393 605 2467 conparatur,
622 2405 682 2448 non
698 2387 805 2458 alieno,
824 2396 855 2449 ut
870 2389 993 2450 ‘llector
1009 2388 1106 2452 dictus
1122 2397 1167 2452 eat
1181 2389 1360 2450 fortissimus
1374 2386 1600 2450 Troianorum’.

298 2490 371 2550 ltenr
393 2487 593 2566 superlatinus
614 2507 670 2570 pro
692 2490 824 2568 positiuo
845 2492 961 2570 positus
983 2509 1039 2553 nec
1061 2500 1250 2571 conparatur,
1274 2499 1307 2551 ut
1324 2489 1438 2570 lupiter
1452 2490 1600 2550 maximus
1613 2511 1636 2548 a»

296 2589 393 2650 dictus
421 2596 481 2660 est.
515 2591 599 2670 quasi
630 2607 762 2670 magnus.
806 2591 879 2654 ltam
910 2593 1091 2672 Virgilius
1122 2595 1281 2655 Asianus
1313 2593 1352 2654 de
1383 2593 1600 2673 conparatione

297 2693 383 2754 dicit:
420 2691 698 2772 conparatione
732 2693 899 2771 gradus
935 2695 1176 2775 superlatiuo
1209 2695 1599 2775 incongruentissime

297 2797 560 2876 praeponitur,
591 2801 629 2856 ut
659 2796 775 2856 maior
803 2798 974 2866 maximo;
1003 2798 1267 2879 superlatiuus
1294 2798 1432 2878 quippe
1461 2795 1599 2875 gradus

297 2896 468 2959 omnibus
489 2895 694 2978 praecellit
715 2905 751 2958 et
772 2897 1008 2978 supersedet,
1032 2902 1131 2961 sicut
1154 2908 1188 2960 et
1209 2901 1401 2980 positiuus
1424 2895 1598 2960 omnibus

296 2998 489 3069 subsedet;
520 3001 794 3079 conparatiuus
816 3007 936 3062 autem
964 3002 1103 3081 gradus
1127 3001 1231 3064 uelut
1258 3000 1433 3082 quaedam
1456 3000 1630 3061 medie-ss

298 3111 353 3163 tas
384 3098 547 3163 scalaris
577 3109 613 3162 et
639 3101 809 3180 positiuo
840 3102 951 3163 altior
979 3111 1015 3164 et
1042 3103 1281 3184 superlatiuo
1318 3101 1503 3164 humilior
1533 3107 1596 3163 est

298 3205 377 3277 Quot
397 3210 468 3264 sunt
482 3204 596 3263 iormae
611 3199 880 3282 superlatiuorumi
904 3203 987 3266 Octo.
1021 3205 1094 3267 lude
1108 3205 1330 3267 Priscianus
1353 3205 1439 3266 dicit:
1463 3203 1595 3284 Super·

297 3305 500 3365 latinorum
533 3303 674 3364 lormae
706 3315 792 3365 sunt
824 3313 923 3376 octo,
958 3307 1052 3369 duae
1082 3307 1244 3385 quidem,
1279 3308 1317 3367 in
1354 3323 1443 3386 quas
1473 3304 1597 3385 plera·

297 3420 366 3483 que
396 3405 573 3467 desinunt
601 3405 852 3485 superlatiua,
889 3406 991 3468 idest
1026 3412 1064 3470 in
1101 3412 1215 3470 rimus
1252 3419 1287 3469 et
1322 3409 1359 3470 in
1391 3409 1521 3478 simus,
1559 3408 1595 3466 in

297 3505 421 3580 limus,
459 3509 500 3568 ln
537 3507 673 3575 rimus,
710 3507 752 3567 ln
789 3511 915 3580 timus,
952 3513 994 3572 in
1030 3528 1168 3582 remus,
1203 3510 1242 3570 in
1280 3509 1427 3581 limus,
1463 3511 1502 3571 in
1540 3509 1631 3570 nis

296 3627 383 3672 mus.
428 3609 462 3671 ln
484 3625 517 3670 er
539 3611 630 3688 igitur
652 3608 818 3670 desinentia
843 3613 973 3691 positiua
1001 3631 1070 3675 cum
1096 3614 1155 3675 sint
1184 3612 1333 3674 adiectiua
1361 3612 1425 3672 siue
1446 3610 1594 3673 secundae

296 3729 349 3773 seu
372 3715 477 3774 tertiae
500 3709 721 3781 declinationis,
745 3721 865 3791 accepta
889 3715 1007 3776 ‘rimus’
1030 3715 1145 3777 laclunt
1165 3713 1399 3795 superlatiuum‚
1422 3720 1455 3774 ut
1469 3711 1595 3793 pulcher

296 3812 529 3891 pulcherrimus,
562 3814 653 3875 miser
684 3813 882 3885 miserrimus,
915 3833 1031 3896 pauper
1059 3819 1283 3897 pauperrimus.
1318 3833 1387 3878 acer
1418 3816 1593 3878 acerrimus.

478 3984 524 3991 .—

364 4099 534 4170 1Virgilius]
555 4103 621 4154 Aen.
643 4104 670 4154 V
686 4105 737 4153 :tot
789 4113 888 4155 noneste
955 4103 1127 4156 PSeiertdum
1146 4103 1261 4172 quoque]
1280 4107 1315 4171 cs.
1327 4107 1412 4156 Prisc.
1431 4105 1549 4170 lpas,
1565 4105 1593 4152 10

294 4169 500 4239 lmaiusculua]
520 4172 602 4220 malus
670 4171 793 4235 ddieior,
812 4189 858 4224 om.
877 4173 1005 4224 ditissimo
1057 4175 1162 4224 stulcior
1230 4175 1356 4225 ‘idiotior
1406 4171 1519 4236 stultior]
1537 4173 1592 4222 Ex-

294 4243 412 4291 ciderunt
429 4245 489 4290 ante
506 4240 554 4290 ltoc
571 4241 695 4305 quaedam
712 4242 749 4290 ad
762 4243 837 4306 priua
854 4245 996 4307 exemplum
1012 4243 1187 4293 illaestrendem
1202 4245 1370 4308 pertinentia.
1450 4241 1467 4291 8
1485 4241 1593 4290 Priscia-

295 4307 390 4373 nusll
406 4324 435 4374 p.
454 4308 532 4372 8d,7
618 4310 650 4358 10
668 4306 801 4358 Diomidea
906 4312 936 4359 11
955 4309 1059 4374 achilee,
1077 4311 1116 4361 dia
1183 4307 1592 4377 fortissimolPraiee.192,17

296 4380 328 4427 13
346 4379 425 4426 tector
441 4377 534 4426 diuitor
603 4377 635 4426 14
653 4373 811 4442 Priscianus]
833 4376 848 4426 l
867 4379 963 4442 94,12.
1017 4382 1048 4430 lt
1066 4394 1143 4441 quam
1178 4378 1336 4444 singularem
1406 4379 1438 4428 16
1454 4376 1593 4428 fortissime

294 4455 384 4508 gentes
453 4443 644 4510 sapientissime
729 4447 760 4496 t'l
780 4443 939 4511 Ciceronem]
957 4446 993 4510 cf.
1011 4447 1095 4498 Prme.
1114 4448 1174 4512 lp.
1191 4450 1233 4511 94,
1252 4450 1286 4498 20
1337 4447 1496 4497 simillimum
1513 4446 1546 4495 de
1563 4459 1591 4495 eo

296 4514 328 4561 le
346 4513 424 4562 lector
491 4513 526 4564 20
541 4513 635 4577 iopitet·
710 4515 742 4562 nt
762 4513 886 4579 Virgilius
904 4511 1038 4581 assianus]
1057 4515 1093 4578 cs.
1111 4517 1146 4568 A.
1165 4515 1224 4566 Mai
1244 4515 1269 4565 V
1284 4533 1313 4580 p.
1331 4517 1384 4567 131
1452 4515 1486 4564 22
1504 4529 1594 4579 auper-

295 4579 388 4631 latiuus
415 4579 534 4630 omuibus
562 4579 738 4646 superequitat
763 4583 830 4632 sicut
855 4582 981 4648 positiuus
1009 4585 1127 4633 omnibus
1151 4583 1275 4634 subsidet.
1310 4582 1507 4650 Comparatinus
1527 4583 1593 4632 uelm

295 4649 421 4708 quaedam
439 4647 509 4698 scale
526 4657 565 4698 est
582 4649 695 4714 positiuo
714 4649 789 4700 altior
806 4661 831 4700 et
847 4650 1005 4717 superlatiuo
1021 4650 1141 4701 humilior
1157 4653 1281 4717 Virgilius
1297 4651 1372 4702 Maii.
1423 4653 1457 4702 16
1474 4650 1592 4702 humilio-

297 4727 347 4762 rem
366 4715 436 4777 qnod
504 4717 537 4766 27
556 4715 646 4780 forme,
665 4717 703 4766 dia
770 4717 929 4785 Priscianus]
950 4720 1011 4783 lp.
1030 4722 1073 4782 94,
1092 4723 1128 4769 23
1197 4723 1230 4772 118
1248 4721 1299 4770 duo
1379 4721 1413 4770 29
1430 4730 1456 4768 et
1473 4720 1499 4767 in
1517 4719 1591 4769 liures

296 4783 326 4832 ttt
347 4783 371 4832 ln
390 4797 418 4832 er
435 4783 513 4847 igitur
530 4807 562 4818 -
579 4781 729 4848 acerrimus]
747 4786 874 4841 hiaclaa.
893 4787 908 4836 1
925 4803 953 4852 p.
971 4791 1012 4846 95,
1032 4790 1046 4835 1
1098 4791 1130 4838 31
1149 4788 1189 4837 siu
1208 4789 1306 4840 adiecta
1375 4790 1407 4840 32
1425 4787 1590 4854 superlatium

296 4851 329 4904 dd
347 4849 491 4900 ntlserimus
542 4852 708 4916 pauperimua
759 4855 883 4904 neerimus
