3354 5580
299 329 363 396 204
693 329 929 382 continueris
947 329 1192 382 etnfflumensu

299 528 360 590 est,
384 537 460 598 quae
482 521 585 596 genuit
607 517 695 580 nobis
717 517 909 588 saluatorem,
934 519 998 578 eins
1019 515 1103 596 prole
1125 515 1230 578 salnati
1253 535 1368 586 sunrus,
1400 522 1428 579 ei
1450 517 1590 578 bonorem

301 619 418 690 demus,
443 641 508 682 earu
531 619 698 689 laudamus,
728 618 765 680 ab
788 639 821 680 ea
844 627 995 681 auctorem
1020 621 1096 680 eritne
1120 617 1166 680 uel
1191 617 1359 700 exemplum
1382 618 1490 679 salutis
1512 637 1589 679 ecce-

300 725 419 802 pimus.’
465 723 608 783 ‘Sanctae
637 719 790 792 mulieres,
819 740 895 801 quam
923 722 1075 783 dominum
1105 720 1255 782 aGalilea
1282 729 1402 782 secutae
1429 727 1515 788 sunt.
1544 739 1590 780 eae

298 833 380 895 suut,
404 843 478 906 quae
502 822 588 884 nobis
610 822 697 884 fidem
721 822 880 892 dederunt,
910 839 1011 883 earum
1034 841 1173 884 sermone
1194 823 1302 884 imbuti
1324 841 1442 894 sumus,
1466 825 1513 883 eis
1535 820 1590 880 lau·

300 926 366 988 dem
389 926 510 994 demus,
533 942 584 985 eas
605 923 774 994 laudamus,
797 923 835 986 eb
858 927 903 984 eis
925 923 1093 1004 exemplum
1116 925 1184 985 lldei
1206 925 1397 1005 accepimus.'
1441 923 1610 989 ‘Verbums

299 1027 377 1108 ‹puod
399 1029 429 1088 in
453 1027 599 1107 principio
623 1034 686 1088 erat
707 1025 785 1106 apud
809 1025 977 1095 dominum,
1001 1024 1030 1086 id
1054 1043 1123 1086 caro
1147 1026 1256 1088 laetum
1280 1033 1324 1086 est
1339 1009 1374 1086 ¹in
1399 1025 1458 1086 fine
1481 1033 1591 1103 tempo-

299 1149 381 1200 rnnr,
411 1131 476 1190 eius
504 1127 707 1189 misericordia
736 1125 882 1207 redempti
910 1145 1029 1201 sumus,
1060 1129 1087 1188 ei
1110 1125 1227 1188 laudem
1251 1126 1410 1194 debemus,
1438 1126 1467 1187 id
1492 1125 1591 1186 adora·

301 1250 365 1292 mm
389 1241 419 1291 et
439 1229 652 1309 glorificamus,
677 1227 765 1290 abeo
782 1226 900 1290 liberati
922 1235 1046 1291 sumus)
1078 1228 1202 1299 ‘Verbo
1226 1247 1300 1307 quae
1316 1229 1457 1290 dominus
1480 1227 1592 1287 locutus

300 1341 345 1394 est
367 1334 397 1394 in
421 1331 590 1411 euangelio,
620 1349 653 1390 ea
676 1337 761 1399 sunt,
791 1347 866 1410 quae
888 1346 943 1390 nos
965 1331 1115 1391 instruunt
1136 1331 1172 1391 ad
1196 1339 1347 1392 aeternam
1371 1329 1590 1393 beatitudiuem,

300 1454 402 1496 eortrm
429 1432 632 1494 admonitione
660 1429 766 1510 repleti
794 1449 910 1498 snmus.
942 1432 985 1492 eis
1014 1431 1157 1493 oboedire
1184 1431 1343 1509 debemm,
1373 1450 1406 1492 ea
1428 1448 1621 1497 seruaurusn

301 1537 337 1598 ab
361 1538 403 1597 eis
426 1535 532 1596 imbuti
556 1537 681 1594 sumus.’

146 1653 286 1704 stoeben
385 1638 535 1699 ‘inlinita’
559 1635 698 1696 dicuntur
721 1637 790 1704 ists,
814 1636 950 1717 eoquod
974 1654 1033 1696 nou
1056 1637 1115 1696 siut
1136 1637 1233 1704 linita;
1262 1637 1432 1696 reiemutur
1456 1637 1538 1695 enim
1560 1633 1592 1693 ad

300 1759 418 1802 omnem
442 1737 635 1800 substantiam
659 1743 688 1797 et
711 1737 868 1814 requirunt
890 1747 1063 1817 personam,
1094 1735 1145 1798 sed
1176 1757 1234 1798 non
1258 1737 1471 1799 demonstrent.
1518 1735 1592 1812 Fuge

177 1841 188 1862 ⁸
300 1839 405 1904 melius
427 1842 546 1902 nomina
569 1847 650 1908 sunt,
675 1844 708 1900 ut
729 1841 867 1918 superins
882 1839 1018 1900 diximus.
1033 1873 1078 1884 -
1092 1838 1188 1910 ‘Quis’
1205 1847 1236 1901 et
1250 1840 1325 1916 ‘qui'
1342 1839 1399 1898 dno
1416 1839 1592 1900 nominatim

300 1952 382 2018 sunt,
408 1941 459 2004 sed
483 1941 540 2002 boc
562 1941 664 2014 distet,
689 1940 758 2018 qnia
780 1941 857 2017 ‘qui'
878 1959 935 2020 pro
957 1942 1048 2020 ‘quis’
1072 1943 1202 2021 ponitur,
1226 1943 1317 2021 ‘quis'
1341 1959 1415 2001 uero
1439 1958 1495 2018 pro
1519 1941 1621 2016 ‘qui’n

300 2061 455 2121 nusquam,
480 2043 531 2104 sed
556 2051 668 2104 tantum
692 2043 940 2120 interrogetiuum
964 2051 1024 2112 est,
1047 2051 1095 2104 ut:
1121 2044 1199 2122 ‘quis
1221 2042 1323 2122 legitt’
1369 2041 1468 2121 ‘lpse,
1493 2043 1545 2122 qui
1568 2049 1593 2100 el

147 2162 286 2216 espessia
300 2145 409 2207 bodie’
454 2144 544 2216 ‘Quis
567 2145 614 2205 uir
637 2143 707 2204 lecit
729 2142 820 2204 bocl'
864 2143 973 2204 ‘Cuius
995 2145 1054 2206 uiri
1083 2151 1129 2205 est
1150 2146 1205 2206 iste
1227 2143 1340 2206 flliusi'
1384 2144 1591 2204 ‘Possessiua’

299 2248 438 2309 dicuntur
466 2247 521 2308 ista
549 2246 741 2324 pronomine,
776 2263 811 2306 eo
839 2244 918 2323 quod
946 2248 1165 2325 possessionem
1196 2245 1416 2314 demonstrant,
1442 2253 1475 2305 ut
1497 2249 1592 2304 ‘meus

298 2350 415 2430 equus'.
453 2349 550 2434 Finita
566 2345 704 2408 dicuntur
719 2347 785 2423 ista,
808 2348 886 2425 quio,
911 2349 961 2426 qui
984 2347 1056 2408 dicit
1077 2350 1195 2418 ‘meus',
1219 2348 1441 2427 inpraesentia
1465 2354 1522 2408 est.
1560 2345 1593 2404 Et

298 2449 452 2512 selendum
476 2457 533 2520 est,
557 2448 624 2527 quia
647 2448 677 2506 in
700 2447 757 2509 hoe
779 2449 956 2527 pronomine
977 2452 1148 2528 possessiuo
1169 2449 1245 2510 duae
1267 2465 1413 2528 personae
1433 2457 1514 2518 sunt,
1538 2463 1623 2506 unae

299 2551 483 2631 possessoris
505 2551 701 2617 intrinsecus,
725 2549 774 2610 ubi
797 2551 915 2629 generis
937 2551 1034 2611 omnis
1057 2559 1114 2620 est,
1139 2553 1214 2611 sicut
1230 2547 1242 2633 ss
1259 2548 1320 2612 115
1334 2545 1349 2632 ΙΙ
1364 2559 1393 2610 et
1409 2550 1592 2628 primitiuum

299 2671 402 2721 suum.
426 2650 551 2712 alterum
574 2652 770 2731 possessionis
793 2653 994 2722 extrinsecus,
1024 2655 1092 2730 quia
1116 2654 1173 2713 iam
1196 2649 1305 2712 mobile
1329 2659 1388 2730 est,
1411 2652 1443 2712 in
1466 2669 1503 2711 us
1526 2651 1556 2709 in
1577 2667 1591 2706 a

177 2775 285 2826 passu
298 2755 329 2815 in
344 2772 403 2816 um.
433 2751 482 2816 dd
504 2751 649 2830 aliquid
673 2751 788 2823 dicta,
806 2755 825 2814 i.
841 2753 878 2815 od
894 2751 1003 2834 aliquid
1019 2772 1051 2814 se
1066 2753 1220 2822 habentium
1236 2761 1355 2833 preeter
1370 2771 1403 2813 se
1418 2755 1500 2814 enim
1517 2749 1591 2812 aliud

299 2855 516 2925 demonstrant,
540 2853 787 2934 quemadmodum
811 2856 836 2916 si
857 2854 938 2916 dieas
959 2863 1089 2935 patrem,
1113 2854 1252 2933 intelligis
1273 2854 1380 2922 filium,
1409 2855 1450 2914 ita
1474 2861 1590 2914 etcum

299 2957 371 3019 dicis
393 2959 522 3026 ‘meus’,
552 2953 748 3034 semiplenum
778 2964 838 3026 est,
868 2954 965 3018 adbuc
992 2957 1103 3036 pendet
1134 2975 1252 3026 sensus,
1288 2974 1382 3037 usqne
1410 2954 1481 3016 durn
1513 2953 1623 3016 dieasse

298 3059 395 3121 ‘meus
411 3059 511 3120 bomo’
530 3055 576 3118 uel
594 3059 721 3138 ‘equus’.
767 3057 863 3118 Habet
886 3059 973 3118 etiam
996 3061 1177 3120 uocatiuum.
1224 3059 1379 3120 l‘ossessor
1403 3057 1483 3118 enim
1507 3061 1592 3117 uocat

298 3179 381 3223 suam
405 3161 633 3240 possessionem,
658 3166 691 3219 ut
707 3161 737 3219 ‘o
754 3161 793 3218 mi
809 3156 870 3218 llli’.
917 3159 1011 3219 ‘lleus
1034 3159 1123 3221 bomo
1146 3168 1192 3221 est
1213 3161 1291 3230 iste’,
1317 3161 1398 3220 ‘tuus
1420 3176 1530 3220 seruus
1552 3165 1593 3216 est

175 3261 371 3336 pffmemille',
395 3261 493 3323 uides
516 3259 614 3322 illum:
639 3258 688 3322 ille
711 3267 755 3321 est
776 3278 846 3322 suus
868 3260 980 3321 homo!
1024 3263 1168 3331 Finita,
1193 3263 1261 3342 quia
1284 3262 1334 3341 qul
1356 3260 1431 3322 dicit
1454 3261 1591 3328 ‘noscere

298 3382 441 3443 praesens
465 3371 517 3424 est.
561 3361 609 3422 Ει
634 3361 754 3424 altera
776 3369 896 3441 parte
905 3361 1084 3442 pluralia
1108 3366 1178 3442 quia
1201 3365 1231 3425 in
1254 3363 1300 3423 bis
1322 3361 1503 3441 possessiuis
1519 3361 1592 3423 duae

297 3482 444 3546 personae
461 3473 539 3526 suut.
571 3463 614 3524 Ex
628 3472 712 3544 parte
729 3479 800 3540 ergo
815 3465 995 3542 possessoris
1016 3461 1141 3543 pluralia
1164 3471 1234 3526 suut
1256 3474 1286 3526 et
1308 3482 1343 3524 ex
1366 3471 1453 3544 parte
1475 3479 1590 3544 posses-
1602 3483 1623 3520 sa

297 3568 391 3629 slonis
413 3563 588 3646 singularim
611 3563 696 3626 uerbi
711 3564 804 3644 gratia
821 3565 934 3626 noster
955 3564 1061 3626 fllius’:
1086 3584 1141 3628 nos
1162 3565 1263 3646 plures
1284 3583 1386 3628 manus
1404 3571 1434 3626 et
1450 3565 1593 3627 babemus

298 3687 389 3730 unum
412 3668 515 3730 filium.

176 3793 284 3844 amessia
384 3770 482 3832 uua
505 3768 648 3840 horum,
673 3788 696 3831 s.
720 3770 943 3849 pronominum.
980 3769 1044 3840 lla,
1068 3768 1163 3844 i.‚dic
1178 3767 1592 3849 sicut-‘accipe'pro‘eudi’.

298 3877 332 3933 ut
353 3878 397 3932 est
418 3869 506 3933 illud:

340 3969 351 4000 '
500 3972 635 4052 Accipe
657 3991 750 4034 nune
772 3972 930 4035 Danaum
953 3973 1171 4035 rusrdreset
1193 3989 1332 4034 crrmen
1354 3970 1398 4034 ab
1419 3990 1501 4036 uun
1601 3983 1623 4022 ³⁵

297 4076 331 4138 ll.
355 4074 380 4137 0
403 4073 559 4153 magister,
582 4076 720 4156 superius
743 4074 844 4136 dixisti
865 4073 1010 4154 simplicis
1033 4077 1223 4155 pronomina,
1248 4073 1336 4136 modo
1354 4073 1590 4155 diccomposita.
1666 4079 1667 4116 l

296 4178 335 4240 ll.
360 4177 523 4256 Egomet,
548 4177 743 4256 compositum
760 4175 857 4238 estab
873 4193 928 4254 ego
945 4185 1065 4246 etmel,
1090 4194 1165 4255 quae
1189 4187 1233 4238 est
1255 4176 1382 4238 adiectio
1403 4175 1589 4256 syllabarum.
1666 4165 1667 4192 ¹

297 4278 469 4342 Declinatur
492 4295 564 4356 ergo
592 4295 627 4338 ex
654 4285 739 4358 parte
768 4277 942 4338 nominarint
966 4287 995 4339 et
1023 4282 1106 4341 ‘met’
1134 4276 1383 4340 indeclinabiliter
1410 4297 1465 4358 per
1488 4294 1590 4338 omnes

296 4397 383 4442 cesus
412 4380 520 4441 currit:
551 4387 681 4449 nosmet,
711 4387 845 4440 nostrum
873 4379 921 4440 uel
945 4382 1039 4441 nostri
1067 4383 1218 4458 genitiuus
1245 4379 1368 4462 pluralis
1398 4400 1457 4442 non
1486 4379 1590 4460 recipit

297 4483 382 4543 ‘met’
398 4480 549 4562 syllabam,
573 4499 610 4542 ne
626 4488 747 4561 putetur
770 4499 836 4542 esse
858 4482 1069 4560 possessiuum.
1113 4481 1252 4542 Tutemet
1275 4480 1322 4542 uel
1345 4488 1416 4552 tute,
1439 4500 1501 4544 non
1524 4480 1620 4542 tacito
1666 4569 1667 4612 1

365 4663 531 4733 ldebemus]
551 4667 607 4719 An.
626 4668 733 4718 demus?
752 4668 787 4731 cf.
805 4669 919 4732 mprnl.
939 4670 963 4718 2.
982 4671 1000 4718 5
1016 4673 1085 4732 etp.
1105 4669 1167 4728 203,
1186 4671 1231 4720 31.
1245 4670 1279 4720 37
1347 4669 1379 4719 31
1398 4682 1446 4718 nos
1465 4667 1550 4734 plures
1567 4675 1588 4714 et

296 4799 421 4866 utillud]
444 4803 524 4867 Verp.
542 4804 608 4852 Aen.
626 4803 663 4853 11
679 4807 712 4854 65
780 4732 937 4855 dblimidies
953 4730 1066 4854 bennubi
