3316 5566
270 217 331 282 104
783 215 852 266 aas
870 213 1045 266 anourua

269 407 403 488 possit.
450 404 481 466 ln
505 401 614 485 plurali
637 421 711 466 uero
733 421 857 465 numero
880 403 1080 465 nominatione
1101 409 1132 464 et
1153 403 1340 464 accusatiuus
1363 409 1393 464 et
1413 401 1565 464 uocatiuus

267 510 298 569 in
321 508 491 570 nonriuibus
514 505 697 568 neutralibus
720 506 750 566 iu
765 525 782 566 a
797 523 917 586 semper
938 507 1143 576 inueniuntur,
1163 513 1196 566 ut
1211 513 1256 566 est
1271 505 1470 566 nominatinus
1489 503 1565 566 baec

268 611 392 680 ieiunia,
415 609 603 672 accusatinus
625 607 699 668 baec
721 608 846 680 ieiunia,
870 609 1026 670 nocatiuus
1048 625 1067 668 o
1089 606 1208 670 ieiunia.
1252 604 1495 686 interrogandum
1518 614 1565 666 est

269 720 382 774 antem:
413 711 532 772 nomina
553 710 584 771 in
608 709 829 772 dedesinentia
856 710 888 772 iu
911 708 1041 772 secunda
1069 708 1267 772 declinatione
1289 716 1362 789 quot
1383 710 1490 770 iormas
1510 707 1563 769 ba·

269 814 358 875 beriti
402 811 482 874 idest
508 811 629 880 decem;
658 811 815 894 aliquando
844 811 923 874 eninr
946 813 955 874 i
978 819 1046 874 ante
1069 830 1104 872 us
1132 809 1257 882 babent,
1285 817 1320 872 nt
1345 809 1425 874 lilius
1452 808 1589 890 gladiose

270 915 372 976 radius
401 922 430 975 et
457 913 531 976 baec
559 915 678 976 nomina
707 913 766 976 dno
789 915 852 976 r'in
876 914 1015 992 genetiuo
1044 911 1165 976 babent.
1208 912 1281 975 lnde
1302 912 1564 1004 grammaticus

270 1015 354 1078 dicit:
384 1015 484 1078 omnia
512 1017 630 1076 nomirta
660 1016 690 1078 iu
719 1016 766 1077 ius
793 1015 842 1077 uel
870 1015 903 1076 in
930 1016 990 1077 ium
1014 1015 1178 1078 desinentia
1199 1016 1210 1076 i
1232 1013 1383 1096 duplicem
1405 1012 1512 1076 babent
1533 1013 1565 1074 in

270 1117 424 1196 genetiuo,
450 1124 483 1178 ut
505 1115 554 1178 bio
576 1115 693 1179 sobrius
716 1115 802 1178 liuius
823 1115 929 1186 sobrii,
953 1117 1011 1178 hoo
1032 1117 1173 1196 gaudium
1195 1115 1284 1178 buius
1305 1116 1422 1196 gaudii,
1444 1125 1474 1178 et
1492 1114 1565 1176 baec

270 1221 388 1280 nourina
412 1215 573 1282 masculina
597 1219 627 1278 in
652 1220 700 1279 ius
723 1217 887 1280 desinentia
911 1236 1029 1299 semper
1051 1215 1200 1282 secundae
1221 1217 1429 1282 declinationis
1449 1225 1515 1279 sont
1536 1224 1567 1278 et

270 1321 328 1382 ‹luo
351 1323 365 1398 i
383 1319 547 1382 obseruant
567 1321 598 1381 iu
623 1319 805 1380 nominatiuo
829 1326 858 1380 et
880 1319 1016 1381 uocatioo
1038 1319 1159 1401 plurali,
1183 1329 1217 1383 ut
1238 1321 1270 1382 bi
1291 1318 1368 1382 radii
1391 1329 1423 1382 et
1443 1319 1600 1388 oradii;1o

269 1423 311 1484 sic
340 1424 428 1483 etiam
457 1423 489 1484 iu
518 1421 619 1484 datiuo
641 1429 671 1482 et
693 1419 823 1484 ablatino
850 1420 956 1502 plurali
984 1423 1131 1502 getninata
1154 1425 1164 1484 i
1185 1421 1282 1484 littera
1310 1422 1510 1502 proierunbu,
1534 1427 1567 1482 ut

271 1525 318 1586 bis
340 1524 432 1586 radiis
455 1530 484 1584 et
506 1523 543 1584 ab
565 1524 612 1585 bis
633 1522 737 1584 radiis.
781 1523 1002 1586 Priscianus
1024 1533 1123 1586 tamen
1145 1523 1231 1586 dixit:
1264 1525 1435 1586 inueuimus
1456 1529 1567 1586 veteres

271 1630 280 1688 i
304 1625 481 1688 subtrahere
504 1627 535 1686 in
558 1625 697 1704 genetiuo
720 1627 873 1687 nominum
896 1627 926 1688 iu
945 1625 992 1688 ius
1014 1625 1063 1688 uel
1084 1627 1115 1688 iu
1139 1628 1200 1688 ium
1224 1627 1445 1688 terminantium
1473 1626 1566 1686 nomi·

271 1728 419 1798 uatiuum,
448 1735 481 1790 ut
503 1727 601 1808 peculi
623 1746 679 1808 pro
701 1727 825 1808 peculii,
855 1728 963 1789 Antoni
985 1746 1041 1808 pro
1068 1730 1205 1798 Antonii,
1235 1729 1335 1806 tuguri
1362 1747 1417 1807 pro
1445 1725 1565 1806 tugurii.

272 1831 427 1892 Vocatiuus
460 1837 558 1892 autem
591 1831 724 1891 omniunt
758 1830 912 1892 nominum
945 1831 973 1890 iu
1007 1831 1053 1892 ius
1081 1830 1279 1892 desinentium
1308 1831 1407 1890 minor
1434 1837 1480 1890 est
1508 1845 1601 1890 unare

271 1931 381 2012 syllaba
405 1949 492 2010 quam
516 1932 725 1994 nominatiuus.
770 1932 848 1994 Hinc
864 1932 1086 1994 Priscianus
1109 1933 1194 1995 dixit:
1219 1932 1346 1995 Omnis
1370 1931 1566 1994 uocatiuu's

271 2036 305 2094 iu
328 2035 338 2094 i
361 2034 540 2095 desinens
563 2053 634 2096 una
661 2031 805 2114 syllaba
835 2035 956 2095 minor
983 2035 1092 2096 debet
1118 2051 1198 2096 esse
1226 2054 1292 2096 sno
1321 2035 1566 2101 nominatius,

271 2143 310 2196 ut
336 2135 524 2196 Salustius
553 2133 694 2198 Salusti
722 2135 869 2196 abiecta
898 2153 955 2204 us,
986 2135 1167 2214 Virgilius
1189 2136 1342 2214 Virgili,
1365 2135 1568 2198 Terentius

271 2257 289 2296 o
312 2235 475 2298 Terenti.
520 2236 600 2297 Haec
629 2243 728 2298 tamen
757 2235 859 2299 eadem
883 2238 972 2299 etlam
995 2239 1026 2298 in
1050 2256 1066 2298 e
1087 2237 1282 2317 proterebant
1303 2238 1512 2318 antiquissimi,
1536 2243 1568 2298 ut

272 2359 289 2400 o
312 2337 449 2418 Virgilio,
474 2357 491 2398 o
514 2337 669 2400 Mercurio.
714 2339 867 2402 inuenitur
890 2357 982 2402 uuum
1006 2357 1125 2416 nomen,
1149 2339 1227 2419 quod
1250 2345 1310 2402 tam
1333 2341 1365 2400 in
1388 2359 1405 2402 e
1427 2356 1515 2417 quam
1537 2339 1602 2398 ineo

271 2442 281 2499 i
304 2439 374 2500 iacit
392 2442 576 2510 uocatiuum,
600 2442 736 2520 quamuis
757 2443 797 2502 sit
818 2440 1042 2521 appellatiuum,
1066 2461 1084 2502 o
1106 2440 1164 2502 ldie
1188 2450 1218 2502 et
1240 2461 1258 2502 o
1281 2440 1321 2502 lili
1334 2439 1380 2502 uel
1396 2439 1482 2504 filins.
1505 2439 1568 2502 atra

273 2559 346 2603 uero
375 2543 496 2602 uomina
525 2543 555 2602 in
585 2561 620 2603 us
649 2541 812 2604 desinentia
841 2542 1002 2604 masculine
1032 2563 1086 2605 sen
1108 2544 1250 2606 feminina
1273 2561 1419 2606 conuersa
1441 2560 1476 2605 us
1498 2545 1568 2604 ins

272 2643 385 2702 laciuut
413 2645 598 2715 montinum,
629 2653 661 2707 ut
688 2643 737 2705 bic
763 2644 899 2706 Priamus
926 2665 944 2706 o
972 2646 1104 2717 Priame,
1133 2647 1200 2726 pius
1227 2647 1290 2724 pie,
1323 2653 1436 2726 myrtus
1463 2653 1568 2726 myrto.

272 2744 324 2806 Est
342 2751 456 2815 umen,
479 2744 598 2826 quaudo
621 2747 803 2808 nominatiuo
831 2747 863 2808 in
885 2767 921 2809 ns
951 2749 1110 2809 terminato
1137 2765 1194 2828 pro
1222 2749 1360 2809 uncatiuo
1389 2747 1454 2810 sine
1481 2747 1568 2809 metri

273 2849 337 2908 siue
360 2846 526 2929 euphoniae
547 2866 636 2912 causa
660 2855 794 2918 utuntur,
818 2848 1001 2913 Lucanus:
1579 2861 1601 2902 ²⁵

671 2950 836 3029 degener
860 2969 878 3013 o
899 2951 1068 3032 populus.

272 3050 461 3131 Virgilius
483 3053 513 3114 in
537 3060 643 3116 octauo
665 3051 756 3115 libro:

425 3155 607 3233 Corniger
629 3155 874 3235 Hesperidum
897 3153 1043 3218 fluuius
1064 3161 1243 3234 regnator
1265 3173 1453 3235 aquarum.

273 3255 309 3318 Et
329 3257 403 3318 baec
425 3257 545 3318 uomina
573 3259 603 3318 in
632 3259 680 3318 ius
708 3257 872 3318 desinentia
895 3257 937 3318 sic
960 3253 1160 3319 declinantur:
1189 3256 1239 3318 bic
1266 3254 1567 3340 tiliuslllol.100⁸ll

273 3459 331 3520 hoo
358 3458 419 3520 utic
447 3468 477 3521 et
498 3457 605 3540 plurali
628 3460 659 3520 hi
681 3459 747 3530 ulii,
777 3460 884 3522 horum
913 3459 1056 3532 liliorum,
1084 3461 1130 3523 bis
1153 3459 1237 3532 liliis,
1265 3459 1320 3522 boa
1347 3459 1437 3532 lilios,
1467 3459 1568 3528 nfllii,

274 3560 311 3622 ab
333 3562 381 3622 bis
402 3561 479 3622 liliis.
517 3561 566 3623 Sic
588 3560 753 3624 declinatur
776 3562 875 3624 radius
897 3559 1015 3624 sobrius
1036 3561 1179 3642 lignarius
1200 3561 1315 3642 gladius
1337 3564 1478 3644 aquarius
1500 3580 1568 3625 oon·
1592 3635 1596 3654 ἢ

273 3358 361 3420 huius
389 3356 455 3428 liiii,
484 3356 585 3420 datiuo
614 3359 684 3420 huic
710 3357 784 3428 iilic,
814 3357 893 3420 bunc
922 3358 1030 3430 tilium,
1060 3357 1179 3422 utilius
1202 3368 1271 3420 eto
1294 3357 1336 3421 flii
1359 3358 1408 3421 uel
1429 3357 1504 3430 tilio,
1533 3356 1602 3418 aba
1650 3379 1651 3396 ι

273 3661 402 3725 sillarius
424 3662 538 3725 Ennius
560 3663 651 3726 lulius
675 3663 806 3726 Valerius
833 3664 992 3726 Terentius
1013 3664 1150 3744 Virgilius
1177 3664 1291 3728 Tullius
1317 3663 1464 3728 Salustius
1485 3664 1569 3728 Clau·
1650 3682 1651 3748 ι

274 3764 340 3825 dius
362 3763 505 3826 Antonius
528 3766 692 3843 Gregorius
714 3773 744 3827 et
765 3776 873 3828 cetera.
912 3767 983 3828 item
1006 3765 1163 3846 aliquando
1185 3785 1205 3828 u
1227 3766 1293 3828 loco
1316 3767 1507 3829 consonantis
1528 3767 1569 3826 in·

274 3866 394 3927 oouitur
421 3873 489 3927 ante
516 3885 551 3928 us
578 3869 706 3946 positum
735 3877 764 3929 et
791 3866 840 3930 illa
867 3868 986 3930 uomina
1014 3864 1162 3934 secundae
1191 3867 1398 3931 declinationis
1423 3876 1509 3939 suut,
1537 3873 1601 3928 utas

284 4003 504 4014 -.-.-ι---..-

341 4087 408 4139 aba
427 4087 586 4138 ooleiuuia
653 4087 758 4152 iquod
827 4083 1029 4140 bidem‘deolm
1081 4099 1219 4138 cantens
1287 4090 1373 4138 lldrao
1392 4090 1417 4138 iu
1470 4103 1569 4150 gramo-

274 4159 338 4207 tlous
425 4157 484 4207 'liu
504 4173 534 4206 us
602 4156 739 4207 lisubrius
791 4157 872 4206 subrii
940 4156 1026 4206 10lrii
1097 4157 1126 4207 11
1146 4156 1198 4206 litte
1274 4159 1304 4207 12
1322 4155 1481 4222 Priscianus]
1501 4155 1567 4220 εΗ

272 4244 300 4291 p.
319 4228 379 4288 296,
398 4227 427 4274 92
455 4224 601 4287 frequenter
620 4235 702 4275 tumen
721 4226 866 4276 iuueuimus
886 4235 983 4274 ueteres
1003 4225 1027 4274 iu
1046 4225 1222 4275 huiuscemodi
1241 4227 1380 4290 genetiuis,
1408 4226 1474 4276 idest
1491 4225 1567 4290 gerni-

275 4294 393 4344 uautibus
412 4294 429 4354 1,
448 4293 597 4343 subtrahere
613 4293 718 4343 altorem
737 4307 768 4342 ex
787 4294 824 4342 eis
842 4301 891 4345 etr.
961 4295 1105 4344 irrrrauimus
1124 4294 1142 4358 i,
1161 4309 1208 4345 om.
1227 4305 1325 4343 uetares
1398 4296 1428 4344 13
1447 4296 1470 4342 in
1491 4309 1521 4343 us

309 4361 494 4412 dominantium
548 4363 580 4411 14
598 4361 689 4426 peculu
741 4376 787 4426 pro
805 4361 893 4410 antoni
913 4373 971 4426 tego
981 4377 1028 4428 pru
1039 4362 1131 4428 tegorii
1185 4363 1215 4412 16
1234 4359 1392 4428 Priscianus]
1412 4361 1567 4427 Ipsum

276 4432 307 4480 18
324 4431 399 4480 debet
415 4445 462 4480 om.
551 4428 582 4480 18
600 4429 735 4480 terrentius
754 4432 768 4476 ιἰ
787 4430 889 4480 terrenti
976 4433 1006 4481 19
1025 4431 1087 4480 baec
1105 4427 1255 4496 tarneu]·cs.
1273 4431 1359 4482 Prisc.
1378 4429 1395 4480 1
1412 4447 1439 4494 p.
1460 4433 1521 4494 301,
1540 4429 1568 4478 19

308 4498 444 4562 untiqnissl
512 4499 547 4548 20
564 4497 666 4565 uirgilip
718 4499 842 4572 mercurip
909 4501 940 4548 st
961 4513 976 4547 n
994 4497 1038 4547 lilii
1107 4499 1140 4550 23
1159 4498 1251 4548 betium
1317 4501 1352 4549 24
1369 4509 1481 4548 estameo
1538 4495 1569 4546 25
1650 4553 1651 4562 ἵ

275 4567 383 4630 coponio
453 4564 584 4633 Lucanus]
610 4567 704 4620 Pborr.
723 4566 758 4618 11
777 4570 825 4616 116
909 4569 942 4616 ‘ab
960 4567 992 4616 de
1012 4581 1105 4632 uegern
1125 4567 1227 4632 populis
1295 4568 1328 4616 et
1349 4563 1487 4631 Virgilius]
1508 4567 1568 4616 Aen.

280 4633 354 4684 VIII
374 4639 405 4684 77
456 4635 497 4685 siu
515 4645 605 4686 octauo
674 4637 707 4686 28
725 4637 842 4700 corluger
893 4647 1014 4701 reguntur
1065 4633 1099 4688 30
1117 4635 1156 4684 uei
1175 4632 1228 4702 lilip
1279 4636 1311 4686 st
1330 4635 1366 4683 bii
1417 4637 1450 4686 32
1468 4635 1567 4684 sobrius

276 4703 309 4752 33
325 4701 410 4752 irruius
462 4703 597 4754 terrentius
649 4703 777 4754 saluocius
