3378 5550
268 329 326 378 σιν
652 311 905 374 ovassrrouss
925 287 1189 364 ostunarrcas

267 506 381 564 metica
404 505 606 579 cooperatrice
631 503 766 578 caplim:
793 501 841 562 Sic
871 509 900 561 et
928 497 1001 562 illud
1030 517 1148 580 quoque
1176 499 1256 580 qnod
1285 507 1388 560 contra
1418 499 1563 561 lulianum

268 606 341 667 dixit
363 605 523 666 Sanctus
545 605 775 682 Augustinus
804 583 1014 682 engilmon:
1045 602 1150 664 ‘Mira
1181 609 1267 662 sunt
1295 620 1386 682 quae
1414 601 1562 671 dicitis,

267 725 363 768 noua
385 715 472 766 sunt
494 723 588 784 quae
612 705 758 774 dicitis,
790 703 880 767 lalsa
909 713 994 766 sunt
1020 722 1113 784 quae
1142 703 1288 774 dicitis,
1318 706 1410 764 mira
1432 701 1564 785 stupe-

267 828 358 878 rnus,
382 825 477 868 noua
501 825 687 878 canemus,
718 805 809 867 lalsa
833 807 1113 875 conuincimns,
1132 809 1177 892 ita
1201 806 1350 867 transtulit
1371 808 1564 886 interpres

268 913 431 974 Graecus
453 911 628 989 (intrespres
651 909 783 988 grecuslz
813 887 1015 970 ‘lliraesunt
1037 927 1109 987 quas
1133 906 1243 976 dicitis,
1274 925 1369 970 nouae
1397 917 1467 968 sunt
1488 927 1564 989 quas

267 1015 381 1080 dicitis,
410 1011 501 1073 lalsae
525 1019 593 1074 sunt
615 1029 688 1091 quas
715 1009 828 1081 dicitis,
859 1013 950 1072 miras
978 1019 1145 1091 stupemus,
1173 1027 1266 1072 nouas
1293 1027 1448 1079 canemus
1476 1008 1564 1070 lalsas

267 1116 495 1177 conuincimus'.

352 1217 373 1278 l.
398 1212 864 1276 transnominaret:
895 1223 1093 1295 separatae
1116 1215 1431 1293 praepositiones
1453 1232 1564 1294 sepa-

267 1321 363 1380 ratis
386 1316 739 1399 praepositionibus
762 1332 831 1376 non
855 1314 1061 1378 cohaerent
1083 1315 1214 1394 (cehe-l,
1239 1315 1337 1376 diuina
1361 1324 1458 1377 tamen
1482 1315 1563 1377 Scri·

267 1429 355 1501 ptura
377 1429 560 1500 postponens
588 1416 656 1478 talia
685 1417 862 1499 plerumque
891 1419 1104 1499 praepositioni
1131 1419 1379 1498 praepositionem
1403 1419 1506 1498 iungit,
1531 1427 1565 1480 ut

269 1530 313 1584 est
335 1522 421 1584 illud:
446 1524 515 1583 ‘dut
536 1529 618 1582 certe
641 1519 771 1598 desuper
795 1527 903 1580 terram
933 1521 1041 1599 eripias
1064 1523 1122 1580 me’
1154 1528 1196 1580 et:
1227 1518 1335 1581 ‘desub
1357 1521 1441 1582 cuius
1463 1520 1564 1604 pede',

268 1623 418 1686 similiter:
442 1623 559 1702 ‘depost
580 1622 716 1683 letantcs’
741 1621 899 1701 (letantes).
923 1621 1074 1683 liecenseo
1091 1620 1194 1683 hahuit
1209 1623 1374 1699 antiquitus
1396 1623 1455 1684 duo
1478 1642 1564 1702 prae·

269 1728 354 1787 terita
384 1725 488 1805 (pre)
512 1726 701 1785 ‘recenseui'
726 1731 756 1783 et
777 1724 961 1792 ‘recensui'‚
990 1724 1066 1785 sicut
1093 1724 1207 1785 scillcet
1237 1723 1360 1786 ‘aholeo
1389 1723 1507 1787 aboleni
1535 1734 1565 1786 et

268 1828 395 1891 abolui’:
420 1847 436 1888 a
459 1845 602 1888 recenseo
625 1827 769 1888 remansit
791 1828 997 1900 ‘recensetus’‚
1022 1834 1054 1886 ut
1077 1824 1114 1886 ab
1129 1823 1208 1886 oleoi
1230 1825 1398 1898 ‘aboletus’,
1422 1827 1466 1901 cs.
1484 1828 1561 1888 Bon.

264 1951 298 2011 p.
324 1937 388 2006 aet,
415 1937 449 1990 19
470 1937 498 1990 et
521 1932 558 1990 de
575 1931 735 2005 postremis
751 1947 787 2005 p:
813 1933 878 2002 180,
905 1935 949 1990 11.
975 1935 1019 1989 13.

352 2034 533 2094 Posteriores
555 2038 705 2092 tractatus
726 2031 803 2091 hoec
823 2039 909 2091 sunt:

254 2111 256 2128 Ι
352 2135 371 2194 l.
395 2130 457 2196 63b
486 2132 620 2212 Hymnus
649 2131 773 2213 (ymnus)
802 2130 852 2192 ille
880 2132 933 2192 iste
962 2131 1116 2192 conlessor
1149 2132 1186 2192 de
1215 2131 1314 2194 multis
1342 2131 1565 2196 consessoribus

268 2245 347 2298 totus
369 2233 487 2314 placere
510 2233 614 2304 dehet;
639 2242 669 2294 at
684 2242 781 2294 tamen
797 2231 834 2293 de
849 2232 998 2295 nonnullis
1014 2251 1072 2294 non
1096 2235 1234 2294 inmerito
1256 2253 1362 2296 uersus
1376 2233 1425 2296 ille
1441 2246 1564 2316 propter

269 2339 458 2400 uiolationem
482 2336 616 2397 ueritatis
636 2343 715 2397 totus
737 2334 875 2415 displicet
895 2332 918 2416 †
941 2334 976 2394 ad
998 2353 1115 2396 sacrum
1139 2338 1239 2404 cuius:
1264 2337 1312 2398 uix
1336 2337 1414 2398 enim
1437 2338 1474 2398 de
1497 2341 1564 2418 qui-

268 2440 390 2501 busdam
413 2439 446 2500 iit
468 2439 497 2499 in
521 2456 599 2499 anno
622 2437 699 2518 quod
722 2439 753 2499 in
776 2457 812 2498 eo
833 2435 1008 2518 perhibetur
1031 2437 1212 2518 irequeuter.
1250 2437 1342 2517 lgitur
1365 2447 1415 2500 aut
1437 2439 1473 2500 de
1496 2441 1563 2502 tali·

267 2541 323 2603 bus
349 2541 399 2602 ille
430 2559 536 2602 uersus
564 2539 744 2602 omittendus
773 2548 816 2602 est
842 2540 974 2619 penitus,
1006 2547 1056 2601 aut
1078 2538 1236 2601 dicendum
1259 2540 1349 2600 corda
1373 2539 1563 2620 languentum

268 2641 495 2724 (languentium)
520 2649 571 2702 aut
592 2641 766 2722 spiritaliter
789 2649 833 2702 est
853 2640 891 2701 de
917 2639 1061 2703 membris
1084 2650 1149 2710 etc,
1172 2642 1216 2715 cs.
1235 2661 1270 2720 p.
1297 2649 1362 2718 183,
1389 2652 1435 2705 17.

352 2745 370 2806 l.
394 2741 455 2808 66ι
478 2743 627 2806 llletuebat
648 2743 782 2804 llerodes
803 2742 965 2803 Iohannem
984 2740 1010 2802 i.
1035 2742 1224 2805 manifestum
1241 2746 1320 2805 enim
1341 2746 1449 2806 lactum
1467 2746 1564 2808 luerat

269 2866 376 2910 nomen
401 2849 465 2908 eius
489 2845 526 2908 olt
550 2847 675 2924 insignia
691 2847 852 2906 uirtutum:
874 2855 1033 2925 propterea
1052 2843 1210 2907 uerebatur
1225 2843 1334 2927 illum].
1374 2846 1480 2909 Nescio
1497 2851 1564 2926 quis

267 2953 357 3012 istum
379 2967 498 3012 uersum
523 2948 641 3017 lecerit,
671 2949 732 3008 scio
756 2957 868 3017 tamen,
900 2947 977 3023 quod
1007 2947 1134 3009 Sanctus
1155 2947 1301 3009 lohannes
1323 2951 1450 3029 insignia
1475 2952 1564 3011 mira-

268 3052 403 3114 culorum
432 3068 491 3111 non
520 3051 626 3128 egerit.
672 3048 790 3130 Nullum
826 3050 904 3109 enirn
939 3047 1065 3110 debilem
1094 3051 1283 3112 infirmumue
1317 3052 1433 3113 curauit
1466 3069 1563 3130 neque

269 3152 464 3236 corporaliter
486 3152 614 3231 aliquem
637 3153 766 3222 sanauit,
795 3149 972 3231 spiritalium
1002 3159 1098 3212 tamen
1128 3153 1269 3212 uirtutum
1293 3153 1422 3214 efficacia
1452 3155 1562 3266 (ntia)

267 3259 427 3337 praecipue
450 3257 537 3317 nituit
558 3264 645 3332 atque
668 3253 801 3314 radiauit.

354 3359 372 3418 l.
397 3355 458 3418 llb
482 3359 535 3430 (dc
557 3359 687 3418 dictione
710 3357 805 3418 ‘uenit
826 3359 857 3416 in
878 3357 1015 3416 mentcm’
1041 3357 1176 3430 apim).-
1205 3355 1288 3428 Quod
1318 3365 1347 3418 et
1375 3357 1470 3436 ipsmn
1499 3357 1561 3418 sole

270 3461 378 3521 clarius
407 3461 436 3520 in
466 3458 558 3520 uerbo
588 3459 718 3519 ‘miror'
744 3457 857 3537 (minor
885 3457 988 3540 cod),
1017 3455 1094 3536 quod
1124 3459 1222 3536 posuit
1250 3459 1314 3537 ipse
1343 3457 1561 3522 Priscianus

270 3564 337 3641 (ipsi
359 3563 503 3642 priuanus
524 3559 620 3638 cod),
650 3576 830 3638 cognoscere
853 3577 1025 3636 possumus:
1056 3559 1096 3618 ait
1125 3561 1201 3620 enim
1224 3558 1329 3620 ‘miror
1353 3559 1460 3638 (minor
1481 3561 1561 3640 cod.)

269 3662 363 3724 illum'
384 3672 417 3725 et
439 3661 538 3723 ‘illius’
564 3671 593 3723 et
615 3660 699 3732 ‘illo',
724 3669 770 3722 ut:

736 3779 863 3842 llolem
888 3780 1074 3842 mirantur

270 3869 400 3950 (miranti
423 3843 504 3944 cod.)
527 3875 569 3927 et:

381 3969 584 4030 lustitiane
607 3969 712 4048 prius
735 3966 812 4048 (plus
832 3965 910 4048 cod.)
935 3969 1050 4030 mirer
1073 3967 1213 4029 belline
1236 3967 1404 4029 laborum
1426 4003 1469 4014 -

270 4073 328 4147 (cs.
353 4074 450 4146 Prisc.
475 4073 511 4132 Il
528 4089 562 4151 p.
588 4077 657 4144 319,
682 4075 795 4138 9—13,·
826 4069 915 4146 Ver-p.
940 4071 1150 4149 Aen.ll‚32;
1172 4071 1322 4148 XJ,126)
1346 4073 1451 4132 ‘miror
1467 4073 1561 4134 illum'

270 4173 383 4258 (minor
404 4175 483 4252 cod.)
507 4174 606 4254 posuit
628 4171 755 4250 proprie,
781 4173 888 4231 ‘miror
909 4171 1000 4233 illius'
1030 4171 1162 4250 figurate.
1207 4172 1321 4234 ‘llliror’
1347 4191 1465 4254 quoqne
1488 4173 1560 4235 ‘illo'

270 4276 407 4346 resolute,
432 4275 510 4336 unde
532 4271 556 4356 †
578 4291 691 4353 negens
716 4272 910 4353 (genetiuusl)
934 4272 984 4334 ille
1006 4292 1060 4353 pro
1085 4275 1267 4335 nominatiuo
1290 4282 1349 4336 stat
1369 4276 1446 4356 apud
1470 4277 1562 4338 Boc·

270 4379 360 4438 tium
384 4377 522 4459 (boetiam
538 4375 618 4457 cod.)
643 4378 724 4437 iuxta
748 4374 935 4436 traditionem
954 4375 1206 4452 (iuxtraditiouem
1222 4378 1301 4456 cod.)
1326 4381 1458 4440 omnium
1474 4377 1562 4442 huius

270 4481 413 4558 temporis
442 4480 531 4554 (omni
559 4478 639 4540 hunc
673 4479 816 4557 temporis
843 4475 926 4552 cod.)
962 4475 1129 4538 hominum:
1165 4481 1224 4540 ‘uti
1256 4498 1338 4540 nunc
1367 4481 1474 4542 mentis
1501 4485 1561 4541 es'.

270 4583 360 4643 diunt
382 4581 459 4640 enim
483 4579 566 4641 uelut
589 4588 784 4659 exponentes:
814 4581 869 4640 ‘uti
893 4597 971 4640 nunc
994 4597 1109 4640 memor
1132 4583 1186 4655 es’,
1210 4599 1276 4642 cum
1301 4583 1339 4642 sit
1360 4581 1560 4645 solummodo:

270 4683 324 4743 ‘nti
351 4700 429 4742 nunc
458 4689 587 4743 mentem
616 4680 733 4758 habes’,
769 4689 801 4742 ut
828 4679 916 4742 illud:
946 4681 1010 4760 ‘qui
1038 4683 1146 4742 mentis
1175 4691 1219 4742 est
1244 4680 1269 4763 †
1297 4682 1355 4743 duo
1384 4693 1505 4746 corruet
1531 4686 1560 4744 in

271 4782 403 4845 inalum’.
