3354 5580
289 335 353 400 234
683 337 918 392 conuenerit
938 339 1182 390 utnstnnertsn

201 527 444 590 aas,snumeri.
487 523 574 586 blodo
605 526 692 595 dicit,
722 525 830 604 quibos
859 524 977 587 casibus
1006 527 1170 604 iunguntur
1197 525 1315 605 gratim.
1359 526 1495 588 Alieno
1524 545 1583 606 ge-

290 629 362 696 neri,
386 636 432 689 ut:
463 627 570 688 ‘bomo
592 627 697 688 lortlor
726 625 876 695 leonibus,
911 625 1042 688 uelocior
1070 627 1197 708 aquilis’.
1243 627 1305 688 Vel
1338 647 1403 688 suo
1435 632 1581 708 generi,

200 736 323 796 oracul
350 729 439 790 bomo
467 727 637 791 hominibus
664 739 862 809 comparator.
907 731 948 790 Vt
975 730 1111 790 ilector
1144 729 1281 790 lortior
1315 731 1370 792 luit
1396 730 1581 792 Diomede.

289 830 377 892 blodo
404 829 502 892 alieno
527 831 645 908 generi,
673 831 741 910 quia
764 830 876 892 Hector
897 831 1045 891 Troianus
1067 831 1137 900 luit,
1167 830 1322 893 Diomedes
1345 851 1419 893 uero
1440 832 1582 894 Graecus.

290 932 473 994 audacior
503 931 691 1001 Troianis,
721 931 809 993 modo
836 951 892 994 sno
913 933 1025 1011 generi.
1070 932 1230 994 Sciendum
1253 940 1351 994 autem
1373 935 1440 1014 quia
1461 953 1602 1014 compa-s

291 1036 403 1095 ratluos
426 1051 485 1094 non
508 1031 603 1094 solurn
626 1032 755 1095 ablatiuo
778 1035 923 1112 iungitur,
953 1033 1005 1096 sed
1029 1035 1115 1094 etiam
1140 1035 1338 1102 nominatioo,
1367 1053 1433 1096 cum
1457 1038 1583 1112 ‘quam’

291 1135 449 1216 particula:
472 1136 536 1196 sine
559 1136 636 1196 enirn
659 1134 708 1196 illa
732 1153 791 1196 non
814 1143 919 1215 potest.
964 1133 1052 1198 Verbi
1075 1137 1168 1214 gratia
1192 1135 1336 1196 ‘uelocior
1357 1135 1402 1196 est
1423 1135 1471 1197 bic
1494 1155 1581 1215 qoam

289 1237 362 1298 ille’.
408 1237 443 1297 Et
466 1236 619 1298 sciendum
644 1233 657 1318 ll
677 1235 737 1300 155
754 1235 766 1318 ll
789 1239 856 1316 quia
885 1239 1018 1317 iungitur
1046 1236 1246 1316 superlatiuns
1274 1237 1454 1298 nominatiuo
1482 1238 1581 1314 singu·

288 1338 341 1399 lari
370 1340 538 1408 nominum,
568 1339 635 1416 quia
665 1339 694 1398 in
723 1339 927 1415 singularitate
956 1337 1152 1418 pluralitatem
1177 1338 1299 1410 liabent,
1329 1349 1361 1400 ut
1383 1338 1583 1400 ‘doctissimos

288 1441 400 1520 populi’
416 1448 445 1500 et
461 1441 711 1520 ‘sapientissimus
733 1442 904 1502 contionis’.
942 1440 1046 1502 Contio
1069 1439 1178 1501 dicitur
1200 1443 1392 1519 congregatio
1415 1439 1581 1500 bominum.
1595 1455 1615 1490 10

198 1543 534 1608 ars,aFortissimos
567 1542 824 1602 Troianorum.
867 1541 955 1604 blodo
987 1561 1041 1602 suo
1071 1543 1190 1620 generi,
1223 1541 1371 1604 Troianus
1403 1543 1483 1602 enim
1518 1543 1582 1602 init.

185 1663 235 1710 ara,
250 1665 274 1703 ro
287 1643 389 1705 Nulli
412 1653 665 1722 comparator,
688 1645 758 1723 quia
780 1660 840 1704 oon
864 1642 953 1704 babet
974 1641 1096 1704 alteram
1114 1625 1271 1720 personam
1288 1645 1335 1703 cui
1351 1642 1521 1723 copuletur,
1546 1652 1583 1704 ut

286 1747 436 1826 iupiter
458 1748 621 1825 optimus
644 1745 841 1814 maximus,
864 1747 884 1804 i·
907 1763 1034 1823 magnus
1057 1745 1180 1824 iupiter.

185 1866 273 1914 orsu
356 1846 587 1926 Degeneribus.
630 1846 777 1908 Genera
800 1849 984 1908 nominum
1007 1854 1091 1907 sunt
1114 1853 1301 1923 quattuor.
1346 1846 1449 1908 Genus
1471 1846 1582 1908 dicitur

287 1969 301 2010 a
325 1948 513 2028 generando,
543 1949 680 2029 eoquod
709 1957 833 2028 generet
856 1955 885 2008 et
907 1957 1074 2027 generetur.
1119 1947 1179 2008 Nae
1203 1950 1295 2008 maris
1317 1956 1362 2008 est
1382 1950 1615 2028 primitiuum,1⁵

286 2049 356 2111 inde
371 2051 582 2112 diminotluum
598 2049 746 2112 masculus
761 2048 788 2110 la
804 2049 872 2121 lum,
890 2049 968 2110 unde
985 2057 1014 2110 et
1028 2047 1241 2110 ‘masculum
1257 2051 1327 2110 tus’
1343 2047 1480 2126 legimus.
1507 2049 1582 2110 ilinc

287 2154 373 2214 etiam
390 2151 586 2214 masculinnm
598 2152 755 2214 dirioatur.
781 2151 892 2214 Nemeo
905 2153 1023 2213 lerninis
1036 2159 1066 2211 et
1077 2151 1173 2212 lemur
1191 2153 1316 2212 femoris
1328 2160 1430 2231 partes
1437 2149 1583 2214 'uidelicet

286 2255 420 2338 corporis
443 2256 467 2314 i·
491 2253 570 2314 inter
597 2251 709 2315 coxalia
738 2253 845 2330 quibus
873 2255 959 2334 equis
985 2237 1260 2330 insidemus,{inde
1289 2251 1432 2314 diriuatur
1461 2255 1592 2315 lamini·

286 2375 382 2442 num..
412 2356 557 2416 Neutrum
579 2372 675 2433 genos
696 2355 806 2416 dicitur
828 2373 882 2435 per
905 2353 1129 2443 abnegationem
1152 2353 1293 2423 duorum,
1326 2356 1417 2416 maris
1439 2353 1583 2416 uidelicet

264 2465 315 2518 ¹et
344 2459 480 2518 leminae.
526 2457 689 2518 Commune
722 2475 817 2535 genus
848 2475 903 2536 per
936 2455 1233 2536 comprehensionem
1263 2458 1354 2518 maris
1382 2465 1411 2518 et
1439 2457 1616 2526 reminsem

286 2560 353 2638 qnia
383 2558 438 2620 sub
468 2576 525 2620 una
554 2556 718 2620 litteratura
747 2558 806 2620 duo
833 2576 942 2638 genera
971 2556 1207 2636 comprehendit.
1253 2559 1346 2620 liter
1370 2556 1417 2618 bis
1439 2566 1581 2636 quattuor

284 2659 444 2738 generibus
466 2659 525 2720 doo
548 2667 617 2720 sunt
638 2658 812 2739 principalia
836 2677 962 2740 genera,
986 2657 1181 2720 masculinnm
1205 2669 1235 2720 et
1255 2660 1442 2728 femininum,
1464 2660 1581 2738 reliqua

183 2784 233 2832 ars,
248 2785 272 2824 rs
286 2781 359 2824 uero
381 2759 533 2822 artificalis
557 2762 576 2819 i·
600 2779 634 2821 ex
658 2770 721 2822 arte
744 2760 964 2822 descendentia.
987 2761 1132 2822 —-‘llie’
1155 2758 1312 2840 aliquando
1333 2778 1499 2841 pronomen
1525 2769 1580 2826 est,

284 2862 442 2944 aliquando
464 2862 616 2924 articulus.
662 2863 830 2925 Pronomen
854 2871 900 2924 est
921 2864 951 2923 in
975 2861 1237 2931 demonstratione,
1261 2881 1328 2925 cum
1352 2862 1494 2923 dicimus:
1519 2861 1581 2922 ‘bic

284 2967 375 3035 lecit’,
405 2965 652 3035 demonstrando,
676 2963 819 3025 articulus
841 2973 938 3025 autem
961 2966 992 3025 io
1015 2962 1226 3033 decbnatlone‚
1255 2961 1394 3025 uidelicet
1416 2982 1483 3025 oum
1508 2964 1616 3024 orci-e

284 3086 364 3129 rous:
389 3067 450 3126 ‘bic
462 3068 603 3145 magister
627 3066 714 3127 huius
736 3067 891 3145 magistri’.
936 3067 1102 3145 ‘Magister’
1125 3073 1223 3128 autem
1246 3065 1356 3127 dicitur
1378 3067 1462 3143 quasi
1484 3066 1581 3126 maior

284 3171 315 3230 in
337 3169 471 3230 statione.
518 3168 766 3237 Feminioum‚
790 3185 814 3226 s·
838 3185 941 3246 genos.
987 3167 1050 3228 Est
1078 3174 1113 3227 et
1138 3174 1266 3229 cetera
1294 3175 1331 3228 ut
1353 3166 1444 3228 haec
1465 3167 1579 3226 illusa.

284 3269 389 3331 ‘diosa'
413 3269 522 3330 dicitur
545 3271 629 3346 quasi
652 3287 758 3349 moysa.
793 3269 874 3358 bloys
896 3271 975 3330 enim
991 3270 1104 3331 Graece
1127 3268 1236 3331 dicitnr
1258 3287 1347 3348 aqua,
1372 3267 1440 3329 inde
1462 3267 1581 3348 Moyses

284 3371 408 3440 dicitur,
433 3371 499 3450 quia
516 3370 644 3451 deaque
664 3370 867 3432 sublatusest.
905 3375 984 3451 Aqua
1007 3387 1135 3448 namque
1157 3370 1281 3431 multum
1305 3372 1388 3432 iuuet
1409 3371 1438 3430 in
1454 3386 1579 3448 organo,

283 3472 363 3553 quod
390 3474 421 3556 ip
450 3470 582 3552 ydraulia
612 3479 712 3551 potest
741 3471 847 3534 uideri.
896 3472 1035 3533 Ydraulia
1067 3480 1112 3533 est
1143 3489 1303 3550 organum:
1340 3464 1435 3550 ὕδωρ
1462 3471 1615 3532 Graeceio

283 3591 373 3652 aqua,
397 3566 499 3634 αὐλοί
517 3573 661 3634 canoniae
684 3571 825 3634 dicuntur
847 3576 865 3634 i.
889 3574 1012 3635 listulas.
1057 3572 1129 3635 lnde
1149 3573 1304 3648 auloedos,
1329 3574 1379 3650 qui
1399 3572 1470 3633 tibia
1486 3574 1580 3633 canit

284 3677 433 3738 Feruntur·
455 3682 552 3736 autern
581 3674 671 3735 luisse
704 3691 813 3736 nouem
844 3676 944 3736 Nosae
972 3674 1049 3736 filiae
1075 3675 1153 3736 louis
1180 3683 1210 3736 et
1238 3674 1373 3745 lunonis,
1407 3691 1484 3753 quae
1511 3673 1580 3732 ideo

285 3773 409 3858 ll159ll
432 3775 583 3854 finguntur
610 3777 703 3838 luisse
730 3775 807 3837 tiliae
835 3777 913 3838 lonis
940 3785 969 3838 et
997 3777 1131 3846 lunonis,
1160 3778 1228 3856 quia
1256 3776 1336 3837 louis
1362 3777 1425 3855 ipse
1453 3780 1500 3834 est
1528 3793 1580 3834 aer

283 3879 420 3957 superior
443 3884 473 3936 et
495 3878 800 3983 tenuissimusppluno
830 3879 893 3956 ipsa
917 3886 961 3939 est
982 3895 1033 3938 aer
1055 3877 1247 3958 corpulentus
1270 3886 1301 3938 et
1323 3879 1447 3938 uicioior
1467 3884 1578 3937 terrae.

284 3979 326 4040 Ex
347 3965 403 4039 illo
421 3979 499 4040 enirn
522 3981 722 4060 superioriet
744 3977 794 4040 illo
809 3980 945 4040 interiori
961 3988 991 4040 et
1005 3979 1180 4060 corpulento
1195 3979 1346 4058 perficitur
1361 3996 1429 4038 uox.
1462 3977 1615 4039 uouems

284 4088 381 4142 autem
405 4079 472 4140 ideo
494 4081 633 4142 dicuntur
655 4081 746 4142 luisse
769 4083 836 4157 qnia
860 4098 968 4142 nouem
992 4090 1061 4142 sunt
1088 4083 1198 4151 olllcia,
1227 4079 1335 4160 quibus
1363 4098 1420 4141 uox
1447 4079 1579 4139 bumana
1669 4123 1670 4144 2

283 4185 445 4263 peragitur,
469 4181 607 4244 uidelicet
628 4180 743 4263 plectro
767 4181 897 4260 linguae,
926 4181 1051 4263 appulsu
1081 4191 1220 4260 quattuor
1241 4182 1389 4252 dentium,
1419 4198 1577 4259 repercus-
1669 4187 1670 4240 t

283 4285 367 4344 sione
389 4283 517 4344 duorum
540 4281 701 4354 labrorum,
725 4301 800 4364 quae
823 4285 852 4344 in
876 4283 995 4345 modurn
1011 4282 1214 4362 cymbalorum
1237 4285 1481 4363 repercutiuntur
1503 4300 1578 4342 cauo
1669 4281 1670 4360 ξ

182 4397 230 4446 ore,
244 4399 268 4439 rr
282 4386 410 4462 gutturis
432 4393 461 4446 et
483 4385 628 4446 adiutorio
651 4383 809 4465 pulmonis.
854 4385 1032 4447 Neutrum
1054 4406 1077 4447 s
1101 4403 1210 4464 genus,
1241 4392 1296 4446 est
1323 4391 1360 4445 et
1388 4391 1517 4477 cetera
1541 4392 1578 4444 ot
1669 4429 1670 4432 ,

350 4673 476 4738 lgrecos
531 4675 562 4726 16
580 4674 720 4724 masculum
740 4672 791 4738 tos]
810 4673 924 4723 musculo
942 4683 998 4722 tura
1020 4673 1098 4740 Verp.
1112 4673 1170 4726 Ecl.
1187 4672 1265 4723 VIII
1282 4676 1315 4724 65
1377 4675 1408 4725 18
1426 4673 1577 4736 insedimus,

281 4741 511 4858 pprrmlppsppppppp
580 4745 613 4794 30
630 4743 695 4806 gdor
713 4757 787 4807 grece
856 4742 887 4792 31
906 4740 966 4808 aule
1035 4742 1058 4791 ·i·
1078 4741 1178 4792 fistulae
1194 4757 1276 4806 supra
1292 4741 1383 4791 lineam
1437 4740 1545 4790 soledos
1600 4821 1603 4832 .
