3316 5566
271 281 313 345 gg
787 276 855 330 uus
875 278 1051 330 tuoruum

269 489 356 551 quem
386 487 542 539 necamus.
574 474 607 529 ut
634 487 652 528 o
682 467 834 546 magister.
879 465 921 528 lle
950 469 1089 528 uocatiuo
1120 485 1191 530 casu
1221 469 1449 531 Consentius
1474 469 1574 530 dixit:

269 567 845 638 llunccasumaliirectum,alii
868 568 1300 633 rectisimilemdicunt.
1330 569 1482 632 Ablatiuus
1500 571 1574 630 ideo

269 675 386 744 dicitur,
410 673 477 750 quia
501 690 556 753 per
579 689 646 733 cum
670 689 725 732 nos
748 670 866 732 arilerre
889 669 997 749 aliquid
1021 673 1159 749 cuiquam
1183 673 1402 751 significamus.
1424 682 1455 734 nt
1469 671 1575 734 ‘aufer

269 797 284 838 a
309 776 472 854 magistro’.
517 773 590 835 ltem
613 771 789 834 intuendum
812 781 872 844 est,
902 792 953 834 cur
977 774 1178 834 nominatiuus
1206 773 1315 835 dicitur
1339 783 1370 834 ct
1392 793 1450 836 non
1471 776 1574 834 nomi-

270 884 356 940 nator
387 883 436 937 aut
466 877 649 946 nominatus,
680 873 758 955 quod
788 877 829 936 ita
852 873 1026 937 soluendum
1051 883 1105 936 est.
1151 877 1326 938 Nominator
1349 877 1600 944 enim-dicitur,s

270 981 320 1059 qui
348 979 481 1039 nominat
514 976 638 1057 aliquid,
671 977 841 1038 nominatus
869 993 942 1037 uero
970 979 1035 1056 ipse
1065 985 1125 1047 est,
1160 979 1211 1059 qui
1240 976 1276 1038 ab
1304 976 1363 1038 alio
1391 980 1574 1040 nominatur.

269 1079 475 1142 Nominatiuus
505 1086 604 1139 autem
632 1079 755 1148 dieitur,
783 1097 838 1158 per
867 1095 956 1155 quom
984 1080 1169 1141 nominatur:
1198 1081 1241 1140 sic
1268 1082 1427 1158 genetiuns
1454 1079 1577 1142 datiuus

270 1183 456 1244 accusatiuus
484 1181 639 1243 uocatiuus
667 1179 828 1250 abluimus,
859 1198 919 1241 non
947 1182 1065 1259 genitor
1093 1179 1141 1242 uel
1170 1183 1303 1260 genitus,
1332 1200 1392 1244 non
1415 1182 1496 1244 dator
1522 1181 1574 1244 uel

271 1283 372 1354 datus,
396 1300 455 1346 nnn
479 1291 632 1346 accusator
654 1281 703 1345 uel
726 1290 898 1353 accusatus,
922 1300 981 1343 non
1005 1289 1129 1344 uocator
1145 1283 1193 1344 uel
1209 1289 1346 1354 uocatus,
1371 1302 1431 1346 non
1454 1283 1575 1346 ablator
1647 1305 1648 1374 ¹

273 1385 320 1447 uel
344 1382 459 1446 ablatus
481 1385 599 1446 dicendi
621 1394 699 1446 sunt.
743 1385 780 1446 Et
802 1386 875 1446 lracc
897 1385 995 1446 omnia
1016 1387 1135 1447 nomina
1152 1383 1189 1446 ab
1205 1386 1353 1446 inlinitiuo
1375 1388 1475 1448 tuturo
1495 1386 1574 1447 diri·
1588 1403 1612 1440 ιο

272 1494 379 1549 uantur
401 1488 508 1548 horum
532 1485 709 1557 uerborum,
739 1503 815 1564 quac
837 1493 907 1548 srrnt
927 1487 981 1546 ita:
1016 1487 1138 1548 nomino
1161 1469 1351 1582 nominatum
1368 1488 1414 1548 ire
1437 1489 1574 1548 nomina·
1647 1503 1648 1598 ¹

272 1592 352 1652 tiuns
381 1596 492 1650 mutata
520 1597 582 1650 tuni
610 1585 721 1668 syllaba
750 1589 780 1648 in
803 1587 980 1658 clausulam,
1011 1595 1153 1667 quaeest
1180 1591 1273 1658 tiuus;
1303 1592 1345 1651 sic
1373 1591 1532 1668 genetiuus
1556 1609 1572 1650 a
1647 1623 1648 1672 3

272 1695 362 1772 gigno
390 1689 439 1754 uel
466 1690 572 1752 melius
598 1707 691 1768 geno,
722 1689 801 1769 quocl
830 1691 941 1770 antiqui
969 1690 1000 1751 in
1023 1709 1078 1750 usu
1103 1689 1282 1767 habuerunt,
1311 1692 1451 1772 quodque
1471 1693 1573 1754 inlini-

273 1797 367 1856 tinum
396 1795 530 1856 laturum
558 1790 648 1852 hahet
674 1798 814 1870 genetum
837 1793 897 1864 ire,
928 1799 957 1852 ει
983 1791 1053 1852 inde
1081 1792 1114 1852 lit
1141 1795 1311 1871 genoricum
1341 1795 1385 1854 sic
1408 1793 1446 1854 do
1469 1792 1571 1854 clatum
1647 1853 1648 1864 ,

273 1898 317 1957 irc
340 1895 472 1964 dutinus:
496 1913 602 1957 accuso
625 1899 794 1956 accusatum
825 1894 868 1953 ire
895 1896 1095 1964 accusatiuus;
1130 1913 1205 1956 uoco
1228 1903 1366 1956 uocatum
1390 1899 1435 1957 ire
1457 1897 1612 1957 uocati-1⁵
1647 1879 1648 1918 ³

273 2017 344 2067 uus:
369 1998 472 2059 aufero
494 1995 624 2058 ablatum
648 1993 870 2056 truattanuus.
909 1995 982 2057 ltem
1005 1995 1083 2056 aliud
1107 1996 1403 2058 animaduertendum
1421 2007 1474 2068 est,
1495 2015 1572 2077 quo·
1647 2009 1648 2070 ι

275 2099 362 2162 modu
385 2101 415 2160 in
439 2099 622 2160 nominatiuo
644 2096 801 2159 scribenda
823 2105 891 2158 suut
914 2097 988 2158 lraec
1015 2099 1150 2168 nomina,
1180 2097 1259 2160 idest
1280 2108 1378 2160 utrum
1401 2117 1572 2179 perunum

275 2220 294 2262 u
317 2205 370 2263 ita:
395 2201 582 2270 nominatius
607 2218 643 2260 an
666 2218 720 2280 per
742 2199 800 2260 duo
817 2219 835 2260 u
850 2201 904 2260 ita:
928 2201 1143 2269 nominatiuus;
1167 2203 1211 2262 sic
1234 2209 1263 2262 ct
1285 2201 1315 2262 in
1338 2203 1446 2262 ceteris
1467 2201 1569 2262 uideu-
1647 2237 1648 2273 ¹

274 2303 342 2364 dum
367 2310 425 2377 est,
455 2308 554 2362 utrum
582 2303 720 2380 genelius
742 2319 779 2360 an
801 2303 958 2380 genetiuus
981 2302 1145 2381 etreliqua
1169 2301 1316 2364 dicantur.
1361 2303 1424 2364 lloc
1447 2305 1490 2364 ito
1511 2301 1572 2363 sol·
1647 2317 1648 2324 ¹

275 2403 406 2466 nundum
435 2411 492 2474 est,
523 2401 600 2483 quod
625 2420 679 2481 per
701 2401 760 2464 duo
782 2421 801 2463 u
824 2402 915 2464 scribi
943 2402 1068 2464 debent:
1100 2406 1126 2466 si
1149 2405 1227 2466 enim
1250 2407 1280 2466 in
1303 2405 1351 2466 ius
1372 2406 1611 2467 nominatiuusao
1647 2423 1648 2468 t

275 2509 384 2576 exiret,
408 2505 466 2566 duo
489 2507 499 2566 i
522 2506 552 2566 in
575 2507 716 2584 genetiuo
739 2513 854 2574 essem,
886 2505 963 2567 idest
985 2507 1165 2568 nominatius
1186 2509 1357 2578 nominanti,
1381 2507 1450 2585 quia
1473 2507 1572 2568 omnia

275 2609 393 2670 nomina
423 2608 452 2667 in
482 2606 528 2668 ius
556 2606 603 2668 uel
634 2608 664 2667 in
691 2608 753 2667 inm
782 2606 944 2668 desinentia
968 2609 978 2667 i
1002 2606 1148 2690 duplicem
1171 2611 1203 2670 in
1225 2611 1364 2687 genetiuo
1386 2605 1511 2678 habent,
1540 2615 1573 2668 ut
1647 2669 1648 2690 ¹

276 2709 432 2772 Cornelius
460 2705 604 2776 Cornelii;
634 2727 701 2770 cum
731 2727 802 2770 uero
829 2711 859 2770 ui
888 2711 1064 2771 terminatur
1090 2711 1246 2789 genetiuus
1275 2719 1303 2772 ει
1331 2729 1391 2772 non
1415 2709 1528 2771 duobus
1552 2710 1572 2778 i,
1647 2691 1648 2738 l

275 2818 416 2893 apparet.
440 2810 519 2890 quod
543 2811 743 2872 nominatiuus
766 2829 822 2872 uus
844 2809 955 2892 syllaba
971 2813 1148 2874 terminatur
1164 2820 1191 2874 et
1207 2830 1266 2873 nun
1284 2813 1336 2874 ius.
1383 2813 1457 2874 ltem
1479 2815 1572 2874 inter·
1647 2811 1648 2838 ³

274 2912 441 2994 rogandum
465 2920 524 2982 est,
548 2920 621 2994 quot
643 2921 711 2974 sunt
733 2913 846 2974 lormae
869 2911 1010 2975 casuales.
1056 2913 1136 2975 ldest
1159 2931 1220 2975 ser.
1264 2913 1326 2974 ulia
1350 2917 1430 2975 enim
1454 2915 1572 2974 nomina
1586 2933 1610 2972 ss

275 3024 345 3078 sunt
368 3021 555 3095 monoptota,
579 3014 635 3076 alia
658 3013 785 3096 diptota,
809 3013 863 3076 alia
888 3015 1024 3095 triptota,
1048 3013 1103 3076 alia
1120 3023 1293 3096 tetraptota.
1318 3015 1374 3078 alia
1390 3023 1573 3095 pentaptota,

278 3119 334 3180 alia
358 3117 527 3199 hexaptota.
571 3115 643 3178 lnde
665 3115 835 3178 lsidurns
856 3116 942 3177 dicit:
972 3117 1185 3197 lilonoptota
1215 3119 1361 3179 nomina
1391 3115 1572 3184 dictaeo,

277 3219 374 3302 quod
398 3238 468 3280 unu
492 3225 632 3280 tantum
657 3237 742 3280 casu
765 3225 935 3290 utuntur,
961 3227 994 3280 ut
1015 3225 1122 3298 sponte
1144 3219 1213 3281 tabo
1236 3221 1314 3298 lrugi
1338 3217 1422 3280 nihili
1445 3237 1572 3299 nequam
1647 3293 1648 3306 χ

277 3323 320 3384 las
348 3322 432 3382 nolas
461 3337 569 3400 nugas,
600 3326 629 3380 et
655 3321 773 3382 nomina
804 3320 969 3382 litterarum
1000 3330 1029 3382 ει
1056 3323 1174 3383 numeri
1202 3341 1218 3383 a
1246 3329 1384 3402 quattuor
1413 3339 1509 3401 nsque
1537 3319 1573 3381 ad
1647 3377 1648 3392 ,

278 3433 407 3485 centum.
453 3422 615 3483 linuatus
643 3421 727 3484 dicit:
764 3426 896 3503 liptota
927 3425 1076 3485 nomina
1104 3431 1204 3493 sunt,
1239 3442 1330 3504 quae
1359 3441 1483 3503 neque
1510 3441 1609 3503 perso

278 3543 385 3587 casus
414 3541 534 3602 neque
562 3542 628 3604 per
651 3543 823 3586 numeros
851 3524 1104 3587 declinantur.
1151 3525 1207 3586 Sed
1230 3527 1261 3587 in
1283 3525 1330 3586 his
1353 3527 1482 3587 uarietas
1505 3544 1574 3605 qua·

277 3627 371 3690 litatis
399 3646 456 3689 una
485 3624 649 3688 litteratura
678 3625 921 3706 deprehenditur,
951 3635 982 3688 ut
1009 3626 1058 3688 hic
1081 3636 1111 3688 et
1132 3626 1206 3688 lraec
1229 3635 1258 3688 ει
1280 3627 1336 3688 hoc
1358 3645 1452 3706 nugas
1475 3635 1504 3688 ει
1527 3646 1574 3689 εε-

279 3740 352 3792 tera.
398 3729 516 3809 Diptota
546 3729 665 3790 nomina
694 3727 833 3790 dicuntur
863 3748 911 3800 eo,
942 3728 1019 3806 quod
1043 3730 1073 3790 in
1096 3727 1212 3790 duobus
1235 3728 1352 3791 casibus
1373 3731 1574 3810 reperiuntur,

279 3841 311 3892 ut
333 3831 383 3892 liic
405 3829 536 3911 luppiter
558 3827 569 3912 ΙΙ
592 3831 610 3891 1.
627 3827 689 3892 92³2
706 3827 717 3914 ll
740 3849 757 3890 o
779 3831 922 3911 luppiter,
951 3829 999 3892 nic
1022 3831 1167 3912 Diespiter
1190 3850 1207 3891 o
1230 3831 1385 3912 Diespiter,
1414 3829 1467 3892 sed
1490 3829 1575 3891 aliter

279 3932 475 3996 declinantur.
507 3933 548 3994 De
563 3933 611 3994 his
626 3932 729 3994 formis
745 3931 914 3994 casualibus
929 3931 1146 3994 Priscianus
1169 3934 1306 3995 tractauit
1321 3932 1437 3993 dicens:
1461 3931 1573 4004 Quae·
1587 3953 1609 3992 ss

281 4069 508 4081 ...-..-————-·

349 4157 361 4205 1
382 4150 547 4218 corruenslns]
568 4171 597 4218 p.
619 4155 683 4217 351,
702 4156 718 4202 6
737 4153 775 4202 K:
806 4163 911 4219 excepto
936 4153 1068 4211 noctitias,
1095 4169 1170 4216 qrrem
1189 4164 1214 4202 et
1231 4153 1316 4218 ipsum
1335 4153 1450 4218 plerique
1474 4164 1575 4212 uectium,

279 4223 321 4273 ulii
340 4225 401 4276 recti
420 4222 528 4272 similem
547 4233 766 4286 nuncupaurrunt.
818 4235 920 4271 cassium
973 4219 1153 4286 2dblntluus]
1173 4221 1208 4283 cf.
1227 4221 1324 4274 Iridor.
1343 4224 1361 4271 l.
1379 4224 1396 4276 l.
1448 4224 1575 4272 letrron

279 4293 391 4342 minatur
459 4286 549 4354 bqrri]
569 4291 629 4352 quia
691 4291 899 4340 dnonrinatiuus
919 4305 978 4338 uero
1048 4289 1184 4354 dgenltur
1252 4291 1421 4339 llaecusatur
1473 4300 1577 4340 crocatur

279 4361 319 4409 uel
340 4370 445 4411 uocatur
497 4360 528 4409 12
546 4367 668 4407 motuwm
686 4357 783 4422 syllaba
853 4360 884 4409 13
902 4354 981 4423 geno]
1001 4357 1035 4422 cs.
1053 4373 1079 4424 p.
1097 4359 1174 4417 82‚9
1243 4358 1275 4407 14
1292 4359 1439 4422 genetiuum
1458 4359 1494 4408 ire
1546 4361 1577 4410 15

280 4438 427 4479 accusatum
446 4442 473 4476 re
553 4427 583 4476 17
602 4425 669 4476 idem
688 4436 771 4476 utrum
841 4427 873 4476 18
891 4427 1063 4477 nominatione
1133 4429 1164 4478 19
1182 4427 1316 4492 genetiuus
1335 4439 1350 4474 a
1368 4426 1502 4491 genetiuus
1555 4439 1578 4476 et

280 4495 357 4560 rlqua
375 4497 438 4546 llaec
456 4494 607 4546 soluendum
676 4496 708 4544 21
727 4495 779 4546 dno
798 4494 823 4543 in
884 4495 942 4544 item
962 4495 1116 4545 nominatius
1135 4495 1267 4546 nominato
1351 4495 1384 4544 22
1403 4495 1427 4543 iu
1447 4495 1518 4543 i·um
1570 4497 1578 4542 i

282 4563 412 4630 duplicent
495 4565 528 4615 23
545 4562 666 4613 cornilius
685 4563 783 4614 corrrilii
859 4563 1077 4613 circumluuntur
1143 4566 1176 4616 at
1194 4563 1274 4614 lurme
1291 4561 1403 4612 casselen
1472 4563 1505 4613 26
1523 4576 1577 4611 mo-

282 4644 387 4696 noptota
450 4633 482 4681 17
501 4640 623 4697 exaptota
675 4628 801 4695 isidorus]
821 4631 855 4694 cs.
875 4631 940 4694 orip.
960 4628 978 4678 I
994 4632 1018 4694 6,
1038 4631 1082 4686 43,
1100 4630 1143 4680 ubi
1158 4633 1204 4682 lloc
1221 4633 1299 4682 aulum
1315 4631 1423 4694 lapiton:
1441 4631 1508 4692 qnod
1529 4646 1577 4680 arno

282 4699 716 4764 resutantumutuntnr,ntlrugi,
734 4702 769 4762 cs.
781 4699 869 4763 praef.
922 4699 955 4748 29
973 4693 1001 4746 al
1052 4700 1085 4748 30
1103 4695 1230 4763 Donatus]
1251 4715 1275 4763 p.
1287 4702 1347 4760 377,
1358 4701 1393 4749 25
1427 4711 1578 4764 monoptota

283 4765 420 4818 3tlrieom.
431 4767 532 4832 iupiter,
543 4768 581 4819 bis
615 4767 799 4832 deosplter,lis
844 4764 1013 4818 suessonum
1050 4763 1428 4832 P1·tsctanus]lp.1ar‚oseq.
1465 4767 1579 4829 quieritur
