3308 5542
546 359 629 412 COD.
651 361 757 411 uultu.
775 363 834 413 207.
1274 379 1334 424 XX?

127 557 258 630 Senator
277 557 311 631 f.
340 554 580 631 17⁴—s.te⁶:
616 557 641 622 ri
668 552 709 623 δε
735 571 898 644 patruus
928 573 1121 624 enarremus
1152 577 1195 624 tro
1226 575 1340 627 tineus

67 656 221 725 ttiittttttn
253 676 328 720 ars
363 662 546 736 quaedam
580 677 800 736 anonyma
833 659 933 721 crassi
961 663 1009 734 fili
1035 679 1194 736 rerumque
1223 667 1339 724 omniuo

66 773 268 845 niasinanrm,
296 773 346 830 ita
374 777 563 848 conparata,
592 779 625 830 nt
647 773 879 845 uniuscuiusque
907 773 1054 832 orationis
1077 775 1181 848 partis
1202 777 1339 850 exemplo

64 873 183 948 proposito
209 874 334 948 aliquot
362 875 549 947 quaestiones
576 874 620 931 ad
645 875 780 948 stapulas
802 881 911 949 partes
926 876 1115 949 pertinentes
1132 883 1337 950 pertententur,

66 976 123 1034 taur
139 975 191 1034 tac
209 981 255 1034 cst
275 976 449 1050 specimen:

21 1141 22 1166 .
123 1095 201 1152 tote:
225 1113 300 1170 quae
326 1114 392 1171 pars
415 1096 546 1153 orationis
572 1097 632 1152 est?
666 1096 834 1154 Neinenest.
870 1097 943 1153 Vnde
960 1095 987 1170 (l.
1005 1089 1074 1170 17¹³)
1096 1098 1150 1154 hoc
1164 1099 1235 1158 scis?
1269 1099 1335 1168 Quia

21 1193 22 1200 ¹
69 1189 165 1236 nauata
186 1190 228 1236 εει
251 1190 281 1237 ει
306 1198 360 1256 per
382 1199 463 1238 casus
486 1181 645 1240 inflectitur.
678 1181 760 1238 Cuius
777 1180 916 1256 qualitatis
939 1199 1035 1238 nomen
1060 1183 1119 1239 cst?
1148 1183 1337 1257 Appellatiuae

66 1275 98 1320 etc.
127 1263 279 1332 Quomodo?
323 1267 390 1336 Quia
413 1267 491 1323 multi
514 1267 623 1324 codices
647 1276 720 1322 sunt.
758 1267 914 1340 corporalis
938 1268 1055 1340 qualitas
1079 1278 1119 1325 εει
1141 1279 1188 1325 εει
1212 1269 1337 1344 incorpo-

66 1351 121 1405 nis?
152 1351 324 1424 corporalis.
370 1351 529 1421 Quomodo?
573 1351 640 1420 Quia
664 1352 774 1408 uidetur
796 1361 823 1407 ct
846 1354 976 1424 tangitur.
1022 1353 1151 1408 Generale
1174 1370 1272 1410 numen
1296 1365 1337 1412 εει

65 1445 94 1490 nt
109 1435 233 1510 speciale?
280 1437 418 1511 Speciale.
461 1436 614 1510 Principale
644 1445 689 1492 aut
719 1453 751 1492 ex
780 1446 838 1492 arte
867 1437 1050 1494 descendens?
1093 1437 1245 1512 Principale
1273 1442 1336 1513 quin

65 1521 140 1576 aliunde
159 1538 211 1576 aaa
235 1521 326 1577 trahit
351 1523 484 1594 originem
508 1531 538 1576 ut
561 1538 640 1576 mons
663 1521 733 1577 iens.
779 1523 914 1576 lliriuatur
936 1531 982 1578 :rut
1005 1523 1182 1578 diminuitur?
1218 1523 1251 1580 m
1273 1524 1334 1580 diri·

66 1614 120 1660 nter
138 1615 161 1660 ει
181 1605 365 1662 diminuitur:
391 1608 431 1662 sic
453 1607 553 1663 dicitur
575 1605 765 1662 codicellarius
788 1615 816 1662 et
837 1605 994 1663 codicellus.
1039 1607 1142 1682 liccipit
1165 1611 1336 1682 conparatio-

21 1695 22 1758 ι
64 1689 195 1746 amillau.
239 1691 357 1760 Quare?
386 1690 452 1760 Quia
475 1708 526 1747 nec
548 1691 706 1766 qualitatem
731 1693 811 1748 animi
835 1707 885 1747 nec
908 1695 1088 1766 quantitatem
1111 1693 1236 1767 corporis
1260 1693 1335 1750 illum

21 1779 23 1822 ι
65 1775 133 1830 latere
153 1773 303 1848 (suppleas
325 1777 397 1849 disi,
420 1777 468 1833 aei
489 1777 578 1832 amite
600 1775 688 1848 qaid).
733 1775 815 1830 Cuius
838 1777 946 1849 generis
970 1794 1068 1833 nomen
1093 1778 1152 1834 est?
1187 1777 1335 1834 llaseuiini.

62 1859 246 1925 Qiuumerus?
288 1861 454 1935 Singularis.
499 1859 658 1927 Quomodo?
689 1858 754 1927 Quia
779 1877 861 1917 unuin
885 1863 1004 1918 codicum
1028 1863 1099 1918 dixi·
1134 1862 1209 1930 Quae
1231 1862 1335 1936 figura?

21 1975 22 2016 Q
64 1944 157 2016 simplex.
198 1945 369 2012 Quomodo?
405 1947 442 2001 Co
465 1945 531 2000 uiuit
555 1955 611 2014 εει,
639 1945 688 2001 dex
712 1945 845 2001 similiter.
890 1945 940 2014 Qui
963 1947 1060 2002 casus?
1097 1947 1285 2004 Nominatiuus
1309 1958 1336 2003 ct

21 2017 22 2068 i
64 2031 177 2087 atuatiuus.
222 2031 339 2088 [leelina
366 2031 445 2104 ipsud
469 2047 575 2086 nomen.
608 2029 780 2087 Nominatiuu
803 2030 846 2087 iiic
869 2030 952 2087 codex
976 2033 1106 2102 genetiuo
1129 2031 1210 2088 liuius
1233 2032 1335 2089 codicis

21 2123 22 2196 Q
63 2117 195 2172 etc—alr
218 2117 275 2173 laec
301 2117 406 2174 codice.
451 2113 555 2182 Quotae
583 2115 774 2171 deelinatienis
803 2131 899 2171 nomen
930 2117 989 2170 est?
1027 2117 1140 2172 Tertiae.
1186 2117 1260 2172 Vntle
1283 2118 1336 2174 hoc

21 2201 22 2206 ’
63 2198 109 2252 εει
126 2198 185 2266 Quia
201 2201 274 2276 (qui)
300 2202 445 2274 genitinus
467 2200 614 2272 singularis
636 2202 661 2256 is
686 2201 855 2256 terniinatur.
901 2199 1061 2274 Correptunr
1085 2211 1131 2256 aut
1154 2202 1334 2274 productum?

21 2317 22 2360 Q
62 2283 195 2358 tarreptum.
225 2285 381 2343 Ablatiuus
405 2283 550 2358 singularis
573 2302 626 2359 qua
649 2285 740 2342 littera
764 2286 942 2341 terminatur?
966 2285 994 2340 t.
1018 2286 1178 2358 Correptunn
1202 2296 1249 2343 aut
1272 2305 1334 2360 pro·

21 2365 22 2411 l
62 2369 155 2424 tinctum?
175 2371 357 2445 Coneptum.
403 2369 561 2437 Quomodo?
589 2369 656 2438 Quia
680 2370 817 2442 genitiuus
841 2371 988 2442 singularis
1011 2373 1033 2426 is
1058 2372 1221 2427 terminatur
1242 2381 1270 2427 et
1292 2381 1332 2430 εει

62 2457 126 2510 tutin
150 2455 347 2514 declinationis
377 2471 493 2526 numen,
523 2455 584 2511 ideo
608 2453 745 2510 ablatiuus
767 2455 915 2527 singularis
938 2473 952 2511 e
976 2458 1138 2512 terminetur
1166 2465 1333 2530 correptum.

21 2551 22 2622 Q
61 2541 134 2600 ‘inane
154 2542 257 2598 lurmac
283 2557 387 2597 nomen
411 2539 469 2596 est?
513 2539 690 2614 Pentaptotae
713 2538 903 2613 (pentabtotc).
947 2538 1108 2607 Quomodo?
1144 2541 1333 2596 Nominatiuus

21 2627 22 2706 Q
60 2629 216 2682 etuocatiuus
241 2627 355 2683 iaciunt
377 2641 457 2682 unam
481 2625 594 2681 sarmata
618 2633 646 2680 ct
668 2624 712 2680 alii
736 2625 838 2697 singuli
861 2623 993 2698 singulas.
1029 2623 1078 2692 Qui
1096 2641 1143 2699 pes
1160 2627 1217 2682 est?
1247 2625 1334 2700 Spon-

60 2724 110 2762 ent.
140 2709 305 2776 Quomodo?
343 2709 381 2766 Ex
405 2709 510 2766 duabus
533 2710 634 2782 longis:
665 2727 698 2766 eo
721 2711 885 2766 auctoritate
914 2710 1025 2784 longum
1049 2719 1107 2780 εει,
1135 2711 1184 2766 «lox
1213 2710 1332 2767 finalium

60 2795 265 2871 ationelongum
292 2805 348 2852 est.
386 2793 477 2861 Qualis
493 2797 637 2852 accentus?
665 2797 776 2851 neotus.
813 2794 859 2850 Vbi
884 2795 1140 2852 liaiictaecontum?
1163 2795 1332 2852 l‘acnultimo

60 2878 110 2944 'teu
134 2885 167 2937 sic
195 2892 224 2938 et
252 2891 353 2938 cetera
382 2879 491 2936 uomina
521 2897 570 2953 per
596 2880 775 2954 proprietatis
804 2895 934 2954 generum
964 2880 1091 2954 querellis
1120 2890 1147 2935 et
1175 2879 1332 2938 declinabis.

21 3001 22 3014 .
59 2961 83 3016 tl
100 2964 293 3024 lllQlinllNE.
341 2965 401 3040 Ego
424 2981 492 3039 quae
515 2981 580 3038 pars
603 2965 735 3021 orationis
758 2974 800 3021 est
823 2974 874 3022 ete.

116 3083 216 3144 todem
235 3083 317 3156 sere
339 3083 430 3142 motio
451 3089 571 3142 ceterae
590 3098 707 3156 qaoque
722 3087 831 3156 partes
849 3088 1099 3157 pertractantem
1119 3090 1333 3157 preponantur

58 3183 185 3245 atrebata:
221 3187 298 3260 lepo
326 3185 412 3257 soris
437 3185 540 3258 tepens
566 3200 659 3260 porro
682 3189 772 3242 extra
794 3215 837 3227 -
854 3201 888 3258 p.
916 3181 967 3241 ts?
990 3185 1032 3244 sic
1055 3191 1085 3242 et
1107 3190 1222 3243 ceteras
1244 3203 1332 3263 prue-

57 3286 180 3358 fnsitiuues
198 3283 401 3365 perquirebis
423 3286 508 3345 euius
530 3303 615 3345 casus
638 3286 711 3352 sint,
736 3285 760 3344 si
777 3286 951 3353 accusatiui,
976 3287 1001 3344 si
1018 3283 1155 3355 ublatiui,
1181 3285 1203 3344 si
1221 3288 1331 3346 utrius·

57 3403 101 3458 auc
137 3390 238 3448 Cetera
263 3391 390 3448 desunt.
654 3453 657 3458 ,
1419 3461 1422 3464 ¹

115 3490 249 3566 Seqttitur
275 3489 311 3562 s.
337 3484 391 3548 18⁶
435 3487 623 3550 luctemur
657 3488 802 3550 PARTES
835 3488 999 3550 ttttttttts
1033 3487 1184 3548 Donati.
1229 3487 1331 3548 Partes

58 3593 164 3652 amanis
184 3600 262 3670 quot
287 3591 379 3652 sunt?
424 3589 506 3670 Octo.
552 3589 651 3659 Quae?
688 3589 802 3652 Nomen
826 3609 991 3668 pronomen
1015 3597 1071 3650 etc.
1095 3623 1138 3633 -
1156 3589 1184 3662 s.
1211 3597 1267 3649 77⁰
1289 3589 1331 3650 Ex

58 3689 123 3751 ulus
146 3703 173 3754 ct
199 3694 329 3756 duobus
356 3693 474 3752 ionicis,
518 3691 559 3752 aa
590 3693 655 3751 eius
684 3691 864 3770 exemplum.
909 3692 991 3752 Bona
1021 3692 1108 3752 iustis
1135 3709 1187 3752 sua
1211 3709 1332 3772 semper

59 3800 105 3851 teus
128 3795 176 3874 il.
200 3795 268 3858 'lib
295 3793 309 3876 Ι]
341 3795 436 3855 allert.
487 3794 559 3854 ltcm
588 3793 666 3854 buna
694 3796 779 3854 iustis
807 3794 881 3856 deus
909 3795 994 3854 allcrt
1026 3801 1266 3855 commentam
1295 3798 1331 3854 tn

62 3891 163 3958 ltraoti
192 3907 324 3958 artem
357 3899 549 3969 minorem,
585 3898 895 3972 aeterternae,
936 3897 979 3955 tle
1011 3898 1251 3956 barbarismo
1273 3903 1328 3955 ete.

61 3998 168 4060 taliani
190 4001 399 4066 Toletani,
428 4005 468 4057 ut
488 3999 652 4074 intuetur,
673 4002 921 4074 pneumatici
941 4001 1024 4058 siae
1046 4001 1155 4058 illius
1177 3999 1329 4058 similli-

60 4119 94 4168 a.
112 4105 144 4162 de
162 4121 223 4179 nae
246 4100 346 4175 infra
368 4101 492 4160 seorsim
514 4116 607 4173 apere
628 4103 748 4160 institui.

112 4206 188 4264 llaec
210 4201 387 4279 exeipits.
415 4198 595 4260 til-80⁶
626 4202 757 4264 Seruii
787 4205 1065 4274 centimetrum,
1100 4205 1152 4262 cai
1178 4203 1203 4260 is
1229 4202 1332 4260 titulus

21 4299 23 4376 i
61 4319 226 4392 aracn'ptas
241 4319 311 4374 est:
337 4305 426 4399 ttxtct‘t
446 4327 563 4397 matttp
586 4311 660 4400 enruli
680 4311 849 4390 grimanei,
874 4329 931 4385 qtae
947 4311 1042 4370 ateleto
1057 4328 1165 4370 martas
1179 4311 1331 4369 recentior

21 4403 22 4414 ἵ
70 4423 228 4484 amenum
254 4423 364 4484 Seruii
391 4421 530 4482 honorati
556 4420 711 4500 gra‘matici
734 4423 955 4500 superscripsit.
1001 4421 1112 4479 Martis
1133 4422 1220 4479 estias
1243 4419 1334 4479 Eruli

64 4541 129 4585 osen
149 4544 264 4588 nonam
289 4539 372 4585 sune
393 4532 483 4599 atqtee
505 4526 690 4598 inauditam,
716 4525 796 4598 quad
817 4532 845 4582 et
861 4527 890 4582 in
906 4523 978 4582 libri
999 4525 1139 4596 catalapo
1158 4521 1186 4593 f.
1207 4519 1236 4578 t?
1258 4525 1340 4594 lapi.

63 4639 93 4680 κ’,
114 4629 175 4688 inde
201 4631 358 4704 effectum
386 4633 445 4706 est,
475 4629 557 4701 quoti
578 4627 677 4688 Marii
697 4627 800 4686 Seruii
826 4640 932 4686 tramea
954 4627 1061 4684 litteris
1083 4626 1257 4684 maittsenlis
1279 4641 1329 4682 ne-

62 4727 171 4797 timare
195 4733 357 4805 seriptum
384 4737 451 4788 erat
476 4729 557 4790 nane
580 4727 653 4801 sere
680 4731 710 4787 in
732 4728 869 4788 modam:
912 4723 1240 4806 tttttttsjutttttt‚
1270 4743 1329 4801 quo

63 4822 114 4888 fato
130 4834 185 4894 'rien
206 4837 330 4893 miram
353 4839 409 4905 est,
433 4831 509 4890 illati
916 4825 1066 4888 titulis
1089 4826 1222 4889 lillULl
