3378 5550
275 393 384 441 XCVIII
632 379 743 430 PETRI
761 377 992 460 uunnunulct
1012 377 1213 430 EXOERPTA.

275 586 393 630 uersum
425 571 694 643 praumatieorum
722 570 893 645 praeceptis
924 567 1056 644 undique
1087 569 1265 643 cottipendis
1297 575 1325 628 et
1355 570 1570 643 eopnoscendis

274 673 408 732 sednlnm
430 673 560 732 nouauit
588 688 711 746 opernm
741 688 836 745 neque
862 671 1008 731 mehercle
1035 670 1258 742 infructuosum
1275 687 1338 746 pro
1360 672 1435 744 illis,
1466 672 1570 745 quibus

275 771 366 852 uixit,
389 772 580 849 temporibus.
627 771 685 844 Oui
705 776 734 833 in
758 789 793 833 eo
815 788 931 848 quoque
952 773 1129 833 landandus
1149 779 1202 841 est,
1225 774 1309 847 quod
1328 775 1407 833 tritis
1429 775 1488 834 iilis
1507 777 1568 835 uul-

273 879 346 950 pari
365 877 632 950 prammoticorum
654 892 710 936 usn
732 876 908 947 reperturum
931 875 1078 951 exemptis
1099 876 1217 934 omnino
1235 872 1305 947 sere
1327 877 1469 948 aeplectis
1490 892 1570 936 nona

276 979 384 1066 attulit¹
403 977 641 1052 paradipmata‚
676 993 754 1051 qnae
786 982 815 1036 et
847 983 1025 1051 arpumento
1056 979 1121 1052 ipso
1155 979 1229 1036 satis
1254 983 1325 1037 sunt
1353 978 1569 1044 memorabilia,

275 1078 319 1153 cs.
344 1096 377 1155 p.
402 1084 472 1152 163,
504 1083 532 1136 6.
563 1085 590 1137 7.
621 1084 667 1138 31.
698 1085 752 1149 33;
789 1085 861 1146 tos,
887 1085 941 1148 to,·
970 1085 1041 1156 166,
1067 1087 1104 1147 4;
1138 1084 1205 1148 169,
1231 1085 1275 1138 16.
1302 1085 1356 1148 25‚·
1389 1085 1571 1157 170,·t-3

274 1183 462 1256 omniumque
483 1173 703 1244 ἀτοπώτατον
720 1199 755 1256 p.
784 1187 847 1256 170,
873 1182 1038 1257 ro-13.*)

359 1283 410 1344 Ex
432 1284 544 1358 Asperi
571 1299 687 1358 quoque
709 1284 873 1344 dernensis
900 1289 968 1342 arte
993 1285 1195 1358 prammotiea
1223 1285 1370 1343 nonnulla
1386 1283 1485 1359 petita
1507 1299 1570 1342 esse

273 1403 304 1462 p.
331 1392 401 1456 170,
427 1391 462 1442 ts
486 1385 648 1452 adnotant:
676 1385 827 1446 donatum
855 1382 888 1444 ia
917 1385 1058 1446 aduerbii
1083 1383 1273 1462 expositione
1299 1388 1342 1446 ita
1369 1391 1488 1446 secutus
1516 1392 1569 1452 est,

275 1494 309 1548 ut
330 1484 483 1556 adbibitis,
507 1503 585 1562 qnae
603 1503 636 1561 p.
662 1493 720 1547 389
743 1489 783 1550 tt.
806 1493 921 1555 extant,
945 1490 1041 1547 multa
1064 1491 1191 1563 insuper
1211 1489 1338 1548 adderet
1359 1503 1437 1546 noua
1460 1486 1570 1544 adner-

275 1589 389 1650 biorum
411 1590 561 1664 exemplu,
585 1605 663 1662 quae
684 1606 722 1650 ne
743 1590 829 1666 apud
848 1596 963 1650 eeteros
985 1591 1104 1666 quidem
1122 1591 1338 1664 prammatieos
1358 1589 1570 1665 reperiuntur,·

276 1692 307 1751 in
330 1691 571 1752 coniunctionum
602 1708 676 1752 uero
702 1694 927 1753 enumeratione
945 1708 978 1768 p.
1005 1697 1069 1765 199,
1096 1698 1208 1750 t-t3
1230 1691 1303 1766 sere
1329 1693 1438 1767 ubique
1459 1689 1573 1750 Donati

277 1793 372 1854 uerba
394 1790 546 1870 expressit
562 1811 598 1870 p.
624 1801 690 1862 399,
708 1801 744 1852 31
766 1827 806 1837 ·—
831 1800 896 1866 989,
912 1799 939 1873 9,
961 1796 1096 1855 sednon
1118 1809 1184 1854 eura
1207 1793 1320 1854 Donati
1338 1792 1473 1867 sormam
1487 1808 1571 1852 seeu-

276 1903 322 1956 tus
342 1903 400 1969 est,
425 1897 544 1970 quatem
566 1897 684 1956 It'eitius
705 1898 851 1971 restituit,
874 1898 927 1956 sed
947 1898 1044 1963 ittam,
1068 1913 1158 1970 auam
1180 1893 1341 1956 Parisinus
1363 1892 1501 1972 inprimis
1522 1910 1571 1954 co·

276 1999 337 2057 dex
359 1996 634 2071 Sanpermaneusis
652 2005 726 2056 1180
747 1996 879 2059 exhibet.
924 1996 985 2057 Sed
1006 1999 1040 2058 id
1059 2000 1170 2058 certius
1193 1998 1316 2070 definiri
1335 1993 1447 2072 nequit,
1470 2002 1570 2056 atrum

277 2101 396 2174 aliqua,
426 2116 503 2173 quae
525 2103 555 2159 in
583 2100 737 2161 codicibus
757 2117 784 2158 ·a
806 2101 905 2163 Keitio
932 2100 1075 2160 adhibitis
1102 2115 1161 2160 non
1187 2102 1344 2174 tepuatnr,
1376 2099 1482 2180 Petrus
1508 2100 1572 2172 ipse

276 2203 439 2262 mutauerit
460 2219 500 2262 aa
522 2204 566 2262 sie
586 2205 702 2278 scripta
724 2205 754 2261 in
777 2205 884 2262 codiee
897 2217 952 2261 suo
967 2203 1131 2278 inuenerit,
1154 2217 1336 2277 quamquam
1357 2193 1434 2260 iliud
1442 2199 1573 2276 propius

278 2319 383 2364 nerum
407 2304 553 2363 accedere
575 2301 719 2381 dixerim,
740 2293 907 2379 proptereri
922 2303 1003 2378 quod
1015 2305 1100 2365 baud
1113 2306 1175 2365 seio
1190 2320 1230 2364 an
1247 2320 1307 2364 non
1326 2304 1420 2378 ptura
1434 2302 1575 2361 mutandi

275 2406 404 2478 uestipia
431 2407 590 2465 relicturus
614 2404 729 2477 suerit,
760 2407 788 2465 si
812 2411 933 2466 mutare
955 2406 1069 2466 Donati
1094 2405 1188 2467 uerba
1215 2407 1333 2466 omnino
1360 2404 1511 2465 inbuisset
1540 2405 1572 2461 in

276 2509 387 2568 animo.

363 2608 472 2680 Quibus
501 2609 629 2684 denique
654 2609 835 2686 temporibus
861 2612 976 2671 rrixerit
1003 2611 1121 2685 Petrus,
1151 2617 1181 2669 et
1208 2611 1352 2670 librorum
1379 2609 1499 2668 saeento
1521 2606 1574 2666 IX

277 2713 325 2772 uei
346 2711 379 2770 X
398 2711 582 2786 sorr'ptorum
604 2717 703 2770 aetate
724 2717 754 2770 et
774 2712 846 2772 bine
867 2714 971 2787 coltipi
987 2719 1093 2788 potest,
1118 2713 1200 2786 quod
1220 2713 1250 2772 in
1269 2711 1425 2787 prooemio
1446 2710 1575 2783 Verpitii

277 2815 418 2876 Maronis
435 2814 632 2886 prammatiei
643 2810 823 2874 mentionem
842 2811 930 2888 fecit,
953 2831 1042 2888 qnam
1057 2830 1114 2874 non
1133 2813 1245 2886 fuisset
1263 2813 1418 2887 facturus,
1442 2813 1469 2872 si
1481 2813 1573 2870 mutto

271 2922 342 2992 post
366 2913 478 2976 Karoti
499 2915 610 2990 Mapni
628 2921 657 2974 et
680 2917 803 2977 Atouini
823 2922 960 2992 tempora
988 2918 1123 2978 uixisset.
1133 2914 1183 2996 **)
1228 2915 1339 2990 Itaque
1361 2917 1432 2989 quia
1459 2929 1571 2972 morem

277 3020 359 3079 illurn
381 3017 419 3077 ab
441 3019 571 3077 inescatis
589 3022 773 3092 praesertim
795 3016 891 3078 medii
912 3021 983 3079 aeui
1005 3015 1214 3092 prommaticis
1240 3013 1414 3092 saepissime
1442 3031 1571 3090 usurpa·

277 3129 336 3181 tum
359 3125 388 3178 et
408 3121 472 3194 ipse
492 3125 612 3179 secutus
634 3127 694 3196 est,
721 3127 754 3180 ut
774 3137 852 3196 opus
873 3137 957 3182 snum
970 3111 1119 3182 ”uersibus
1141 3120 1300 3181 distiobiea
1321 3122 1441 3180 ratione
1461 3133 1571 3192 eonpo

276 3224 339 3282 sitis
360 3222 589 3296 commendaret,
612 3227 720 3282 octana
742 3224 790 3282 net
804 3238 882 3283 nona
895 3225 1017 3294 saeeuto
1037 3221 1159 3284 ineunte
1174 3239 1239 3284 enm
1255 3222 1368 3282 uixisse
1381 3220 1569 3280 coniecerim.

348 3507 375 3572 11)
394 3508 464 3567 Quae
483 3523 509 3573 p.
529 3509 585 3572 161,
606 3509 687 3558 lide
709 3507 829 3560 Seroue
850 3510 919 3575 apud
947 3511 1057 3562 Graecos
1084 3511 1161 3562 studii
1187 3511 1309 3560 drudonis
1332 3511 1466 3559 iuueniore
1488 3509 1571 3558 ‹lisse-

277 3589 374 3636 ruutur‚
388 3576 576 3626 Wiinrunusius
594 3578 720 3640 sngueiter
739 3577 816 3639 uidit,
837 3577 898 3627 huec
917 3594 1048 3644 perperam
1068 3579 1127 3630 lietu
1146 3595 1203 3628 esse
1221 3594 1253 3627 ex
1272 3578 1362 3626 Isidori
1383 3577 1470 3642 oripi
1489 3578 1571 3634 im:

277 3646 379 3696 ‘Omnia
397 3645 463 3694 euim
482 3646 554 3710 prius
574 3646 691 3695 uersibus
709 3645 889 3706 condebantur,
909 3661 1001 3711 prosse
1019 3659 1102 3697 sutem
1122 3647 1233 3696 studium
1252 3659 1325 3696 seru
1343 3646 1435 3710 uiguit.
1470 3644 1572 3693 Primus

276 3714 345 3780 apud
364 3714 474 3764 Graecos
492 3713 650 3776 Pherecydes
669 3711 759 3777 Syrius
777 3714 861 3764 seinte
880 3715 994 3764 oratioue
1012 3717 1128 3781 ser·ipsit;
1146 3715 1215 3780 apud
1229 3714 1359 3763 Ronrenos
1371 3723 1455 3762 utitem
1470 3713 1572 3777 Appius

276 3783 387 3832 Graecus
406 3778 465 3846 (sie)
484 3783 608 3832 aduersus
621 3781 745 3846 Pyrrhum
764 3782 874 3832 solutam
892 3783 1030 3833 orationem
1044 3785 1142 3848 primus
1155 3785 1286 3832 exercuit)
1311 3782 1379 3830 IInee
1396 3783 1462 3830 euim
1480 3779 1571 3846 legun-

277 3862 317 3899 tur
335 3851 403 3914 npud
421 3849 634 3904 Bouiquinnr.
658 3850 731 3899 euius
755 3849 863 3900 irustuiu
881 3851 984 3900 ruetrica
1002 3851 1190 3901 Wiiruunusius
1209 3865 1240 3900 ex
1258 3851 1315 3902 cod.
1335 3848 1388 3899 Pui.
1409 3851 1475 3899 1763
1492 3848 1573 3898 edidit

278 3933 344 3968 mus.
363 3917 444 3966 Rheu.
465 3918 530 3969 1868
548 3933 574 3982 p.
593 3921 643 3969 403
662 3934 726 3980 seq..
745 3934 770 3984 p.
788 3921 851 3970 404:
883 3919 1016 3970 ‘orationis
1039 3930 1121 3970 utitem
1145 3919 1257 3968 studium
1276 3919 1386 3984 primunr
1406 3918 1459 3982 egit
1476 3915 1571 3968 Sernu:

277 3987 375 4051 primus
394 3996 477 4102 nubem
496 3986 576 4102 npudB
584 3985 836 4103 ῦπῗοοοεΐοιΙ-ξοῑάοε
856 3985 947 4050 Syrius
965 3987 1039 4103 {plius
1058 3987 1193 4036 traditione
1205 3987 1321 4102 'scripsiu
1341 3985 1415 4050 upud·
1429 3983 1572 4034 Romanos'

278 4073 299 4104 e.
318 4071 344 4104 t.
364 4069 386 4105 s.
442 4067 537 4102 ererum
596 4055 619 4102 ni
649 4055 680 4102 cii
800 4055 807 4102 i
843 4056 871 4102 r'
1084 4057 1089 4067 ¹
1160 4056 1165 4066 '
1195 4053 1219 4102 i·
1301 4064 1348 4104 et.

325 4071 373 4187 11’1)
402 4121 485 4183 Atque
511 4068 665 4171 Petriouriis
693 4065 742 4170 siin
761 4063 1193 4174 eddeeisidudledidroalierentdiniessiii
1213 4055 1354 4171 iiidiodsex
1379 4119 1572 4170 Arrreiiuneueis

279 4191 302 4239 Iu
320 4191 370 4241 248
388 4190 489 4239 saeculo
508 4190 606 4238 decimo
625 4189 738 4254 scriptus
756 4201 859 4240 auctore
877 4191 989 4240 Tlruroto
1010 4191 1121 4241 Extruits
1140 4202 1186 4240 ete.
1210 4201 1271 4241 tom.
1291 4189 1364 4238 XXII
1385 4205 1409 4254 p.
1431 4191 1475 4248 15,
1498 4189 1572 4238 cuius

278 4259 377 4307 initium
396 4268 449 4306 est:
469 4255 610 4306 ‘Orationis
629 4272 723 4321 genera
741 4259 853 4320 quinque
872 4271 939 4308 siunt.
970 4259 1017 4308 Est
1035 4261 1100 4308 eninr
1119 4258 1238 4324 copulatu
1257 4269 1281 4307 et
1298 4257 1375 4322 IIgntu
1395 4259 1419 4306 iu
1439 4258 1526 4306 metris
1541 4283 1573 4294 -

279 4325 426 4376 relaturis
444 4325 571 4374 Iristuriis’
590 4345 623 4366 =
641 4325 707 4374 Petri
726 4337 844 4391 excerpto
864 4341 889 4392 p.
910 4329 971 4386 161,
992 4330 1032 4378 12.
