3346 5558
295 363 338 430 60
832 365 900 421 ses
919 369 1051 422 asenna

296 557 415 620 uidetur
438 555 564 626 babere.
594 558 645 618 sed
669 556 746 635 qnod
770 558 800 617 in
824 555 930 618 bonam
955 575 1018 618 rem
1043 559 1138 628 stertit,
1164 557 1240 619 bene
1263 559 1292 618 in
1315 558 1460 626 ablatino,
1482 567 1510 618 et
1531 559 1587 619 ite-

295 679 361 721 rum
386 659 496 720 dictum
520 667 578 718 est:
608 658 721 720 ‘deduc
744 679 806 730 me,
835 659 963 728 domine,
988 661 1017 720 in
1039 661 1087 720 nia
1110 667 1158 721 tua
1182 668 1210 721 et
1233 659 1389 723 ambulabo
1411 663 1442 723 in
1464 663 1588 722 ueritate

295 766 367 832 tua'.
392 760 462 822 licet
484 759 665 822 ‘ambulabo’
689 770 800 822 motum
817 761 935 823 uidetur
952 759 1077 830 babere.
1106 763 1158 823 sed
1174 762 1229 832 ibi,
1252 762 1329 844 quud
1345 761 1382 824 ad
1399 761 1504 824 bonam
1519 780 1588 842 par-

295 873 354 925 tem
378 863 540 943 pertinent,
565 871 645 922 recte
669 871 697 922 et
719 865 749 923 in
773 861 901 924 eblatiuo
918 871 1078 942 ponuntur.
1110 865 1247 926 Ceterum
1263 867 1288 926 si
1303 864 1432 926 diceret:
1456 869 1588 944 ‘propter

265 953 269 962 ’
295 974 451 1043 peceatum
474 982 573 1026 meum
596 963 692 1024 deduc
714 965 815 1026 mein
839 964 1035 1042 perditionem
1059 974 1089 1026 et
1111 966 1269 1028 ambulabo
1291 968 1322 1027 iu
1344 971 1492 1046 poenam,
1508 966 1610 1043 quoda

295 1067 331 1128 ed
360 1067 466 1128 melam
495 1085 559 1128 rem
588 1065 770 1146 pertinebat,
800 1068 967 1128 accusatius
995 1069 1076 1128 casui
1103 1067 1332 1130 adscribendum
1361 1071 1432 1138 erit,
1463 1076 1491 1129 et
1516 1068 1587 1128 illud

295 1167 423 1248 denique
438 1171 469 1229 in
485 1168 628 1229 abletiuo:
652 1171 694 1228 ‘et
714 1168 934 1242 induxistinus
955 1171 985 1230 in
1008 1169 1189 1248 refrigerio’,
1214 1172 1380 1232 ‘induxisti'
1404 1178 1502 1232 metus
1522 1189 1587 1230 esse

296 1271 421 1339 uidetur,
450 1271 501 1330 sed
524 1270 603 1350 qued
626 1271 657 1332 in
680 1272 850 1350 refrigerio,
875 1273 980 1332 merito
1002 1273 1032 1333 in
1056 1270 1184 1334 ablatiuo
1212 1273 1406 1353 conplicatur.
1451 1274 1482 1335 st
1509 1273 1586 1332 enim

295 1371 430 1434 dixisset:
460 1371 617 1433 ‘induxisti
640 1390 694 1434 uos
716 1375 745 1432 in
769 1373 960 1448 incendium’,
985 1373 1062 1454 qnod
1086 1373 1121 1434 ad
1145 1391 1270 1454 poenam
1295 1374 1478 1453 pertinebat,
1501 1393 1586 1436 accu-

294 1473 421 1536 setinum
438 1475 592 1553 posuisset.
623 1474 782 1536 Sciendum
799 1491 933 1555 qnoque,
955 1475 1032 1555 quod
1050 1476 1155 1556 ‘ponit’
1178 1463 1230 1536 bnt
1252 1477 1374 1555 ‘posuit'
1397 1484 1447 1536 ant
1462 1477 1585 1555 ‘posim-
1602 1495 1621 1530 n

293 1593 346 1637 rus
366 1579 423 1636 est’
446 1573 557 1636 nullum
581 1586 692 1639 motum
716 1576 812 1648 babet,
837 1577 922 1638 etiam
946 1578 972 1638 si
994 1577 1030 1638 ad
1054 1575 1158 1639 melam
1181 1585 1297 1658 partem
1319 1579 1473 1658 pertineat
1513 1579 1585 1640 Nem

294 1677 438 1758 legimus:
468 1679 683 1760 animasque
705 1681 742 1738 in
766 1678 920 1740 uulnere
943 1686 1098 1759 ponunt:
1128 1698 1186 1741 non
1209 1680 1284 1740 dixit
1304 1681 1334 1740 in
1357 1679 1465 1741 uulnus
1487 1687 1536 1741 aut
1558 1681 1585 1740 in

294 1779 431 1856 uulnera,
456 1777 617 1857 quamlibet
638 1781 674 1842 de
698 1789 793 1842 morte
816 1780 951 1850 dixisset,
975 1780 1103 1842 ablatiuo
1127 1790 1224 1842 tamen
1247 1799 1317 1844 casu
1339 1800 1410 1842 usus
1433 1789 1486 1857 est,
1509 1781 1586 1862 quod
1664 1851 1665 1870 χ

294 1883 405 1944 dictum
420 1882 449 1942 in
466 1880 523 1943 alio
538 1901 691 1952 sermone,
715 1883 765 1944 ubi
788 1891 886 1944 motus
910 1882 1036 1952 uidetur,
1059 1883 1194 1944 inuenire
1218 1902 1276 1944 nou
1291 1885 1412 1963 poteris.
1441 1884 1498 1945 ‘ln’
1516 1893 1585 1945 tunc

294 1986 380 2046 etiarn
404 1985 574 2046 accusatius
596 1986 678 2046 casui
700 1984 867 2066 specialiter
890 1985 997 2053 seruit,
1020 2001 1088 2046 cum
1111 1985 1233 2045 dicitur:
1262 1986 1291 2044 in
1314 1983 1482 2046 adulterum
1506 1997 1534 2047 et
1557 1988 1584 2044 in
1599 2003 1622 2041 n
1664 2059 1665 2072 χ

294 2085 458 2153 adulteros,
483 2087 514 2146 in
537 2085 721 2147 desertorem
745 2095 775 2147 et
796 2089 827 2148 in
850 2085 1034 2154 desertores.
1057 2088 1087 2148 in
1111 2086 1287 2148 homicidam
1311 2094 1341 2147 et
1362 2089 1391 2146 iu
1416 2088 1585 2154 homicidas.
1664 2081 1665 2140 l

292 2187 350 2249 boc
372 2194 416 2248 cst
438 2195 540 2248 contra
563 2186 731 2249 adulterum
756 2195 785 2249 et
806 2196 908 2250 eontra
932 2187 1093 2259 adulteros,
1117 2195 1220 2248 contra
1243 2188 1425 2252 desertorem
1440 2199 1470 2252 et
1484 2198 1585 2252 eontra

293 2287 477 2358 desertores.
508 2295 611 2350 contra
639 2287 818 2351 homicidam
847 2297 875 2350 et
902 2296 1006 2351 eontra
1035 2289 1196 2351 homicidas
1219 2297 1248 2351 et
1270 2289 1318 2352 bis
1341 2291 1457 2354 similia.
1501 2291 1585 2369 Legi·
1664 2315 1665 2330 r

292 2408 357 2452 mns
380 2391 473 2451 enim:
1119 2427 1131 2448 .
1664 2471 1665 2476 γ

900 2477 966 2539 sub
989 2476 1173 2540 fluctibus
1196 2476 1273 2539 ibat
1596 2495 1619 2534 so
1664 2477 1665 2548 j

579 2578 792 2659 Carphatiis
813 2579 958 2649 Triton:

292 2698 344 2760 sed
367 2697 408 2759 ibi
431 2696 592 2779 quamlibet
613 2696 698 2758 ‘ibat’
721 2704 833 2758 motum
857 2697 966 2761 babere
989 2700 1141 2768 uideatur,
1171 2701 1277 2760 merito
1305 2699 1336 2760 in
1363 2697 1493 2760 ablatinu
1516 2715 1585 2760 casu

291 2802 404 2880 posuit,
433 2799 513 2881 quod
542 2806 665 2880 propter
691 2800 914 2862 incitamentum
944 2801 1104 2863 uoluntatis
1125 2803 1168 2860 ine
1191 2799 1356 2862 uidebatur.
1402 2800 1472 2861 Sine
1499 2819 1583 2880 prae·
1664 2821 1665 2876 3

291 2904 438 2981 positione
460 2921 533 2964 uero
556 2921 623 2964 curn
647 2901 719 2963 baec
742 2902 833 2963 uerba
857 2903 1027 2964 numinibus
1048 2903 1221 2981 iunguntur,
1245 2901 1365 2964 ablatiui
1388 2920 1473 2962 cesus
1495 2899 1584 2962 decli·
1664 2903 1665 2908 ’

292 3006 404 3066 nationi
431 3007 582 3073 seruiunt,
607 3011 638 3065 nt
660 3013 727 3065 ntor
748 3006 848 3066 tunica
872 3012 902 3066 et
922 3006 1045 3076 tunicis,
1069 3024 1127 3066 non
1150 3005 1279 3065 tunicam
1303 3011 1332 3064 et
1353 3005 1477 3074 tunicas,
1500 3004 1618 3064 lruores
1664 2993 1665 3004 ’

292 3125 363 3186 agro
386 3113 416 3168 et
438 3109 528 3188 agris,
558 3124 617 3167 non
647 3124 752 3184 agrum
777 3113 807 3167 et
829 3123 931 3184 agros,
960 3108 1057 3185 potior
1086 3113 1156 3168 uoto
1179 3113 1208 3168 et
1229 3107 1322 3175 notis,
1347 3123 1406 3166 non
1430 3116 1532 3166 uotum
1556 3111 1584 3164 et

268 3216 374 3284 uota,
398 3209 506 3286 iunget·
528 3208 625 3268 officio
649 3207 819 3278 molliciis,
844 3224 902 3269 non
926 3208 1055 3268 oliieinm
1079 3216 1109 3268 et
1130 3208 1239 3275 ultreia.
1263 3206 1381 3267 abundo
1404 3207 1536 3268 bonitate
1556 3213 1583 3266 et

291 3309 486 3380 bonitatibus,
516 3329 575 3370 non
599 3308 762 3370 bonitatem
786 3317 816 3370 et
838 3308 999 3378 bonitates,
1023 3321 1110 3369 careo
1133 3311 1204 3370 uitio
1227 3317 1257 3370 et
1280 3309 1374 3378 uitiis,
1399 3310 1582 3370 conuitium

292 3421 321 3471 et
348 3413 433 3482 uitia,
464 3429 537 3488 egeo
565 3429 642 3492 pane
670 3418 700 3471 et
727 3411 869 3490 panibus,
893 3429 953 3472 non
975 3429 1082 3491 panem
1107 3419 1137 3471 et
1158 3429 1265 3490 panes,
1295 3413 1398 3491 priuor
1421 3411 1533 3472 bonore
1557 3417 1584 3470 et

290 3513 468 3582 bonoribus.
499 3531 558 3573 nen
586 3513 729 3574 bonorem
760 3522 790 3573 et
816 3512 958 3582 bonores,
990 3512 1095 3592 plenus
1123 3531 1187 3574 sum
1217 3512 1350 3574 doctrina
1380 3518 1408 3574 et
1431 3512 1618 3579 doctrinisn

291 3633 349 3676 non
373 3615 536 3677 doctrinam
559 3622 589 3676 et
610 3615 775 3685 doctrinas,
798 3614 954 3698 subscribo
976 3614 1100 3695 epistula
1123 3622 1153 3676 et
1173 3613 1322 3695 epistulis,
1347 3633 1405 3675 non
1429 3614 1582 3694 epistulam

360 3903 372 3951 1
396 3903 442 3953 sed
465 3902 499 3953 ibi
521 3905 581 3967 quie
604 3905 628 3954 in
653 3903 745 3953 bonnm
768 3919 821 3952 rem
843 3903 913 3953 uenit
934 3904 959 3952 in
983 3903 1093 3954 oblatiuo
1113 3918 1177 3955 essu
1196 3904 1307 3969 ponitur.
1326 3914 1436 3954 ceterum
1455 3905 1477 3954 si
1495 3903 1584 3954 dicerit
1664 3917 1665 3936 ¹

289 3969 382 4033 uliquis
400 3982 506 4037 propter
524 3983 654 4037 peccatum
673 3978 731 4036 etc,
749 3973 843 4022 ceteris
859 3972 958 4022 undosis
976 3971 995 4020 B
1097 3969 1200 4038 3licet]
1220 3972 1287 4022 dicet
1305 3971 1324 4020 Α
1407 3973 1422 4023 b
1441 3971 1543 4022 umbulo
1563 3973 1581 4019 Α

289 4038 388 4102 quiae
474 4041 490 4089 6
511 4040 544 4090 ad
567 4039 659 4090 melum
682 4051 778 4104 portem
797 4039 905 4105 pertinet
922 4055 967 4104 per
985 4039 1131 4091 accusatius
1150 4041 1222 4090 eesui
1244 4040 1405 4090 scribendum
1424 4053 1462 4088 est
1480 4039 1500 4090 B
1568 4040 1582 4087 'l

288 4107 314 4157 in
333 4107 444 4158 eblatiuo
462 4108 547 4158 emb
599 4107 723 4157 induxisti
747 4118 831 4158 motus
853 4121 910 4156 esse
928 4133 960 4142 —
978 4107 1110 4172 refrigerio
1133 4111 1160 4159 in
1181 4123 1261 4174 murp.
1284 4110 1407 4174 cuppis
1460 4105 1583 4157 induxisti

288 4175 410 4226 eutemB
480 4175 560 4226 sset
578 4176 611 4225 ibi
631 4176 728 4238 quiaB
763 4175 878 4226 ablaiiuo
896 4177 968 4226 casui
986 4176 1165 4242 adpliceturB
1234 4175 1440 4241 9pe1·tiuebitB
1479 4191 1582 4225 nccnso-

289 4246 368 4293 tinum
387 4259 474 4294 cusum
513 4245 603 4296 cuerit.
638 4241 775 4294 Sciendum
794 4243 1056 4308 estbocqnoqueB
1142 4246 1175 4296 10
1192 4243 1311 4310 ponetrl
1393 4243 1582 4294 nectamus

289 4311 435 4376 pertiuetss
487 4260 551 4361 bem
570 4311 678 4378 legimns
696 4337 728 4348 -
747 4326 797 4362 non
818 4313 913 4376 poteris
932 4312 1011 4364 om.B
1063 4314 1112 4363 *12
1130 4309 1290 4377 animasque]
1313 4313 1391 4376 Verp.
1410 4311 1502 4376 usurp.
1516 4309 1583 4361 ΙΙΙ]

289 4382 351 4443 238,
369 4382 404 4443 cs.
423 4381 501 4432 sebui.
520 4379 600 4430 Bere.
618 4380 706 4444 praef.
724 4397 751 4446 p.
765 4381 900 4430 rer—729
918 4386 942 4430 et
959 4397 987 4444 p.
999 4381 1057 4430 969.
1076 4379 1174 4430 errimns
1192 4396 1258 4441 quse
1277 4385 1300 4429 A
1368 4381 1401 4430 13
1418 4393 1470 4441 qcro
1488 4379 1580 4428 dictum

290 4448 309 4495 Α
381 4449 454 4498 ltin
474 4449 550 4498 etium
569 4449 665 4498 tnucB
770 4451 801 4499 ts
823 4449 848 4498 ic
872 4447 1022 4497 adulterium
1047 4458 1072 4497 et
1092 4449 1117 4496 in
1141 4449 1265 4499 adulteria
1289 4449 1313 4497 in
1336 4446 1536 4498 homicidamet
1558 4449 1580 4494 in

288 4513 429 4566 homicides
448 4516 495 4566 hoc
513 4527 552 4566 est
573 4527 661 4566 contre
686 4515 838 4566 homicidam
861 4525 885 4565 et
906 4528 994 4566 contre
1021 4516 1162 4567 homicides
1190 4516 1229 4565 uel
1256 4515 1296 4566 bis
1323 4515 1416 4565 similis
1439 4514 1458 4564 B
1553 4515 1581 4564 tt

288 4593 359 4631 corre
376 4584 532 4634 desertorem
550 4587 573 4634 Α
644 4586 675 4636 ts
693 4584 802 4651 legimus
824 4584 939 4634 etiumB
1008 4584 1216 4634 scortatores
1268 4581 1482 4650 capitestritonB
1551 4584 1581 4633 22

289 4647 323 4697 ibi
341 4651 428 4702 onnss
479 4667 541 4703 cusu
563 4653 648 4704 omB
705 4652 804 4716 quieB
905 4654 938 4704 ib
956 4653 1040 4702 tunice
1059 4653 1230 4702 ettouicisb
1255 4663 1346 4702 tunecu
1364 4665 1415 4701 uon
1435 4647 1581 4700 tunicnmll

287 4717 426 4767 torticesA
449 4719 557 4771 Formae
572 4723 687 4785 plurales
701 4723 760 4784 sere
776 4737 876 4786 semper
893 4720 978 4773 ΜΒ
1046 4721 1080 4769 26
1098 4721 1184 4784 potior
1203 4745 1230 4755 —
1253 4729 1312 4770 uota
1330 4719 1418 4771 om.B
1487 4720 1519 4769 27
1538 4718 1582 4768 he·

287 4783 374 4833 hundo
393 4785 416 4832 Α
483 4789 517 4837 28
535 4789 602 4836 nicio
621 4798 645 4838 et
663 4789 735 4838 uictis
754 4803 804 4837 nun
823 4789 914 4838 uirium
934 4799 959 4838 et
977 4788 1042 4836 tricia
1061 4787 1080 4838 B
1156 4789 1189 4839 29
1209 4803 1253 4838 nee
1271 4803 1350 4854 penes
1370 4788 1389 4838 B
1410 4802 1456 4836 nec
1473 4786 1581 4838 honores

289 4849 309 4901 B
376 4853 407 4903 s1
427 4853 535 4916 epistole
553 4853 717 4920 aepistulas
736 4870 786 4905 non
805 4855 939 4921 epistulam
959 4869 1004 4904 nec
1021 4855 1145 4922 epistulas
1163 4856 1183 4905 B
1218 4856 1364 4924 epistolam,
1384 4855 1507 4921 epistolas
1526 4857 1550 4904 A
