3316 5566
625 395 838 450 ssnunums.
1340 395 1380 462 77

93 587 249 648 Donatus
275 584 364 646 dixit:
389 582 597 664 Aliquando
620 586 716 646 enim
738 585 928 663 positiuus
950 586 1086 664 gradus
1109 593 1252 649 tanturn
1274 588 1379 648 inue-

92 689 199 754 nitur,
229 693 267 747 ut
294 684 513 756 mediocris,
543 682 746 762 aliquando
774 694 894 747 autem
923 689 1116 767 positiuus
1138 695 1173 750 et
1196 705 1379 768 conpara·
1445 713 1451 720 ·

93 790 197 860 tiuus,
226 798 265 850 ut
292 807 405 851 senex
433 787 573 849 senior.
618 785 692 847 Nam
721 787 894 850 senissimus
922 789 981 851 dici
1009 798 1112 851 natura
1135 791 1304 869 tragilitatis
1325 791 1379 852 hu·

94 907 186 950 manae
207 909 267 953 non
289 893 443 972 permittit.
488 886 680 950 Interdum
708 888 900 966 positiuus
924 895 961 949 et
982 889 1244 968 superlatiuus
1266 898 1379 952 tantuma

71 990 241 1060 sinucnitur,
265 995 307 1051 ut
328 989 412 1068 pius
434 987 638 1067 piissimus.
675 987 750 1049 Nam
772 989 850 1068 piior
873 990 934 1052 dici
956 1007 1016 1051 non
1039 999 1145 1071 potest.
1182 989 1286 1054 Nullus
1301 994 1379 1054 enlm

92 1093 290 1171 conparatione
311 1093 322 1152 i
344 1089 492 1170 duplicem
515 1089 695 1152 hebetante
718 1107 761 1158 or,
787 1089 838 1150 sed
862 1107 918 1169 pro
940 1094 1134 1172 oonparatluo
1147 1095 1251 1173 'magis
1273 1093 1380 1155 aduer-

93 1193 162 1253 bium
189 1195 327 1273 ponitur,
358 1201 391 1254 ut
418 1193 524 1270 ‘magis
552 1195 620 1272 pius
647 1191 697 1252 hic
720 1209 810 1269 quam
832 1191 906 1253 ille'.
949 1193 1042 1274 lllagis
1064 1211 1182 1274 quoque
1204 1191 1379 1258 aducrblum

93 1312 144 1354 non
168 1294 262 1356 solum
290 1295 434 1376 pusitius,
464 1290 515 1355 sed
544 1296 633 1354 etiam
662 1296 855 1373 conparatiuo
880 1295 1014 1374 iungitur
1036 1303 1066 1356 et
1087 1298 1184 1358 uicem
1207 1295 1379 1378 superindui

92 1397 216 1476 conplet,
240 1403 273 1457 ut
295 1395 402 1474 ‘magis
423 1395 550 1456 doctior'
573 1413 629 1474 pro
652 1393 857 1466 doctissimus:
880 1395 1083 1478 aliquando
1106 1401 1379 1480 conparatiuus

62 1507 123 1558 rect
155 1497 415 1580 superlatiuus
450 1507 565 1558 tantum
597 1499 765 1568 inuenitur,
804 1507 842 1558 ut
877 1497 1039 1561 ulterior
1076 1499 1240 1561 ultimus.
1301 1499 1380 1562 tti-

92 1601 225 1678 quando
247 1598 513 1680 superlatiuus
536 1607 692 1669 tantum,
722 1607 758 1660 ut
780 1602 1020 1664 nouissimus.
1065 1602 1149 1663 Scias
1171 1611 1284 1673 autem,
1308 1621 1378 1663 con·

92 1702 267 1763 suetudinem
296 1703 405 1763 trinam
434 1719 498 1763 esse
521 1703 552 1763 in
575 1703 799 1782 conparatione:
829 1711 899 1763 sunt
920 1704 998 1764 enim
1021 1702 1077 1763 alia
1100 1705 1232 1775 nomina,
1262 1708 1293 1766 a'n
1316 1706 1380 1782 qui·

93 1802 140 1863 bus
160 1822 216 1865 uox
240 1820 373 1881 congrue
392 1801 553 1883 respondet
568 1801 715 1883 qualitati,
739 1811 772 1864 ut
786 1803 891 1865 doctus
905 1803 1022 1866 doctior
1038 1803 1237 1878 doctissimus,
1261 1809 1380 1887 sapiens

92 1907 240 1984 sapientior
268 1906 519 1986 sapientissimus,
549 1905 635 1967 lortis
661 1906 768 1966 sortior
795 1907 987 1975 fortissimus:
1017 1914 1046 1967 ct
1076 1915 1145 1968 sunt
1170 1905 1226 1968 alia
1249 1891 1379 1980 nomina,

61 2009 119 2068 siu
142 2007 245 2085 quibus
272 2026 332 2070 uox
359 2007 493 2070 dissonat
518 2027 536 2068 a
564 2007 719 2086 qualitate,
755 2015 786 2068 ut
813 2026 939 2088 magnus
967 2010 1061 2070 maior
1089 2011 1248 2082 maximus,
1283 2009 1380 2072 bonus

93 2107 185 2170 melior
207 2112 351 2191 optimus,
376 2109 471 2171 malus
492 2111 578 2190 peior
599 2111 762 2190 pessimus,
786 2111 922 2171 modicus
945 2111 1042 2172 minor
1064 2111 1219 2181 minimus:
1243 2109 1380 2190 exigebat

92 2213 161 2272 enim
181 2211 321 2292 qualitas,
344 2231 451 2274 uocem
474 2209 626 2292 aequalem
650 2230 715 2273 esse
738 2219 769 2272 et
790 2213 1034 2282 conuenientem,
1057 2221 1230 2292 utmagnus
1245 2215 1380 2292 maguior

93 2311 165 2395 magsl
181 2315 201 2375 l.
217 2311 277 2376 86³
294 2311 466 2396 llulssimus,
489 2314 587 2375 honus
610 2312 717 2374 bonior
741 2312 938 2384 nouissimus,
962 2312 1057 2375 malus
1072 2315 1176 2377 mallor
1192 2313 1378 2388 malissimus,

92 2417 212 2478 modicus
234 2416 378 2478 modicior
404 2417 638 2486 modicissimus,
667 2415 719 2476 scd
742 2415 798 2476 hoc
821 2433 869 2477 ars
890 2433 951 2476 non
973 2417 1126 2496 permittit.
1170 2415 1244 2478 Nam
1267 2417 1379 2497 euplro·

61 2519 149 2578 enias
173 2519 249 2580 ratio
276 2517 516 2596 inaequalitatem
545 2517 688 2598 deposcit.
736 2517 812 2578 Sunt
840 2516 897 2578 alia
925 2521 1060 2589 nomina,
1090 2522 1120 2580 a'a
1149 2518 1258 2599 quibus
1285 2523 1378 2581 inter·

92 2619 153 2680 dum
178 2619 307 2701 qualitas
334 2621 450 2691 delicit,
481 2630 512 2681 ut
541 2621 709 2682 mediocris.
759 2619 833 2681 Nam
862 2621 1041 2682 mediocrior
1070 2629 1101 2681 ct
1128 2620 1379 2684 mediocrissimus

93 2720 144 2783 dici
168 2741 226 2784 non
256 2731 395 2803 possunt,
426 2723 511 2803 quia,
541 2721 659 2802 quando
681 2721 791 2782 dicitur
813 2721 987 2793 mediocris,
1016 2721 1123 2802 plenus
1145 2730 1190 2784 est
1210 2721 1380 2785 intellectus

93 2824 308 2893 mediocritatis:
330 2825 362 2885 in
377 2824 442 2884 aliis
460 2833 557 2884 autem
581 2821 754 2884 nominibus
776 2841 833 2884 uox
858 2823 971 2900 delicit,
996 2830 1028 2884 ut
1041 2825 1108 2903 pius
1122 2825 1287 2904 piissimus:
1310 2843 1378 2886 nam

92 2927 159 3003 pilon
186 2927 244 2988 dici
272 2943 334 2986 nou
360 2933 467 3006 potest.
513 2926 616 2988 Omnis
645 2926 723 2986 enim
753 2928 964 3006 conparatiuus
991 2943 1006 2986 a
1036 2927 1176 3003 genetiuo
1203 2927 1325 3006 positiui
1347 2929 1379 2989 lit

63 3027 193 3090 :sadiacta
216 3048 251 3090 or
273 3027 399 3108 syllaba,
424 3037 456 3089 ut
477 3027 581 3088 doctus
604 3027 683 3087 docti
705 3027 835 3098 doctior;
866 3029 891 3088 si
913 3035 1011 3088 autem
1034 3026 1116 3088 dicas
1138 3030 1206 3108 pius
1227 3030 1269 3109 pii
1291 3030 1378 3108 piior,

92 3129 225 3211 duplicata
240 3133 251 3192 i
266 3130 363 3192 littera
387 3139 456 3192 ante
477 3149 512 3190 or
534 3131 606 3191 lerri
627 3147 687 3190 nou
710 3138 821 3210 potest,
845 3132 912 3210 quia
934 3129 1019 3191 duoi
1040 3131 1070 3189 in
1094 3131 1288 3210 conparatiuo
1310 3139 1379 3192 ante

92 3249 121 3291 or
143 3241 219 3296 stare
251 3251 312 3294 uon
339 3241 474 3313 possunt.
520 3233 596 3293 Sunt
618 3231 674 3292 alia
697 3234 831 3302 nomina,
860 3249 936 3310 quac
958 3234 1194 3311 grammatici
1216 3231 1379 3312 prohibent

91 3338 252 3416 conparari,
275 3343 309 3396 ut
330 3335 440 3404 tidelis:
464 3354 532 3396 nam
559 3334 673 3396 tidelior
689 3333 737 3396 uel
753 3333 940 3396 fidelissimus
956 3334 1013 3395 dici
1028 3351 1134 3396 sensus
1151 3351 1210 3394 non
1225 3333 1379 3414 permittit,

92 3438 151 3514 quia
177 3437 283 3517 plenus
312 3445 357 3498 est
384 3434 552 3498 intellectus
579 3434 728 3497 fidelitatis
755 3438 788 3497 in
810 3436 876 3507 illo;
905 3437 930 3498 si
953 3439 1033 3498 enim
1055 3437 1170 3497 dicatur
1191 3435 1306 3498 tidelior
1329 3436 1378 3498 uel

65 3539 286 3610 aidelissimus,
309 3538 373 3610 ille,
398 3541 449 3617 qui
471 3540 526 3600 luit
546 3537 658 3608 tidelis,
680 3537 807 3600 inlldelis
823 3547 876 3600 est.
915 3539 1065 3600 Positiuus
1088 3555 1160 3617 ergo
1180 3540 1212 3600 in
1235 3555 1378 3618 conpara-

93 3641 163 3702 tione
184 3642 336 3723 perlectus
359 3649 388 3702 at
409 3641 561 3704 absolutus
584 3648 628 3702 est
649 3659 665 3702 a
688 3641 841 3703 seruitute.
880 3641 1093 3721 Conparatiuus
1108 3648 1207 3702 autem
1221 3639 1379 3720 aliquando

93 3744 174 3806 seruit
199 3745 398 3813 nominatiuo,
427 3746 600 3824 interposite
628 3761 731 3823 quam,
761 3751 793 3804 ut
816 3743 943 3804 ‘doctior
965 3743 1013 3804 hic
1036 3759 1123 3820 quam
1146 3741 1219 3814 ille',
1248 3753 1278 3804 et
1299 3743 1378 3806 abla-

94 3847 146 3906 tiuo
171 3865 238 3908 cum
268 3848 504 3928 praepositione,
534 3853 567 3934 ut
595 3845 711 3906 doctior
739 3845 776 3905 ab
804 3845 864 3906 illo.
909 3846 982 3907 item
1011 3847 1221 3925 conparatiuus
1250 3845 1379 3908 ablatiuo

11 3967 12 3998 1
92 3947 223 4028 singulari
245 3952 311 4010 sine
333 3951 568 4030 praepositione,
592 3957 625 4008 ut
645 3948 762 4009 doctior
782 3947 843 4008 illo.
887 3947 960 4010 lnde
982 3946 1146 4008 Donatus
1169 3946 1256 4009 dixit:
1286 3949 1379 4010 Con·

66 4054 274 4128 sparatiuus
304 4051 441 4130 gradus
468 4054 528 4114 cui
556 4053 658 4111 casui
687 4051 828 4111 seruit?
870 4049 1045 4111 Ablatiuo
1074 4051 1155 4111 sine
1181 4052 1379 4131 praeposi·

11 4139 12 4184 l
94 4153 199 4216 tione:
233 4154 391 4216 dicimus
424 4155 520 4215 enim
556 4153 722 4214 ‘doctior
755 4150 849 4213 illo'.
889 4151 1012 4224 ''l’ameu
1041 4151 1263 4214 Priscianus
1290 4150 1377 4212 dixit:

154 4406 310 4477 lllonatua]
329 4427 357 4476 p,
378 4413 440 4475 3⁷1,
459 4413 491 4459 td
560 4409 704 4462 dlaumunc
771 4403 948 4476 timendum]
969 4407 1064 4460 Donata·
1081 4407 1234 4460 uerierunt
1252 4409 1269 4460 t.
1288 4408 1305 4460 l.
1362 4405 1379 4459 d

11 4485 12 4498 ¹
95 4489 133 4537 pro
151 4479 296 4545 conparatio
365 4475 550 4544 9allqunudo]
570 4480 668 4529 Donati
684 4477 763 4528 uerbo
775 4481 791 4530 ἱ.
805 4479 822 4530 1.
892 4479 924 4527 to
943 4476 1014 4526 ultim
1073 4480 1104 4528 ts
1123 4478 1222 4527 trimam
1275 4476 1379 4544 quibus,

94 4558 132 4594 oa.
151 4547 175 4595 in
241 4549 274 4598 ld
292 4547 402 4596 desouat
418 4549 520 4613 mugnis
581 4549 614 4597 16
631 4544 709 4612 maliill
760 4546 862 4596 exiebat
930 4547 961 4596 17
980 4544 1094 4608 equalem
1147 4546 1180 4596 to
1198 4543 1253 4595 lars
1306 4543 1377 4610 Nssllll

11 4637 12 4640 ,
95 4613 211 4731 qqppppia
228 4616 328 4735 ratippe
345 4615 535 4734 qualitqtprq·
577 4618 689 4734 202punt
705 4611 974 4732 alinpqmina2puqlpluq
1057 4616 1089 4664 tt
1114 4613 1379 4733 utqrpepioquampp

11 4691 12 4700 ¹
193 4701 199 4731 ι
501 4699 538 4732 err
676 4697 745 4732 ruma
767 4697 789 4730 ct
945 4695 1080 4732 eussemus
1145 4715 1159 4732 ..
1213 4696 1292 4732 rcar

96 4695 233 4817 interpella
251 4751 293 4802 laic
310 4697 428 4816 etmclquam
532 4753 565 4803 st
582 4699 681 4800 doctiolr
699 4749 753 4802 illo.
772 4753 831 4800 item
849 4751 1032 4816 conparatinus
1051 4749 1163 4800 ablatiuo
1181 4697 1306 4816 singulari
1324 4751 1380 4801 aine

11 4877 12 4898 Χ
95 4821 273 4938 prapposqtpopp
295 4821 383 4874 seruit,
418 4819 477 4870 inde
499 4821 609 4871 donatus
696 4815 824 4885 Donatus]
846 4836 875 4884 p.
899 4821 964 4881 355,
989 4821 1022 4869 12
1124 4821 1158 4870 36
1179 4817 1380 4888 Priscianus]1

94 4897 115 4944 p.
165 4927 172 4952 ‚
270 4929 277 4943 .
