3308 5542
252 325 339 372 xt’ttt
665 313 713 362 DE
732 311 854 362 Ltssttts
873 312 1134 366 BERNENSIBVS.

332 501 515 574 discrepent
536 508 635 560 eutem
657 503 716 560 isto
740 502 852 560 Douoti
877 503 1022 576 opusculo
1050 503 1198 562 obeditis
1224 519 1456 578 saepenumero:
1483 507 1545 562 iom

244 605 275 660 in
301 603 363 673 fine
390 609 542 662 troetutus
569 604 607 660 de
634 607 754 662 nornine
780 605 891 663 similia
920 606 1063 677 tequntur
1095 612 1186 680 utque
1217 607 1287 676 illo,
1323 622 1400 678 quoe
1427 625 1460 680 p.
1485 611 1546 662 356

245 705 362 764 Keilius
383 720 423 762 ex
444 703 551 764 codice
576 687 754 764 Monoeeusi
773 707 878 774 edidit,
903 709 934 765 iu
957 707 1039 766 dunc
1060 708 1181 766 modum
1203 715 1363 782 correepto:
1402 705 1415 766 l
1441 708 1543 783 siugu-

245 804 300 864 lari
323 823 380 866 om.
439 801 460 864 2
483 807 577 884 prima
601 823 677 885 quae
700 824 734 866 oe
757 805 864 866 litteris
887 808 1067 868 terminetur
1091 816 1123 868 ut
1145 807 1200 885 hee
1224 826 1304 870 muse
1370 805 1391 868 3
1413 807 1543 868 secunda

245 923 320 984 quae
343 908 353 966 i
377 905 472 968 littera
502 907 679 967 terminetur
706 915 739 968 ut
761 907 808 968 bie
837 911 979 986 magister
1003 908 1091 969 huius
1114 910 1245 986 magistri
1269 919 1298 968 et
1320 918 1365 970 est
1388 909 1541 988 producto.

241 1005 341 1068 Tertia
365 1027 442 1088 quae
465 1011 489 1068 is
513 1011 691 1070 terminatur
714 1016 746 1068 ut
769 1009 817 1070 hie
840 1009 981 1070 sacerdos
1003 1009 1090 1070 huius
1106 1010 1271 1072 sacerdotis
1287 1021 1316 1070 et
1332 1021 1377 1072 est
1392 1019 1541 1090 surrepto.

242 1109 350 1180 Quarta
380 1129 456 1188 quoe
486 1129 520 1171 us
544 1110 591 1172 uel
615 1129 633 1170 u
657 1113 834 1172 terminetur
858 1120 889 1172 ut
912 1111 961 1171 hic
984 1130 1090 1172 uersus
1112 1111 1200 1174 huius
1222 1131 1339 1174 uersus.
1366 1113 1424 1172 hoc
1446 1130 1541 1174 cornu

242 1211 328 1272 huius
351 1230 444 1272 cornu
468 1221 498 1272 et
521 1223 565 1272 est
588 1212 741 1290 producte.
788 1213 897 1284 Quinte
919 1231 995 1292 quoe
1019 1216 1046 1273 ei
1070 1217 1247 1275 terminetur
1263 1223 1295 1275 ut
1310 1213 1358 1274 hic
1374 1213 1438 1275 dies
1453 1213 1544 1274 liuius

242 1311 300 1374 diei
324 1321 352 1374 et
375 1322 419 1375 est
441 1331 560 1392 semper
580 1313 737 1394 producto.

326 1416 489 1489 Ileiudes.
515 1423 550 1475 7⁶
565 1437 604 1460 -·—
627 1414 660 1474 7δ
684 1425 753 1492 post
780 1424 941 1477 troetotum
969 1419 1007 1477 de
1034 1419 1143 1478 uerbo:
1178 1421 1311 1494 ‘passiui
1336 1435 1490 1478 commuue
1506 1421 1545 1476 'et

241 1521 411 1606 depoueus'
429 1537 464 1596 p.
489 1525 564 1586 362,
591 1525 626 1576 13
647 1521 724 1579 duee
752 1521 867 1579 inserto
895 1527 964 1580 suut
986 1537 1006 1579 u
1028 1522 1155 1595 uulpuri
1182 1521 1296 1580 Douoti
1318 1520 1424 1591 sermo
1452 1536 1545 1594 quom

240 1625 373 1681 maxime
395 1622 516 1681 aliene:

609 1753 657 1816 DE
681 1755 815 1817 ventus
838 1755 1171 1818 turtiusotttttuvs.

327 1877 511 1954 lupessunoliu
534 1878 616 1935 uerbo
640 1897 710 1954 quoe
733 1879 815 1935 sunt?
843 1879 876 1934 Vt
898 1879 1010 1934 sedetur
1024 1880 1152 1952 curritur.
1188 1878 1385 1952 dquibusdnm
1409 1887 1436 1933 et
1459 1878 1548 1932 deeli-

245 1965 303 2020 ιιιιΙ
327 1965 441 2020 uerbum
465 1963 639 2038 inpersouule
667 1972 759 2038 potest
782 1971 812 2019 ut
835 1963 917 2019 sedeo
941 1965 1020 2020 sedes
1043 1964 1119 2020 sedet
1142 1981 1224 2020 curro
1247 1967 1336 2020 curris
1359 1965 1444 2019 currit
1466 1973 1547 2020 certo

240 2059 330 2106 certes
352 2057 447 2106 eertut.
494 2049 540 2104 list
562 2049 635 2104 uliud
658 2064 744 2122 penus
768 2049 948 2122 inpersonutis
979 2048 1071 2120 uerbi,
1101 2065 1132 2106 ex
1161 2065 1215 2122 que
1239 2048 1382 2122 personale
1404 2046 1461 2103 deri
1485 2064 1544 2102 non

242 2141 360 2208 potest„
379 2141 411 2190 ut
441 2133 514 2189 tedet
542 2135 618 2206 piget
647 2134 731 2206 pudet
757 2133 832 2188 ittet.
877 2133 934 2190 Nou
966 2133 1029 2190 iseit
1052 2137 1123 2190 euim
1148 2133 1227 2190 tedeo
1251 2134 1325 2190 tedes
1350 2134 1431 2189 tedet.
1476 2132 1546 2188 item

241 2217 424 2293 inpersouulis
441 2217 523 2274 uerbo
539 2227 604 2274 suut
619 2235 688 2291 quus
705 2234 757 2274 uon
775 2217 876 2272 innitent
898 2227 998 2274 certum
1023 2236 1167 2292 personum
1184 2220 1230 2274 sed
1247 2218 1358 2274 adiectis
1375 2219 1547 2292 pronomini·

243 2303 293 2360 iius
316 2303 348 2358 od
371 2319 516 2376 personum
540 2302 761 2358 utteomoduutur.
808 2303 923 2358 Dicimus
947 2305 1016 2359 euim
1045 2303 1111 2359 libet
1134 2303 1198 2359 mihi
1222 2303 1288 2359 libet
1313 2303 1361 2358 tiiti
1384 2301 1449 2358 libet
1472 2300 1522 2356 itti.

286 2461 289 2466 ι
328 2387 477 2444 declinatio
500 2387 577 2444 ueriti
601 2405 632 2442 er
657 2405 711 2461 quo
735 2386 910 2460 inpersonule
934 2387 991 2444 deri
1015 2404 1069 2443 nou
1087 2397 1188 2462 potest.
1219 2387 1297 2444 dioilo
1314 2387 1460 2444 iudientiuo
1477 2395 1549 2441 tem-

243 2489 309 2548 pore
332 2473 469 2545 praesenti
492 2473 575 2548 pudet
599 2489 640 2527 tue
665 2482 690 2527 te
711 2472 803 2542 illumi,
833 2473 917 2546 pudet
946 2489 995 2528 uos
1024 2490 1074 2528 uos
1104 2472 1176 2528 iilos.
1223 2472 1358 2528 Preterito
1389 2471 1546 2545 inperiecto

243 2557 361 2632 pudelmt
383 2573 425 2612 me
449 2566 475 2614 te
499 2556 574 2614 iilum
598 2567 651 2614 ete.
671 2587 714 2596 -
733 2555 758 2629 s.
778 2552 811 2612 7ι
827 2558 899 2613 med.
922 2559 1074 2631 praesentis
1098 2559 1230 2631 temporis
1252 2557 1369 2630 pudere,
1394 2559 1548 2630 praeterite

243 2643 381 2718 puduisse.
1335 2695 1340 2706 ,

326 2727 475 2784 declinatio
499 2727 678 2801 iupersomdis
702 2727 778 2782 ueriti
801 2727 834 2783 de
857 2742 912 2802 quo
936 2725 1079 2801 personale
1103 2726 1159 2782 deri
1184 2743 1238 2782 nou
1262 2735 1364 2800 potest.
1404 2725 1481 2782 liudo
1504 2726 1548 2781 in·

242 2814 362 2870 ‹liestiue
392 2822 514 2886 tempore
543 2811 679 2884 praesenti
708 2812 764 2868 itur
787 2830 800 2868 ι
825 2827 866 2866 me
889 2829 903 2866 ι
927 2811 1007 2867 teob
1031 2811 1087 2866 illo.
1133 2812 1189 2868 itur
1211 2829 1226 2866 u
1249 2811 1327 2867 uobis
1356 2829 1369 2866 ι
1400 2809 1478 2866 uoids
1510 2809 1548 2864 ab

243 2897 297 2954 iilis
320 2907 372 2954 ete.
404 2926 439 2938 -
471 2897 564 2953 eodem
594 2897 674 2953 inodo
705 2906 828 2970 tempore
857 2895 951 2952 futuru
980 2911 1040 2952 eum
1070 2897 1138 2952 itum
1161 2897 1213 2952 erit
1236 2915 1250 2952 ι
1274 2912 1315 2952 me
1338 2913 1351 2950 ι
1377 2895 1458 2951 teob
1482 2895 1548 2965 ilio,

243 3000 302 3040 eum
332 2985 398 3038 itum
427 2983 478 3038 erit
500 2999 514 3037 n
538 2981 617 3039 nohis
639 2999 653 3038 ι
676 2981 757 3036 notus
784 2980 817 3037 ιΙι
847 2979 910 3035 dlis.
957 2979 1010 3037 ileo
1038 2981 1121 3037 uerbo
1149 2980 1237 3037 tribus
1265 2980 1374 3037 casibus
1403 2980 1548 3051 seruiunt,

242 3070 398 3126 oeeusutiuo
428 3075 458 3122 ut
486 3067 570 3142 pudet
593 3083 634 3122 me
659 3076 685 3123 te
709 3063 799 3138 illum,
829 3064 948 3122 uliiutiuo
978 3073 1008 3121 ut
1031 3068 1087 3121 itur
1110 3083 1123 3120 u
1147 3083 1188 3121 me
1212 3085 1225 3120 n
1249 3073 1276 3122 te
1298 3065 1330 3121 uh
1355 3063 1418 3134 iilo,
1448 3065 1549 3120 rietiuo

243 3163 273 3210 ut
296 3152 363 3209 libet
387 3151 452 3207 milti
477 3151 524 3208 titt
548 3151 600 3206 situ
625 3151 672 3208 titt.

327 3267 472 3343 Sequitur
489 3265 518 3339 s.
538 3263 590 3324 16δ
607 3273 678 3340 post
693 3275 789 3326 ortem
805 3268 948 3326 minorem
964 3283 1001 3324 eo
1017 3283 1096 3341 pars
1111 3268 1193 3330 ,artis
1207 3267 1345 3338 moioris,
1363 3281 1424 3340 quu
1440 3266 1551 3338 opitur

243 3373 281 3430 de
303 3373 407 3430 littero
429 3377 494 3440 ete,
519 3367 574 3428 sed
594 3369 703 3428 omisso
724 3377 809 3440 suut,
840 3384 919 3442 quoe
942 3369 980 3426 de
1002 3383 1076 3427 uoee
1097 3370 1239 3441 lequutur
1258 3383 1290 3442 p.
1314 3373 1383 3438 367,
1410 3372 1503 3424 5-7.

327 3475 364 3534 F.
384 3477 435 3530 11⁰
451 3478 523 3546 post
539 3470 648 3530 uerbo:
672 3470 802 3546 ‘sqltoiru
825 3468 911 3545 opud
930 3469 1069 3528 metricos
1090 3470 1216 3544 semipes
1230 3468 1415 3527 nominetur’
1427 3483 1462 3542 p.
1476 3473 1551 3534 369,
1651 3493 1652 3498 1

245 3582 280 3634 15
302 3575 379 3634 ltuee
402 3575 516 3632 inserto
538 3579 606 3632 suut
627 3587 766 3632 sermone
786 3573 981 3630 continuato:

328 3694 468 3752 decedunt
491 3693 638 3768 uuicuique
665 3691 776 3748 silleium
806 3700 885 3748 tenor
906 3690 1020 3765 spiritus
1045 3699 1152 3764 tempus
1174 3699 1202 3745 et
1224 3706 1354 3747 numerus
1378 3688 1551 3745 litterarum.

244 3781 335 3837 Tener
357 3788 454 3836 uetitus
476 3781 570 3852 grauis
594 3777 636 3834 uei
659 3775 848 3834 circumflexus
871 3778 897 3832 in
921 3776 1026 3832 ‹ttctoue
1050 3783 1140 3831 certus
1163 3774 1265 3849 absque
1288 3792 1318 3830 en
1343 3776 1465 3830 incertus
1489 3789 1553 3828 uon

244 3873 336 3940 potest
353 3873 441 3922 tumen
459 3866 517 3920 sine
533 3880 574 3920 eo.
605 3861 724 3938 Spiritus
740 3878 821 3936 asper
837 3859 880 3918 uel
897 3859 974 3916 leuis.
1006 3857 1515 3932 Tempusuuumuetduoueletium
1535 3879 1553 3914 u

245 3945 309 4026 (leq.
326 3948 368 4024 ut)
395 3948 603 4024 quibusdum
627 3947 715 4023 piacet
732 3962 814 4004 unum
831 3948 913 4002 semis
929 3954 956 4000 et
971 3945 1025 4000 dim
1042 3945 1123 4000 semis
1139 3951 1167 3999 et
1184 3945 1242 4000 trin.
1281 3945 1379 4000 Temen
1403 3944 1430 3998 in
1455 3951 1553 3998 metro

243 4052 354 4094 neeesse
381 4043 424 4091 est
452 4049 670 4108 ununquemque
699 4030 822 4089 sillubum
853 4031 895 4088 uei
925 4032 1004 4086 tinius
1033 4026 1076 4085 uel
1104 4028 1220 4085 duorum
1254 4029 1340 4102 uecipi
1376 4035 1553 4100 temporum,

243 4121 353 4178 breuem
378 4119 474 4192 unius,
498 4117 609 4192 longum
631 4134 699 4175 uero
721 4117 846 4174 duorum.
884 4115 1018 4170 Numerus
1041 4113 1192 4168 litterarum
1215 4115 1276 4186 quie
1294 4113 1326 4169 ab
1343 4128 1395 4169 ιιιιι
1412 4112 1556 4184 iucipiens

243 4223 298 4262 uon
322 4205 383 4280 pius
406 4222 486 4280 quom
510 4205 541 4260 ud
565 4221 611 4260 sex
634 4203 739 4259 litteris
762 4201 911 4276 procedere
928 4191 939 4276 Ι]
958 4191 1049 4254 [11b
1066 4190 1077 4274 ΙΙ
1095 4198 1188 4253 sillaim
1212 4204 1304 4271 potest
1327 4199 1353 4253 in
1378 4196 1463 4252 trutino
1486 4213 1556 4250 ser-

244 4307 324 4347 mone
347 4299 378 4346 ut
400 4308 415 4346 ι
438 4289 470 4346 ab
494 4307 538 4346 urs
561 4305 633 4344 mors
656 4295 731 4343 stons
754 4289 848 4361 stirps.
895 4285 981 4340 Habet
1009 4288 1090 4339 ettam
1121 4299 1298 4356 unaquaeque
1327 4281 1423 4338 sillaim
1452 4280 1557 4336 nititu-

243 4375 331 4431 dinetu
361 4375 529 4432 latitudinem
553 4383 580 4430 et
603 4371 813 4446 longitudinem.
858 4369 1034 4426 Altitudinem
1064 4369 1090 4422 in
1121 4375 1230 4438 tenore,
1260 4366 1468 4423 erassitudinem
1501 4368 1556 4421 uei

244 4459 414 4516 latitudinem
438 4462 463 4516 in
488 4459 602 4534 spiritu,
626 4457 824 4532 longitudinem
848 4456 874 4512 in
899 4463 1031 4529 tempore.

328 4575 472 4652 Sequitur
493 4570 730 4636 tractetust'DE
753 4569 948 4634 rtdtttuvs
971 4565 1154 4636 stitutus,
1177 4567 1227 4628 die
1249 4583 1366 4642 quoque
1389 4583 1409 4626 n
1431 4567 1562 4628 Dotion·
1637 4601 1640 4607 ·

243 4677 329 4738 libris
343 4679 473 4744 nisenus,
490 4695 576 4752 quem
591 4677 644 4736 sud
659 4675 761 4736 Seruii
774 4675 893 4734 nomine
908 4675 977 4734 olim
993 4671 1089 4731 edidit
1103 4671 1203 4728 editor
1219 4667 1404 4729 Basilemsis
1418 4685 1450 4728 α.
1469 4675 1559 4726 1523·

245 4779 305 4852 (ef.
325 4782 400 4842 Keil.
414 4798 447 4856 p.
465 4779 520 4838 XI.
531 4781 555 4836 V
570 4782 629 4838 uoi.
649 4779 664 4836 Ι
671 4779 710 4852 V)
733 4793 876 4853 quemque
891 4777 962 4834 iude
976 4775 1096 4848 repetiit
1115 4771 1271 4830 Putsrdius
1289 4789 1322 4845 p.
1342 4775 1496 4828 sitit-tt
1504 4777 1556 4832 16.
