3352 5556
271 385 338 436 0110
661 373 711 424 Du
730 373 884 425 POMPEI!
902 373 950 425 ΕΤ
970 373 1166 426 cousi-:uun

355 562 375 622 i.
402 557 461 621 12·
483 589 524 611 =
549 559 618 628 141,
642 557 681 620 21
727 561 803 622 Sunt
825 559 879 620 siin
903 559 1052 640 qualitatis
1074 569 1106 622 ut
1128 561 1224 622 bonus
1245 580 1319 642 quae
1335 563 1423 622 etiem
1438 579 1454 622 a
1469 561 1571 622 tribus

274 645 434 724 trahuntur
456 663 494 724 ab
517 666 616 725 animo
638 681 654 723 a
677 681 802 742 corpore
825 663 1009 724 extrinsecus
1030 662 1068 724 ab
1090 665 1189 724 animo
1210 675 1243 725 ut
1264 663 1376 724 ducitis.
1401 682 1416 724 a
1439 681 1572 742 corpore

271 775 304 826 ut
326 767 410 842 niger
432 766 584 834 condidus,
608 766 791 826 extrinsecus
813 773 846 826 ut
866 765 1033 826 fortunatus

360 866 432 927 ibid.
456 895 498 918 =
523 865 595 945 151,
620 862 659 928 18
682 866 813 946 deipsis
842 865 983 945 gradibus
1005 885 1033 946 q:
1068 870 1157 928 situm
1186 874 1230 928 est
1257 867 1334 946 quod
1363 873 1461 928 essent
1525 864 1572 928 19

271 977 303 1030 ut
325 968 432 1030 doctus
495 965 539 1030 20
559 974 662 1048 superi
684 971 714 1029 ιιι
736 968 921 1030 doctissimus
984 965 1024 1028 21
1049 975 1148 1030 estut
1178 967 1408 1048 compiuttam
1465 964 1573 1030 22est

271 1079 304 1133 ut
325 1050 458 1152 supedni
479 1073 510 1131 ιι1
531 1069 716 1132 docdssimus

355 1175 375 1234 i.
401 1171 463 1235 13¹³
485 1201 527 1224 =
551 1169 621 1244 156,
647 1173 663 1232 1
701 1171 837 1250 Quinque
858 1180 928 1234 sunt
948 1171 1088 1236 aduerbia
1104 1190 1180 1253 quae
1201 1189 1259 1233 non
1275 1170 1418 1234 debemus
1440 1175 1570 1249 iungere

271 1277 330 1338 nisi
352 1277 481 1356 positiuo
504 1283 617 1336 tantum
642 1283 754 1336 uttam
777 1275 1020 1353 magisinuime
1048 1276 1146 1336 minus
1173 1276 1295 1336 minime
1322 1284 1355 1335 ut
1380 1281 1439 1334 tom
1462 1272 1571 1334 doetus

272 1377 367 1440 debeo
389 1377 492 1439 dicere
554 1373 656 1438 4nou
680 1383 739 1437 tem
762 1375 948 1438 doctissimus
1005 1373 1100 1438 bnon
1116 1378 1209 1456 magis
1223 1375 1412 1438 doctissimus
1468 1375 1569 1438 iinon

274 1481 402 1542 menime
426 1480 617 1542 doctissimus
660 1485 689 1539 et
710 1478 824 1540 reddita
847 1486 893 1540 est
913 1479 989 1540 ratio
1011 1495 1102 1556 quare
1125 1497 1184 1540 nou
1207 1479 1426 1555 coniunguntur
1441 1481 1497 1540 ists
1512 1478 1568 1539 nd-

235 1611 237 1616 ·
273 1582 375 1644 uerbis
399 1583 455 1642 nisi
477 1581 605 1661 position
627 1587 740 1642 tuntum
762 1580 839 1642 idest
860 1580 978 1661 quando
1000 1578 1111 1642 hubent
1131 1598 1237 1644 sensus
1258 1581 1394 1660 augentis
1414 1589 1464 1640 aut
1479 1599 1568 1660 proc·

273 1685 398 1746 terentis

356 1785 428 1848 ibid.
444 1813 486 1837 =
510 1781 579 1854 158,
602 1781 644 1846 29
662 1785 788 1866 optimus
811 1786 969 1846 maximus·
1020 1781 1063 1846 30
1085 1803 1144 1846 non
1165 1783 1260 1846 solum
1282 1802 1341 1846 non
1363 1793 1433 1846 suet
1496 1793 1570 1845 sunt

271 1888 329 1950 tani
350 1890 470 1969 positiui
534 1885 573 1949 31
590 1889 650 1964 qsi
672 1896 749 1948 essct
770 1886 881 1966 iupiter
903 1904 979 1948 unus
1002 1894 1031 1947 ct
1053 1886 1127 1948 alter
1148 1894 1271 1956 tuntum,
1295 1883 1567 1948 benediceremus.

271 1991 344 2053 item
366 1993 392 2053 si
414 1997 514 2054 essent
535 1998 595 2050 tres
618 1989 713 2051 iones.
737 2006 803 2049 cum
826 1995 924 2049 autem
948 1987 1095 2066 (optinet)
1118 2023 1160 2034 -
1181 1986 1224 2050 34
1245 2005 1311 2050 esse

356 2110 376 2173 i.
402 2107 529 2170 14⁵:
552 2104 628 2178 169,
657 2103 678 2168 2
705 2107 865 2177 discendit,
893 2125 975 2170 corr.
999 2125 1038 2170 m.
1061 2109 1101 2169 ΙΙ
1124 2108 1159 2188 ip:
1188 2093 1348 2169 naturalis&
1378 2107 1433 2185 (est
1453 2125 1491 2168 m.
1516 2107 1565 2185 ΙΙ)

273 2211 427 2282 discendit,
456 2227 536 2272 corn
560 2227 598 2270 m.
622 2210 660 2269 11
728 2213 904 2290 composite,
933 2227 1014 2271 corr.
1041 2243 1075 2254 -
1101 2227 1117 2270 ιι
1140 2211 1221 2270 m.I
1287 2207 1492 2272 dconstitots
1521 2210 1566 2264 -ἰ-

274 2315 323 2393 (÷
345 2331 383 2374 m.
407 2313 453 2394 11)
518 2309 539 2373 5
561 2318 656 2372 autem
681 2327 737 2372 om.
761 2345 802 2354 -
824 2310 984 2381 discendit,
1006 2329 1088 2374 coar.
1110 2327 1149 2374 m.
1173 2314 1216 2373 11.

360 2427 529 2492 i.26¹‘=
553 2425 888 2508 locutionumque
930 2438 962 2491 ut
990 2431 1160 2492 nominibus
1189 2439 1306 2492 utamur
1333 2449 1388 2510 pro
1415 2428 1568 2491 nduerbiis

276 2539 310 2593 ut
332 2533 357 2593 si
380 2531 463 2593 diens
484 2539 601 2594 toruum
624 2529 731 2592 clamet
797 2528 871 2602 136,
900 2529 921 2592 2
947 2534 1017 2594 item
1046 2535 1197 2595 contrario
1225 2531 1364 2594 adnerbia
1394 2535 1481 2613 ponis
1509 2551 1567 2610 pro

273 2632 442 2695 nominibus
464 2642 497 2695 ut
518 2637 544 2695 si
566 2633 647 2695 dicas
670 2649 766 2695 mane.
804 2633 874 2694 dicit
895 2634 960 2714 uiri
1021 2632 1094 2696 det
1116 2654 1151 2696 cx
1174 2654 1209 2697 co
1245 2635 1374 2696 ostendit
1396 2679 1563 2696 ......

272 2739 297 2797 si
319 2735 447 2797 ostendit
468 2753 562 2815 genus
584 2735 656 2797 iecit
677 2753 784 2796 nomen

356 2837 427 2898 ibid.
450 2867 493 2889 =
517 2835 586 2910 136,
614 2834 735 2899 11-21
780 2837 818 2898 11
842 2838 912 2918 quid
935 2855 1007 2917 crgo
1034 2841 1153 2902 nomina
1182 2839 1300 2921 quondo
1327 2848 1395 2902 sunt
1423 2839 1566 2902 aducrbia

272 2939 334 3000 inm
355 2941 502 3020 incipiunt
530 2960 616 3004 cesus
643 2957 702 3002 non
732 2940 851 3002 habere.
881 2958 938 3019 qun
966 2943 1088 3002 ratione.
1118 2944 1184 3021 quia
1213 2944 1238 3003 si
1268 2945 1386 3002 nomine
1453 2939 1492 3004 15
1514 2942 1566 3002 ad-

274 3041 385 3112 ucrhin,
409 3059 466 3104 aaa.
490 3049 587 3105 eutem
655 3039 694 3103 16
717 3043 783 3104 uice
805 3043 1015 3104 aduerbiorum
1039 3044 1091 3122 (cs.
1116 3043 1392 3122 Κα1.ρ.ι“5ηοί.)
1418 3079 1453 3090 —
1477 3063 1565 3107 casus

271 3162 331 3206 non
354 3143 465 3206 habere

358 3246 430 3308 ibid.
453 3275 495 3298 =
521 3243 594 3316 136,
623 3243 665 3307 20
686 3265 746 3326 seq.
784 3243 827 3307 20
847 3265 954 3310 nomen
977 3247 1095 3328 quando
1118 3265 1172 3328 pro
1194 3247 1338 3309 aducrbio
1360 3251 1481 3328 ponitur
1503 3268 1562 3309 non

272 3357 354 3410 tenet
376 3365 460 3410 cesos
482 3347 656 3409 aduerbium
678 3367 752 3410 nero
815 3347 855 3411 21
878 3351 909 3411 in
933 3350 1051 3411 nomine
1076 3383 1111 3396 -
1136 3353 1272 3431 accipere
1294 3369 1380 3412 casus

839 3636 921 3701 Con.
946 3635 991 3701 11.

754 3771 1074 3852 CONSENTIANA.

358 3927 519 4003 Postquam
546 3927 647 4005 initur
673 3938 789 4006 potante
816 3928 932 3991 codicis
960 3927 1125 3990 Beruensis
1155 3937 1210 3988 123
1238 3931 1282 3990 ad
1302 3928 1440 4008 Pompeii
1466 3933 1562 3991 neria

276 4027 463 4090 restituenda
485 4029 652 4092 auctoritas
672 4031 712 4092 sit
737 4035 814 4092 sctis
839 4030 958 4092 istoricis
985 4031 1255 4093 demonstrauimus
1281 4030 1483 4108 ornamentis,
1511 4051 1562 4092 sn·

267 4138 380 4208 peresi,
394 4139 427 4192 ut
442 4132 480 4191 dc
495 4131 689 4194 Consentii
703 4132 779 4194 locis
793 4133 970 4208 qainondam
985 4132 1018 4195 in
1034 4137 1135 4195 eodem
1149 4133 1306 4196 Clementis
1320 4152 1411 4212 opere
1424 4133 1563 4196 laudatis

270 4231 349 4294 taem
367 4233 439 4307 sere
459 4237 646 4296 statuendum
670 4254 731 4297 esse
753 4238 948 4299 ostendamus.
995 4237 1180 4314 mamaeam
1201 4238 1261 4298 nac
1282 4255 1318 4298 re
1343 4235 1412 4314 ipsa
1434 4253 1454 4296 a
1476 4237 1561 4297 Pom-

268 4333 341 4411 peio
363 4334 538 4397 Consentius
565 4335 685 4414 differt,
719 4340 800 4414 qnod
826 4341 879 4414 qni
904 4347 1065 4417 supersunt
1091 4338 1156 4401 eius
1182 4337 1256 4400 libri
1284 4340 1498 4416 manuscripti,
1528 4347 1563 4400 ut

269 4435 429 4514 paucitate
450 4441 496 4500 itti
513 4441 642 4516 quidem,
667 4444 711 4501 ita
725 4441 856 4501 bonitate
876 4439 1035 4518 conspicui
1046 4449 1123 4503 sunt.
1168 4442 1231 4502 Sed
1251 4445 1283 4503 in
1305 4449 1392 4503 tanta
1414 4443 1562 4502 labrorum

266 4538 427 4614 paucitate
447 4541 506 4622 (cs.
531 4541 610 4603 licit.
629 4542 735 4619 praes.
754 4561 787 4620 p.
810 4539 882 4624 330)
902 4547 1052 4606 saccinum
1074 4543 1222 4606 decimam
1250 4553 1349 4605 aetate
1370 4545 1455 4604 hand
1473 4561 1562 4621 snpe-

271 4645 405 4704 rantiam
419 4651 463 4704 est
477 4643 612 4720 aliquid,
637 4646 826 4721 depreneade·
844 4647 961 4721 aliquot
981 4648 1053 4708 inde
1073 4649 1155 4707 locos
1176 4649 1207 4708 in
1228 4649 1423 4722 prammatict
1441 4647 1563 4706 saecuto

272 4759 351 4806 nono
369 4749 506 4820 flaccentis
527 4763 618 4821 opere
638 4755 805 4824 excerptos.

357 4848 454 4922 Atque
479 4849 536 4908 icoc
563 4852 690 4910 omnium
715 4853 846 4926 primunt
874 4849 1027 4912 sonituum
1056 4860 1113 4924 est,
1144 4853 1225 4927 qnod
1246 4872 1280 4928 p.
1304 4859 1373 4926 315,
1407 4850 1561 4914 tenditis
