<?xml version="1.0" encoding="UTF-8"?>
<!DOCTYPE html PUBLIC "-//W3C//DTD XHTML 1.0 Transitional//EN"
    "http://www.w3.org/TR/xhtml1/DTD/xhtml1-transitional.dtd">
<html xmlns="http://www.w3.org/1999/xhtml" xml:lang="en" lang="en">
 <head>
  <title>
</title>
<meta http-equiv="Content-Type" content="text/html;charset=utf-8" />
  <meta name='ocr-system' content='tesseract 3.04.00' />
  <meta name='ocr-capabilities' content='ocr_page ocr_carea ocr_par ocr_line ocrx_word'/>
</head>
<body>
  <div class='ocr_page' id='page_1' title='image "./anecdotahelveti00hagegoog_0465.png"; bbox 0 0 3354 5580; ppageno 0'>
   <div class='ocr_carea' id='block_1_1' title="bbox 311 383 1181 450">
    <p class='ocr_par' dir='ltr' id='par_1_1' title="bbox 311 383 1181 450">
     <span class='ocr_line' id='line_1_1' title="bbox 311 383 1181 450; baseline 0.002 -14"><span class='ocrx_word' id='word_1_1' title='bbox 311 383 372 450; x_wconf 82' lang='lat'><strong>194</strong></span> <span class='ocrx_word' id='word_1_2' title='bbox 760 385 928 440; x_wconf 80' lang='lat' dir='ltr'><strong>vsnmun</strong></span> <span class='ocrx_word' id='word_1_3' title='bbox 947 385 1181 440; x_wconf 79' lang='lat' dir='ltr'><strong>nnnuutrrct</strong></span> 
     </span>
    </p>
   </div>
   <div class='ocr_carea' id='block_1_2' title="bbox 299 571 1671 3810">
    <p class='ocr_par' dir='ltr' id='par_1_2' title="bbox 305 571 1614 1368">
     <span class='ocr_line' id='line_1_2' title="bbox 393 571 1594 658; baseline 0.002 -24"><span class='ocrx_word' id='word_1_4' title='bbox 393 573 406 658; x_wconf 73' lang='grc' dir='ltr'><strong>ΙΙ</strong></span> <span class='ocrx_word' id='word_1_5' title='bbox 425 574 443 634; x_wconf 85' lang='grc'><strong>1.</strong></span> <span class='ocrx_word' id='word_1_6' title='bbox 460 571 519 636; x_wconf 79' lang='lat' dir='ltr'><em>w</em></span> <span class='ocrx_word' id='word_1_7' title='bbox 537 571 549 656; x_wconf 74' lang='grc' dir='ltr'>Η</span> <span class='ocrx_word' id='word_1_8' title='bbox 574 575 610 636; x_wconf 89' lang='lat' dir='ltr'><strong>Vt</strong></span> <span class='ocrx_word' id='word_1_9' title='bbox 631 571 813 653; x_wconf 79' lang='lat' dir='ltr'><strong>Virgilius</strong></span> <span class='ocrx_word' id='word_1_10' title='bbox 835 573 918 636; x_wconf 90' lang='lat' dir='ltr'><strong>dicit:</strong></span> <span class='ocrx_word' id='word_1_11' title='bbox 942 576 1017 638; x_wconf 91' lang='lat' dir='ltr'><strong>Sunt</strong></span> <span class='ocrx_word' id='word_1_12' title='bbox 1039 577 1215 655; x_wconf 81' lang='lat' dir='ltr'><strong>pronomina</strong></span> <span class='ocrx_word' id='word_1_13' title='bbox 1231 576 1327 637; x_wconf 90' lang='lat' dir='ltr'><strong>omnis</strong></span> <span class='ocrx_word' id='word_1_14' title='bbox 1341 577 1460 654; x_wconf 87' lang='lat' dir='ltr'><strong>generis</strong></span> <span class='ocrx_word' id='word_1_15' title='bbox 1471 585 1503 636; x_wconf 89' lang='lat' dir='ltr'><strong>et</strong></span> <span class='ocrx_word' id='word_1_16' title='bbox 1517 578 1594 638; x_wconf 77' lang='lat' dir='ltr'><strong>unitis</strong></span> 
     </span>
     <span class='ocr_line' id='line_1_3' title="bbox 307 675 1592 757; baseline 0.002 -21"><span class='ocrx_word' id='word_1_17' title='bbox 307 693 469 756; x_wconf 81' lang='lat' dir='ltr'><strong>personae,</strong></span> <span class='ocrx_word' id='word_1_18' title='bbox 493 685 526 737; x_wconf 94' lang='lat' dir='ltr'><strong>ut</strong></span> <span class='ocrx_word' id='word_1_19' title='bbox 547 679 627 755; x_wconf 77' lang='lat' dir='ltr'><strong>‘ego’</strong></span> <span class='ocrx_word' id='word_1_20' title='bbox 652 685 681 738; x_wconf 90' lang='lat' dir='ltr'><strong>et</strong></span> <span class='ocrx_word' id='word_1_21' title='bbox 702 675 775 746; x_wconf 76' lang='lat' dir='ltr'><strong>‘tu&#39;;</strong></span> <span class='ocrx_word' id='word_1_22' title='bbox 803 685 872 738; x_wconf 89' lang='lat' dir='ltr'><strong>sunt</strong></span> <span class='ocrx_word' id='word_1_23' title='bbox 894 696 911 738; x_wconf 87' lang='lat' dir='ltr'><strong>e</strong></span> <span class='ocrx_word' id='word_1_24' title='bbox 933 677 1054 740; x_wconf 90' lang='lat' dir='ltr'><strong>diuerso</strong></span> <span class='ocrx_word' id='word_1_25' title='bbox 1076 678 1164 740; x_wconf 86' lang='lat' dir='ltr'><strong>unius</strong></span> <span class='ocrx_word' id='word_1_26' title='bbox 1185 680 1305 757; x_wconf 87' lang='lat' dir='ltr'><strong>generis</strong></span> <span class='ocrx_word' id='word_1_27' title='bbox 1327 685 1357 738; x_wconf 89' lang='lat' dir='ltr'><strong>et</strong></span> <span class='ocrx_word' id='word_1_28' title='bbox 1380 679 1479 739; x_wconf 88' lang='lat' dir='ltr'><strong>omnis</strong></span> <span class='ocrx_word' id='word_1_29' title='bbox 1501 695 1592 756; x_wconf 88' lang='lat' dir='ltr'><strong>perso-</strong></span> 
     </span>
     <span class='ocr_line' id='line_1_4' title="bbox 308 777 1593 860; baseline 0.005 -22"><span class='ocrx_word' id='word_1_30' title='bbox 308 796 377 854; x_wconf 87' lang='lat' dir='ltr'><strong>nae,</strong></span> <span class='ocrx_word' id='word_1_31' title='bbox 403 786 435 839; x_wconf 83' lang='lat' dir='ltr'><strong>ut</strong></span> <span class='ocrx_word' id='word_1_32' title='bbox 457 779 544 858; x_wconf 79' lang='lat' dir='ltr'><strong>‘ipse’</strong></span> <span class='ocrx_word' id='word_1_33' title='bbox 568 786 597 838; x_wconf 90' lang='lat' dir='ltr'><strong>et</strong></span> <span class='ocrx_word' id='word_1_34' title='bbox 619 779 704 856; x_wconf 84' lang='lat' dir='ltr'><strong>‘qui’.</strong></span> <span class='ocrx_word' id='word_1_35' title='bbox 751 777 829 840; x_wconf 82' lang='lat' dir='ltr'><strong>Dicis</strong></span> <span class='ocrx_word' id='word_1_36' title='bbox 844 780 924 840; x_wconf 91' lang='lat' dir='ltr'><strong>enim</strong></span> <span class='ocrx_word' id='word_1_37' title='bbox 940 779 1007 858; x_wconf 74' lang='lat' dir='ltr'><strong>‘ego</strong></span> <span class='ocrx_word' id='word_1_38' title='bbox 1022 780 1088 860; x_wconf 89' lang='lat' dir='ltr'><strong>ipse</strong></span> <span class='ocrx_word' id='word_1_39' title='bbox 1102 781 1153 860; x_wconf 89' lang='lat' dir='ltr'><strong>qui</strong></span> <span class='ocrx_word' id='word_1_40' title='bbox 1171 779 1260 850; x_wconf 85' lang='lat' dir='ltr'><strong>dico’,</strong></span> <span class='ocrx_word' id='word_1_41' title='bbox 1278 781 1322 840; x_wconf 81' lang='lat' dir='ltr'><strong>‘tn</strong></span> <span class='ocrx_word' id='word_1_42' title='bbox 1344 779 1409 860; x_wconf 87' lang='lat' dir='ltr'><strong>ipse</strong></span> <span class='ocrx_word' id='word_1_43' title='bbox 1431 782 1484 859; x_wconf 85' lang='lat' dir='ltr'><strong>qui</strong></span> <span class='ocrx_word' id='word_1_44' title='bbox 1507 779 1593 844; x_wconf 83' lang='lat' dir='ltr'><strong>dicis&#39;.</strong></span> 
     </span>
     <span class='ocr_line' id='line_1_5' title="bbox 306 878 1593 960; baseline -0.002 -19"><span class='ocrx_word' id='word_1_45' title='bbox 306 878 368 941; x_wconf 80' lang='lat' dir='ltr'><strong>‘ille</strong></span> <span class='ocrx_word' id='word_1_46' title='bbox 390 881 454 959; x_wconf 91' lang='lat' dir='ltr'><strong>ipse</strong></span> <span class='ocrx_word' id='word_1_47' title='bbox 478 881 529 958; x_wconf 88' lang='lat' dir='ltr'><strong>qui</strong></span> <span class='ocrx_word' id='word_1_48' title='bbox 552 879 645 948; x_wconf 86' lang='lat' dir='ltr'><strong>dioit&#39;.</strong></span> <span class='ocrx_word' id='word_1_49' title='bbox 670 885 737 941; x_wconf 86' lang='lat' dir='ltr'><strong>‘uos</strong></span> <span class='ocrx_word' id='word_1_50' title='bbox 759 881 817 960; x_wconf 89' lang='lat' dir='ltr'><strong>ipsi</strong></span> <span class='ocrx_word' id='word_1_51' title='bbox 839 881 890 960; x_wconf 89' lang='lat' dir='ltr'><strong>qui</strong></span> <span class='ocrx_word' id='word_1_52' title='bbox 912 879 1050 943; x_wconf 87' lang='lat' dir='ltr'><strong>dicimus’</strong></span> <span class='ocrx_word' id='word_1_53' title='bbox 1073 882 1248 959; x_wconf 84' lang='lat' dir='ltr'><strong>etreliqua.</strong></span> <span class='ocrx_word' id='word_1_54' title='bbox 1287 880 1391 942; x_wconf 88' lang='lat' dir='ltr'><strong>Vtrum</strong></span> <span class='ocrx_word' id='word_1_55' title='bbox 1406 879 1593 960; x_wconf 85' lang='lat' dir='ltr'><strong>possuntalia</strong></span> 
     </span>
     <span class='ocr_line' id='line_1_6' title="bbox 306 980 1614 1062; baseline 0 -19"><span class='ocrx_word' id='word_1_56' title='bbox 306 983 481 1062; x_wconf 77' lang='lat' dir='ltr'><strong>pronomina</strong></span> <span class='ocrx_word' id='word_1_57' title='bbox 504 980 561 1042; x_wconf 88' lang='lat' dir='ltr'><strong>boc</strong></span> <span class='ocrx_word' id='word_1_58' title='bbox 576 982 676 1044; x_wconf 86' lang='lat' dir='ltr'><strong>lacere</strong></span> <span class='ocrx_word' id='word_1_59' title='bbox 691 981 729 1042; x_wconf 91' lang='lat' dir='ltr'><strong>de</strong></span> <span class='ocrx_word' id='word_1_60' title='bbox 744 983 829 1043; x_wconf 86' lang='lat' dir='ltr'><strong>tertia</strong></span> <span class='ocrx_word' id='word_1_61' title='bbox 844 984 989 1062; x_wconf 80' lang='lat' dir='ltr'><strong>persensi</strong></span> <span class='ocrx_word' id='word_1_62' title='bbox 1013 983 1119 1047; x_wconf 86' lang='lat' dir='ltr'><strong>Dicunt</strong></span> <span class='ocrx_word' id='word_1_63' title='bbox 1133 983 1213 1060; x_wconf 85' lang='lat' dir='ltr'><strong>alii,</strong></span> <span class='ocrx_word' id='word_1_64' title='bbox 1237 984 1306 1061; x_wconf 89' lang='lat' dir='ltr'><strong>quia</strong></span> <span class='ocrx_word' id='word_1_65' title='bbox 1328 1001 1388 1044; x_wconf 91' lang='lat' dir='ltr'><strong>non</strong></span> <span class='ocrx_word' id='word_1_66' title='bbox 1410 991 1457 1044; x_wconf 89' lang='lat' dir='ltr'><strong>est</strong></span> <span class='ocrx_word' id='word_1_67' title='bbox 1480 991 1614 1046; x_wconf 69' lang='lat' dir='ltr'><strong>rectums</strong></span> 
     </span>
     <span class='ocr_line' id='line_1_7' title="bbox 305 1081 1596 1164; baseline -0.001 -20"><span class='ocrx_word' id='word_1_68' title='bbox 305 1091 338 1144; x_wconf 93' lang='lat' dir='ltr'><strong>ut</strong></span> <span class='ocrx_word' id='word_1_69' title='bbox 364 1081 435 1145; x_wconf 90' lang='lat' dir='ltr'><strong>dicit</strong></span> <span class='ocrx_word' id='word_1_70' title='bbox 457 1081 653 1163; x_wconf 81' lang='lat' dir='ltr'><strong>Virgilius:</strong></span> <span class='ocrx_word' id='word_1_71' title='bbox 692 1083 767 1146; x_wconf 90' lang='lat' dir='ltr'><strong>Sunt</strong></span> <span class='ocrx_word' id='word_1_72' title='bbox 794 1085 846 1161; x_wconf 86' lang='lat' dir='ltr'><strong>qui</strong></span> <span class='ocrx_word' id='word_1_73' title='bbox 874 1101 1019 1163; x_wconf 81' lang='lat' dir='ltr'><strong>personas</strong></span> <span class='ocrx_word' id='word_1_74' title='bbox 1047 1087 1245 1164; x_wconf 88' lang='lat' dir='ltr'><strong>coniungunt,</strong></span> <span class='ocrx_word' id='word_1_75' title='bbox 1275 1084 1384 1164; x_wconf 87' lang='lat' dir='ltr'><strong>quibus</strong></span> <span class='ocrx_word' id='word_1_76' title='bbox 1411 1083 1495 1145; x_wconf 91' lang='lat' dir='ltr'><strong>nullo</strong></span> <span class='ocrx_word' id='word_1_77' title='bbox 1518 1083 1596 1144; x_wconf 89' lang='lat' dir='ltr'><strong>modo</strong></span> 
     </span>
     <span class='ocr_line' id='line_1_8' title="bbox 305 1184 1595 1268; baseline -0.002 -22"><span class='ocrx_word' id='word_1_78' title='bbox 305 1184 572 1264; x_wconf 85' lang='lat' dir='ltr'><strong>adquiescendum,</strong></span> <span class='ocrx_word' id='word_1_79' title='bbox 595 1194 628 1247; x_wconf 90' lang='lat' dir='ltr'><strong>ut</strong></span> <span class='ocrx_word' id='word_1_80' title='bbox 649 1184 717 1265; x_wconf 80' lang='lat' dir='ltr'><strong>‘ego</strong></span> <span class='ocrx_word' id='word_1_81' title='bbox 740 1192 772 1246; x_wconf 92' lang='lat' dir='ltr'><strong>tu</strong></span> <span class='ocrx_word' id='word_1_82' title='bbox 794 1185 867 1246; x_wconf 88' lang='lat' dir='ltr'><strong>illc’.</strong></span> <span class='ocrx_word' id='word_1_83' title='bbox 905 1185 979 1248; x_wconf 86' lang='lat' dir='ltr'><strong>Nam</strong></span> <span class='ocrx_word' id='word_1_84' title='bbox 1002 1196 1122 1267; x_wconf 87' lang='lat' dir='ltr'><strong>praeter</strong></span> <span class='ocrx_word' id='word_1_85' title='bbox 1143 1187 1193 1250; x_wconf 88' lang='lat' dir='ltr'><strong>illa</strong></span> <span class='ocrx_word' id='word_1_86' title='bbox 1217 1187 1407 1268; x_wconf 80' lang='lat' dir='ltr'><strong>pronomina,</strong></span> <span class='ocrx_word' id='word_1_87' title='bbox 1431 1203 1509 1265; x_wconf 85' lang='lat' dir='ltr'><strong>quae</strong></span> <span class='ocrx_word' id='word_1_88' title='bbox 1524 1187 1595 1246; x_wconf 89' lang='lat' dir='ltr'><strong>omni</strong></span> 
     </span>
     <span class='ocr_line' id='line_1_9' title="bbox 306 1288 1334 1368; baseline 0 -20"><span class='ocrx_word' id='word_1_89' title='bbox 306 1305 450 1368; x_wconf 88' lang='lat' dir='ltr'><strong>personae</strong></span> <span class='ocrx_word' id='word_1_90' title='bbox 472 1289 671 1358; x_wconf 82' lang='lat' dir='ltr'><strong>conueniunt,</strong></span> <span class='ocrx_word' id='word_1_91' title='bbox 694 1289 790 1348; x_wconf 90' lang='lat' dir='ltr'><strong>omnis</strong></span> <span class='ocrx_word' id='word_1_92' title='bbox 812 1289 983 1350; x_wconf 90' lang='lat' dir='ltr'><strong>coniunctio</strong></span> <span class='ocrx_word' id='word_1_93' title='bbox 1005 1288 1071 1350; x_wconf 87' lang='lat' dir='ltr'><strong>talis</strong></span> <span class='ocrx_word' id='word_1_94' title='bbox 1094 1289 1258 1350; x_wconf 82' lang='lat' dir='ltr'><strong>execranda</strong></span> <span class='ocrx_word' id='word_1_95' title='bbox 1281 1297 1334 1350; x_wconf 85' lang='lat' dir='ltr'><strong>cst</strong></span> 
     </span>
    </p>

    <p class='ocr_par' dir='ltr' id='par_1_3' title="bbox 301 1385 1671 2488">
     <span class='ocr_line' id='line_1_10' title="bbox 391 1385 1595 1472; baseline -0.002 -22"><span class='ocrx_word' id='word_1_96' title='bbox 391 1385 405 1472; x_wconf 85' lang='grc' dir='ltr'><strong>ΙΙ</strong></span> <span class='ocrx_word' id='word_1_97' title='bbox 414 1390 433 1450; x_wconf 91' lang='lat' dir='ltr'><strong>l.</strong></span> <span class='ocrx_word' id='word_1_98' title='bbox 442 1385 500 1450; x_wconf 59' lang='lat'><strong>19¹:</strong></span> <span class='ocrx_word' id='word_1_99' title='bbox 510 1387 522 1472; x_wconf 65' lang='grc' dir='ltr'>ιι</span> <span class='ocrx_word' id='word_1_100' title='bbox 535 1389 639 1451; x_wconf 90' lang='lat' dir='ltr'><strong>Vtrum</strong></span> <span class='ocrx_word' id='word_1_101' title='bbox 649 1407 741 1451; x_wconf 91' lang='lat' dir='ltr'><strong>unum</strong></span> <span class='ocrx_word' id='word_1_102' title='bbox 751 1407 873 1453; x_wconf 85' lang='lat' dir='ltr'><strong>sensum</strong></span> <span class='ocrx_word' id='word_1_103' title='bbox 882 1389 1207 1452; x_wconf 73' lang='lat' dir='ltr'><strong>habet‘mei’et‘mls’i</strong></span> <span class='ocrx_word' id='word_1_104' title='bbox 1229 1388 1304 1464; x_wconf 85' lang='lat' dir='ltr'><strong>Non,</strong></span> <span class='ocrx_word' id='word_1_105' title='bbox 1318 1389 1595 1467; x_wconf 78' lang='lat' dir='ltr'><strong>quod‘mei’dicitur</strong></span> 
     </span>
     <span class='ocr_line' id='line_1_11' title="bbox 305 1489 1623 1572; baseline -0.002 -20"><span class='ocrx_word' id='word_1_106' title='bbox 305 1491 343 1554; x_wconf 90' lang='lat' dir='ltr'><strong>de</strong></span> <span class='ocrx_word' id='word_1_107' title='bbox 365 1510 398 1553; x_wconf 89' lang='lat' dir='ltr'><strong>ea</strong></span> <span class='ocrx_word' id='word_1_108' title='bbox 422 1509 469 1562; x_wconf 85' lang='lat' dir='ltr'><strong>re,</strong></span> <span class='ocrx_word' id='word_1_109' title='bbox 492 1509 568 1570; x_wconf 90' lang='lat' dir='ltr'><strong>quae</strong></span> <span class='ocrx_word' id='word_1_110' title='bbox 589 1493 620 1553; x_wconf 92' lang='lat' dir='ltr'><strong>ln</strong></span> <span class='ocrx_word' id='word_1_111' title='bbox 644 1501 801 1569; x_wconf 87' lang='lat' dir='ltr'><strong>praesente</strong></span> <span class='ocrx_word' id='word_1_112' title='bbox 823 1490 997 1572; x_wconf 89' lang='lat' dir='ltr'><strong>possidetur,</strong></span> <span class='ocrx_word' id='word_1_113' title='bbox 1014 1492 1096 1552; x_wconf 80' lang='lat' dir='ltr'><strong>‘mis&#39;</strong></span> <span class='ocrx_word' id='word_1_114' title='bbox 1111 1500 1211 1554; x_wconf 88' lang='lat' dir='ltr'><strong>autern</strong></span> <span class='ocrx_word' id='word_1_115' title='bbox 1226 1489 1263 1550; x_wconf 90' lang='lat' dir='ltr'><strong>de</strong></span> <span class='ocrx_word' id='word_1_116' title='bbox 1278 1511 1312 1554; x_wconf 91' lang='lat' dir='ltr'><strong>ea</strong></span> <span class='ocrx_word' id='word_1_117' title='bbox 1327 1509 1362 1551; x_wconf 88' lang='lat' dir='ltr'><strong>re</strong></span> <span class='ocrx_word' id='word_1_118' title='bbox 1377 1490 1498 1560; x_wconf 85' lang='lat' dir='ltr'><strong>dicitur.</strong></span> <span class='ocrx_word' id='word_1_119' title='bbox 1515 1509 1594 1569; x_wconf 81' lang='lat' dir='ltr'><strong>quant</strong></span> <span class='ocrx_word' id='word_1_120' title='bbox 1606 1505 1623 1542; x_wconf 77' lang='grc' dir='ltr'>ιο</span> 
     </span>
     <span class='ocr_line' id='line_1_12' title="bbox 304 1591 1595 1673; baseline -0.005 -17"><span class='ocrx_word' id='word_1_121' title='bbox 304 1594 341 1656; x_wconf 85' lang='lat' dir='ltr'><strong>ob</strong></span> <span class='ocrx_word' id='word_1_122' title='bbox 365 1593 422 1655; x_wconf 91' lang='lat' dir='ltr'><strong>alio</strong></span> <span class='ocrx_word' id='word_1_123' title='bbox 444 1611 548 1673; x_wconf 85' lang='lat' dir='ltr'><strong>spero,</strong></span> <span class='ocrx_word' id='word_1_124' title='bbox 572 1603 605 1656; x_wconf 88' lang='lat' dir='ltr'><strong>ut</strong></span> <span class='ocrx_word' id='word_1_125' title='bbox 626 1593 699 1655; x_wconf 90' lang='lat' dir='ltr'><strong>dicit</strong></span> <span class='ocrx_word' id='word_1_126' title='bbox 719 1592 919 1672; x_wconf 87' lang='lat' dir='ltr'><strong>Virgilius:</strong></span> <span class='ocrx_word' id='word_1_127' title='bbox 942 1593 1082 1672; x_wconf 84' lang='lat' dir='ltr'><strong>Legimus</strong></span> <span class='ocrx_word' id='word_1_128' title='bbox 1104 1593 1183 1656; x_wconf 88' lang='lat' dir='ltr'><strong>flecti</strong></span> <span class='ocrx_word' id='word_1_129' title='bbox 1204 1595 1287 1656; x_wconf 72' lang='lat' dir='ltr'><strong>‘mei’</strong></span> <span class='ocrx_word' id='word_1_130' title='bbox 1311 1594 1359 1656; x_wconf 92' lang='lat' dir='ltr'><strong>uel</strong></span> <span class='ocrx_word' id='word_1_131' title='bbox 1375 1595 1466 1655; x_wconf 71' lang='lat' dir='ltr'><strong>³mb&#39;.</strong></span> <span class='ocrx_word' id='word_1_132' title='bbox 1507 1591 1595 1663; x_wconf 81' lang='lat' dir='ltr'><strong>Quare</strong></span> 
     </span>
     <span class='ocr_line' id='line_1_13' title="bbox 304 1691 1594 1776; baseline -0.002 -20"><span class='ocrx_word' id='word_1_133' title='bbox 304 1695 360 1759; x_wconf 92' lang='lat' dir='ltr'><strong>boc</strong></span> <span class='ocrx_word' id='word_1_134' title='bbox 383 1695 518 1758; x_wconf 85' lang='lat' dir='ltr'><strong>addituri</strong></span> <span class='ocrx_word' id='word_1_135' title='bbox 541 1695 604 1756; x_wconf 89' lang='lat' dir='ltr'><strong>Hoc</strong></span> <span class='ocrx_word' id='word_1_136' title='bbox 626 1696 665 1756; x_wconf 89' lang='lat' dir='ltr'><strong>lta</strong></span> <span class='ocrx_word' id='word_1_137' title='bbox 689 1691 936 1774; x_wconf 86' lang='lat' dir='ltr'><strong>intellegendum,</strong></span> <span class='ocrx_word' id='word_1_138' title='bbox 959 1695 1038 1776; x_wconf 90' lang='lat' dir='ltr'><strong>qnod</strong></span> <span class='ocrx_word' id='word_1_139' title='bbox 1061 1697 1140 1756; x_wconf 78' lang='lat' dir='ltr'><strong>‘mis’</strong></span> <span class='ocrx_word' id='word_1_140' title='bbox 1157 1713 1216 1756; x_wconf 92' lang='lat' dir='ltr'><strong>noo</strong></span> <span class='ocrx_word' id='word_1_141' title='bbox 1232 1695 1352 1766; x_wconf 88' lang='lat' dir='ltr'><strong>dicitur,</strong></span> <span class='ocrx_word' id='word_1_142' title='bbox 1375 1697 1434 1756; x_wconf 91' lang='lat' dir='ltr'><strong>nisi</strong></span> <span class='ocrx_word' id='word_1_143' title='bbox 1455 1694 1495 1755; x_wconf 88' lang='lat' dir='ltr'><strong>de</strong></span> <span class='ocrx_word' id='word_1_144' title='bbox 1511 1713 1543 1754; x_wconf 86' lang='lat' dir='ltr'><strong>ca</strong></span> <span class='ocrx_word' id='word_1_145' title='bbox 1558 1713 1594 1760; x_wconf 86' lang='lat' dir='ltr'><strong>re,</strong></span> 
     </span>
     <span class='ocr_line' id='line_1_14' title="bbox 303 1795 1593 1877; baseline 0 -17"><span class='ocrx_word' id='word_1_146' title='bbox 303 1817 391 1877; x_wconf 84' lang='lat' dir='ltr'><strong>quom</strong></span> <span class='ocrx_word' id='word_1_147' title='bbox 415 1797 487 1859; x_wconf 89' lang='lat' dir='ltr'><strong>mibi</strong></span> <span class='ocrx_word' id='word_1_148' title='bbox 509 1795 546 1859; x_wconf 89' lang='lat' dir='ltr'><strong>ab</strong></span> <span class='ocrx_word' id='word_1_149' title='bbox 569 1795 667 1876; x_wconf 85' lang='lat' dir='ltr'><strong>aliquo</strong></span> <span class='ocrx_word' id='word_1_150' title='bbox 691 1799 901 1876; x_wconf 90' lang='lat' dir='ltr'><strong>repromissam</strong></span> <span class='ocrx_word' id='word_1_151' title='bbox 923 1815 1012 1876; x_wconf 88' lang='lat' dir='ltr'><strong>spero</strong></span> <span class='ocrx_word' id='word_1_152' title='bbox 1028 1805 1059 1857; x_wconf 88' lang='lat' dir='ltr'><strong>ct</strong></span> <span class='ocrx_word' id='word_1_153' title='bbox 1073 1806 1247 1866; x_wconf 85' lang='lat' dir='ltr'><strong>uenturam,</strong></span> <span class='ocrx_word' id='word_1_154' title='bbox 1271 1799 1354 1858; x_wconf 79' lang='lat' dir='ltr'><strong>‘mei’</strong></span> <span class='ocrx_word' id='word_1_155' title='bbox 1372 1807 1470 1860; x_wconf 87' lang='lat' dir='ltr'><strong>autern</strong></span> <span class='ocrx_word' id='word_1_156' title='bbox 1496 1796 1533 1856; x_wconf 91' lang='lat' dir='ltr'><strong>de</strong></span> <span class='ocrx_word' id='word_1_157' title='bbox 1555 1813 1593 1860; x_wconf 89' lang='lat' dir='ltr'><strong>eo.</strong></span> 
     </span>
     <span class='ocr_line' id='line_1_15' title="bbox 302 1897 1595 1982; baseline -0.005 -20"><span class='ocrx_word' id='word_1_158' title='bbox 302 1900 381 1982; x_wconf 92' lang='lat' dir='ltr'><strong>quod</strong></span> <span class='ocrx_word' id='word_1_159' title='bbox 404 1917 548 1980; x_wconf 88' lang='lat' dir='ltr'><strong>praesens</strong></span> <span class='ocrx_word' id='word_1_160' title='bbox 569 1897 717 1979; x_wconf 86' lang='lat' dir='ltr'><strong>possideo.</strong></span> <span class='ocrx_word' id='word_1_161' title='bbox 763 1897 840 1970; x_wconf 84' lang='lat' dir='ltr'><strong>Ouid</strong></span> <span class='ocrx_word' id='word_1_162' title='bbox 862 1900 987 1960; x_wconf 86' lang='lat' dir='ltr'><strong>interest</strong></span> <span class='ocrx_word' id='word_1_163' title='bbox 1008 1901 1087 1960; x_wconf 89' lang='lat' dir='ltr'><strong>inter</strong></span> <span class='ocrx_word' id='word_1_164' title='bbox 1108 1899 1169 1960; x_wconf 80' lang='lat' dir='ltr'><strong>‘is’</strong></span> <span class='ocrx_word' id='word_1_165' title='bbox 1194 1906 1223 1960; x_wconf 88' lang='lat' dir='ltr'><strong>et</strong></span> <span class='ocrx_word' id='word_1_166' title='bbox 1244 1899 1336 1960; x_wconf 79' lang='lat' dir='ltr'><strong>‘bie&#39;i</strong></span> <span class='ocrx_word' id='word_1_167' title='bbox 1382 1899 1457 1960; x_wconf 86' lang='lat' dir='ltr'><strong>Dicit</strong></span> <span class='ocrx_word' id='word_1_168' title='bbox 1479 1899 1595 1973; x_wconf 88' lang='lat' dir='ltr'><strong>Virgi-</strong></span> 
     </span>
     <span class='ocr_line' id='line_1_16' title="bbox 302 1998 1671 2079; baseline -0.004 -17"><span class='ocrx_word' id='word_1_169' title='bbox 302 2001 396 2065; x_wconf 89' lang='lat' dir='ltr'><strong>lius:</strong></span> <span class='ocrx_word' id='word_1_170' title='bbox 421 2001 500 2064; x_wconf 89' lang='lat' dir='ltr'><strong>luter</strong></span> <span class='ocrx_word' id='word_1_171' title='bbox 524 2001 583 2060; x_wconf 76' lang='lat' dir='ltr'><strong>‘is’</strong></span> <span class='ocrx_word' id='word_1_172' title='bbox 608 2007 637 2061; x_wconf 90' lang='lat' dir='ltr'><strong>et</strong></span> <span class='ocrx_word' id='word_1_173' title='bbox 659 2000 744 2060; x_wconf 80' lang='lat' dir='ltr'><strong>‘bio’</strong></span> <span class='ocrx_word' id='word_1_174' title='bbox 766 1998 824 2061; x_wconf 93' lang='lat' dir='ltr'><strong>boc</strong></span> <span class='ocrx_word' id='word_1_175' title='bbox 846 2003 984 2070; x_wconf 89' lang='lat' dir='ltr'><strong>interest,</strong></span> <span class='ocrx_word' id='word_1_176' title='bbox 1009 2000 1087 2078; x_wconf 90' lang='lat' dir='ltr'><strong>qood</strong></span> <span class='ocrx_word' id='word_1_177' title='bbox 1111 2001 1172 2062; x_wconf 72' lang='lat' dir='ltr'><strong>‘is’</strong></span> <span class='ocrx_word' id='word_1_178' title='bbox 1197 2001 1400 2079; x_wconf 88' lang='lat' dir='ltr'><strong>subiungitur,</strong></span> <span class='ocrx_word' id='word_1_179' title='bbox 1424 2010 1458 2062; x_wconf 87' lang='grc' dir='ltr'><strong>ιιι</strong></span> <span class='ocrx_word' id='word_1_180' title='bbox 1478 2001 1525 2060; x_wconf 81' lang='lat' dir='ltr'><strong>‘at</strong></span> <span class='ocrx_word' id='word_1_181' title='bbox 1546 2000 1625 2070; x_wconf 82' lang='lat' dir='ltr'><strong>is’,o</strong></span> <span class='ocrx_word' id='word_1_182' title='bbox 1670 2063 1671 2072; x_wconf 8' lang='grc' dir='ltr'>χ</span> 
     </span>
     <span class='ocr_line' id='line_1_17' title="bbox 301 2101 1594 2182; baseline -0.006 -16"><span class='ocrx_word' id='word_1_183' title='bbox 301 2104 353 2166; x_wconf 89' lang='lat' dir='ltr'><strong>sed</strong></span> <span class='ocrx_word' id='word_1_184' title='bbox 377 2113 507 2174; x_wconf 85' lang='lat' dir='ltr'><strong>tantum,</strong></span> <span class='ocrx_word' id='word_1_185' title='bbox 537 2104 563 2164; x_wconf 90' lang='lat' dir='ltr'><strong>si</strong></span> <span class='ocrx_word' id='word_1_186' title='bbox 585 2102 828 2164; x_wconf 89' lang='lat' dir='ltr'><strong>coniunctionem</strong></span> <span class='ocrx_word' id='word_1_187' title='bbox 855 2101 1077 2163; x_wconf 87' lang='lat' dir='ltr'><strong>subiunctiuam</strong></span> <span class='ocrx_word' id='word_1_188' title='bbox 1101 2101 1157 2162; x_wconf 90' lang='lat' dir='ltr'><strong>sibi</strong></span> <span class='ocrx_word' id='word_1_189' title='bbox 1185 2102 1323 2163; x_wconf 87' lang='lat' dir='ltr'><strong>babuerit</strong></span> <span class='ocrx_word' id='word_1_190' title='bbox 1350 2102 1527 2182; x_wconf 84' lang='lat' dir='ltr'><strong>copulatam,</strong></span> <span class='ocrx_word' id='word_1_191' title='bbox 1551 2101 1594 2158; x_wconf 80' lang='lat' dir='ltr'><strong>‘is&#39;</strong></span> 
     </span>
     <span class='ocr_line' id='line_1_18' title="bbox 302 2191 1593 2287; baseline -0.007 -19"><span class='ocrx_word' id='word_1_192' title='bbox 302 2208 446 2287; x_wconf 86' lang='lat' dir='ltr'><strong>praeponi</strong></span> <span class='ocrx_word' id='word_1_193' title='bbox 470 2213 581 2286; x_wconf 84' lang='lat' dir='ltr'><strong>potest,</strong></span> <span class='ocrx_word' id='word_1_194' title='bbox 606 2215 639 2266; x_wconf 91' lang='lat' dir='ltr'><strong>ut</strong></span> <span class='ocrx_word' id='word_1_195' title='bbox 660 2205 705 2264; x_wconf 76' lang='lat' dir='ltr'><strong>‘is</strong></span> <span class='ocrx_word' id='word_1_196' title='bbox 727 2205 843 2264; x_wconf 88' lang='lat' dir='ltr'><strong>antem&#39;</strong></span> <span class='ocrx_word' id='word_1_197' title='bbox 866 2203 910 2265; x_wconf 75' lang='lat' dir='ltr'><strong>‘is</strong></span> <span class='ocrx_word' id='word_1_198' title='bbox 932 2205 1034 2266; x_wconf 89' lang='lat' dir='ltr'><strong>uero&#39;.</strong></span> <span class='ocrx_word' id='word_1_199' title='bbox 1079 2191 1158 2264; x_wconf 75' lang='lat' dir='ltr'><strong>‘llic’</strong></span> <span class='ocrx_word' id='word_1_200' title='bbox 1182 2215 1280 2265; x_wconf 88' lang='lat' dir='ltr'><strong>autem</strong></span> <span class='ocrx_word' id='word_1_201' title='bbox 1302 2221 1423 2284; x_wconf 88' lang='lat' dir='ltr'><strong>semper</strong></span> <span class='ocrx_word' id='word_1_202' title='bbox 1444 2201 1593 2282; x_wconf 88' lang='lat' dir='ltr'><strong>praeponi·</strong></span> 
     </span>
     <span class='ocr_line' id='line_1_19' title="bbox 302 2304 1594 2386; baseline -0.007 -16"><span class='ocrx_word' id='word_1_203' title='bbox 302 2318 360 2370; x_wconf 92' lang='lat' dir='ltr'><strong>tur.</strong></span> <span class='ocrx_word' id='word_1_204' title='bbox 391 2307 470 2368; x_wconf 80' lang='lat' dir='ltr'><strong>‘llic’</strong></span> <span class='ocrx_word' id='word_1_205' title='bbox 494 2309 590 2376; x_wconf 86' lang='lat' dir='ltr'><strong>enim,</strong></span> <span class='ocrx_word' id='word_1_206' title='bbox 614 2304 780 2386; x_wconf 89' lang='lat' dir='ltr'><strong>siquando</strong></span> <span class='ocrx_word' id='word_1_207' title='bbox 803 2306 972 2366; x_wconf 88' lang='lat' dir='ltr'><strong>coniunctio</strong></span> <span class='ocrx_word' id='word_1_208' title='bbox 996 2305 1023 2366; x_wconf 89' lang='lat' dir='ltr'><strong>ei</strong></span> <span class='ocrx_word' id='word_1_209' title='bbox 1045 2307 1238 2386; x_wconf 87' lang='lat' dir='ltr'><strong>praepositiui</strong></span> <span class='ocrx_word' id='word_1_210' title='bbox 1261 2305 1376 2366; x_wconf 87' lang='lat' dir='ltr'><strong>ordinis</strong></span> <span class='ocrx_word' id='word_1_211' title='bbox 1398 2305 1486 2366; x_wconf 83' lang='lat' dir='ltr'><strong>luerit</strong></span> <span class='ocrx_word' id='word_1_212' title='bbox 1508 2321 1594 2382; x_wconf 91' lang='lat' dir='ltr'><strong>copu-</strong></span> 
     </span>
     <span class='ocr_line' id='line_1_20' title="bbox 301 2405 1149 2488; baseline -0.004 -18"><span class='ocrx_word' id='word_1_213' title='bbox 301 2409 374 2480; x_wconf 86' lang='lat' dir='ltr'><strong>lata,</strong></span> <span class='ocrx_word' id='word_1_214' title='bbox 399 2417 468 2476; x_wconf 86' lang='lat' dir='ltr'><strong>tunc</strong></span> <span class='ocrx_word' id='word_1_215' title='bbox 491 2407 603 2488; x_wconf 89' lang='lat' dir='ltr'><strong>liquido</strong></span> <span class='ocrx_word' id='word_1_216' title='bbox 625 2407 824 2486; x_wconf 86' lang='lat' dir='ltr'><strong>subiungitur,</strong></span> <span class='ocrx_word' id='word_1_217' title='bbox 849 2414 881 2468; x_wconf 92' lang='lat' dir='ltr'><strong>ut</strong></span> <span class='ocrx_word' id='word_1_218' title='bbox 902 2407 1055 2484; x_wconf 79' lang='lat' dir='ltr'><strong>‘quoniam</strong></span> <span class='ocrx_word' id='word_1_219' title='bbox 1078 2405 1149 2468; x_wconf 90' lang='lat' dir='ltr'><strong>bic’.</strong></span> 
     </span>
    </p>

    <p class='ocr_par' dir='ltr' id='par_1_4' title="bbox 299 2505 1670 3810">
     <span class='ocr_line' id='line_1_21' title="bbox 388 2505 1623 2592; baseline -0.004 -22"><span class='ocrx_word' id='word_1_220' title='bbox 388 2509 400 2592; x_wconf 74' lang='grc' dir='ltr'>Η</span> <span class='ocrx_word' id='word_1_221' title='bbox 419 2510 438 2570; x_wconf 89' lang='grc'><strong>1.</strong></span> <span class='ocrx_word' id='word_1_222' title='bbox 455 2505 517 2570; x_wconf 63' lang='lat'><strong>19¹³</strong></span> <span class='ocrx_word' id='word_1_223' title='bbox 532 2505 548 2591; x_wconf 66' lang='lat' dir='ltr'><strong>st</strong></span> <span class='ocrx_word' id='word_1_224' title='bbox 577 2509 637 2570; x_wconf 85' lang='lat' dir='ltr'><strong>Cur</strong></span> <span class='ocrx_word' id='word_1_225' title='bbox 658 2509 750 2586; x_wconf 83' lang='lat' dir='ltr'><strong>‘ego&#39;</strong></span> <span class='ocrx_word' id='word_1_226' title='bbox 773 2506 863 2568; x_wconf 87' lang='lat' dir='ltr'><strong>babet</strong></span> <span class='ocrx_word' id='word_1_227' title='bbox 885 2506 1022 2586; x_wconf 91' lang='lat' dir='ltr'><strong>obliquos</strong></span> <span class='ocrx_word' id='word_1_228' title='bbox 1044 2526 1131 2569; x_wconf 88' lang='lat' dir='ltr'><strong>casus</strong></span> <span class='ocrx_word' id='word_1_229' title='bbox 1159 2508 1215 2570; x_wconf 89' lang='lat' dir='ltr'><strong>sibi</strong></span> <span class='ocrx_word' id='word_1_230' title='bbox 1243 2508 1419 2582; x_wconf 83' lang='lat' dir='ltr'><strong>dissimiles,</strong></span> <span class='ocrx_word' id='word_1_231' title='bbox 1450 2517 1480 2568; x_wconf 87' lang='lat' dir='ltr'><strong>ut</strong></span> <span class='ocrx_word' id='word_1_232' title='bbox 1507 2507 1623 2584; x_wconf 73' lang='lat' dir='ltr'><strong>‘ego’u</strong></span> 
     </span>
     <span class='ocr_line' id='line_1_22' title="bbox 301 2607 1594 2690; baseline -0.005 -17"><span class='ocrx_word' id='word_1_233' title='bbox 301 2613 383 2674; x_wconf 75' lang='lat' dir='ltr'><strong>‘mei’</strong></span> <span class='ocrx_word' id='word_1_234' title='bbox 407 2611 456 2672; x_wconf 90' lang='lat' dir='ltr'><strong>uel</strong></span> <span class='ocrx_word' id='word_1_235' title='bbox 479 2609 561 2670; x_wconf 76' lang='lat' dir='ltr'><strong>‘mis’</strong></span> <span class='ocrx_word' id='word_1_236' title='bbox 585 2617 615 2670; x_wconf 89' lang='lat' dir='ltr'><strong>et</strong></span> <span class='ocrx_word' id='word_1_237' title='bbox 636 2607 743 2690; x_wconf 79' lang='lat' dir='ltr'><strong>plurali</strong></span> <span class='ocrx_word' id='word_1_238' title='bbox 765 2612 844 2669; x_wconf 73' lang='lat' dir='ltr'><strong>‘nos’</strong></span> <span class='ocrx_word' id='word_1_239' title='bbox 867 2611 1028 2672; x_wconf 78' lang='lat' dir='ltr'><strong>‘nostrum&#39;</strong></span> <span class='ocrx_word' id='word_1_240' title='bbox 1051 2609 1099 2671; x_wconf 91' lang='lat' dir='ltr'><strong>uel</strong></span> <span class='ocrx_word' id='word_1_241' title='bbox 1122 2611 1258 2672; x_wconf 78' lang='lat' dir='ltr'><strong>‘nostri’i</strong></span> <span class='ocrx_word' id='word_1_242' title='bbox 1301 2608 1393 2671; x_wconf 80' lang='lat' dir='ltr'><strong>Aliis</strong></span> <span class='ocrx_word' id='word_1_243' title='bbox 1424 2608 1481 2670; x_wconf 94' lang='lat' dir='ltr'><strong>boc</strong></span> <span class='ocrx_word' id='word_1_244' title='bbox 1503 2608 1594 2688; x_wconf 88' lang='lat' dir='ltr'><strong>placet</strong></span> 
     </span>
     <span class='ocr_line' id='line_1_23' title="bbox 301 2709 1592 2792; baseline -0.005 -19"><span class='ocrx_word' id='word_1_245' title='bbox 301 2731 380 2783; x_wconf 87' lang='lat' dir='ltr'><strong>csse,</strong></span> <span class='ocrx_word' id='word_1_246' title='bbox 410 2713 478 2792; x_wconf 86' lang='lat' dir='ltr'><strong>quia</strong></span> <span class='ocrx_word' id='word_1_247' title='bbox 506 2709 617 2772; x_wconf 89' lang='lat' dir='ltr'><strong>similes</strong></span> <span class='ocrx_word' id='word_1_248' title='bbox 639 2719 708 2772; x_wconf 86' lang='lat' dir='ltr'><strong>sunt</strong></span> <span class='ocrx_word' id='word_1_249' title='bbox 730 2727 837 2779; x_wconf 88' lang='lat' dir='ltr'><strong>sensu,</strong></span> <span class='ocrx_word' id='word_1_250' title='bbox 866 2710 937 2771; x_wconf 88' lang='lat' dir='ltr'><strong>licet</strong></span> <span class='ocrx_word' id='word_1_251' title='bbox 959 2710 1123 2774; x_wconf 87' lang='lat' dir='ltr'><strong>litteratura</strong></span> <span class='ocrx_word' id='word_1_252' title='bbox 1147 2711 1303 2772; x_wconf 87' lang='lat' dir='ltr'><strong>dissimiles</strong></span> <span class='ocrx_word' id='word_1_253' title='bbox 1330 2720 1413 2783; x_wconf 84' lang='lat' dir='ltr'><strong>strnt,</strong></span> <span class='ocrx_word' id='word_1_254' title='bbox 1449 2718 1480 2772; x_wconf 92' lang='lat' dir='ltr'><strong>ut</strong></span> <span class='ocrx_word' id='word_1_255' title='bbox 1502 2721 1545 2771; x_wconf 90' lang='lat' dir='ltr'><strong>est</strong></span> <span class='ocrx_word' id='word_1_256' title='bbox 1566 2711 1592 2768; x_wconf 91' lang='lat' dir='ltr'><strong>in</strong></span> 
     </span>
     <span class='ocr_line' id='line_1_24' title="bbox 302 2810 1594 2893; baseline -0.005 -17"><span class='ocrx_word' id='word_1_257' title='bbox 302 2815 420 2876; x_wconf 88' lang='lat' dir='ltr'><strong>nominc</strong></span> <span class='ocrx_word' id='word_1_258' title='bbox 443 2812 557 2874; x_wconf 86' lang='lat' dir='ltr'><strong>‘bonus</strong></span> <span class='ocrx_word' id='word_1_259' title='bbox 580 2813 685 2875; x_wconf 89' lang='lat' dir='ltr'><strong>melior</strong></span> <span class='ocrx_word' id='word_1_260' title='bbox 707 2813 854 2893; x_wconf 86' lang='lat' dir='ltr'><strong>optimus’</strong></span> <span class='ocrx_word' id='word_1_261' title='bbox 877 2821 906 2874; x_wconf 87' lang='lat' dir='ltr'><strong>et</strong></span> <span class='ocrx_word' id='word_1_262' title='bbox 928 2813 1038 2874; x_wconf 75' lang='lat' dir='ltr'><strong>‘unus’</strong></span> <span class='ocrx_word' id='word_1_263' title='bbox 1067 2812 1256 2892; x_wconf 77' lang='lat' dir='ltr'><strong>singulariter</strong></span> <span class='ocrx_word' id='word_1_264' title='bbox 1279 2813 1422 2891; x_wconf 79' lang='lat' dir='ltr'><strong>‘singuli’</strong></span> <span class='ocrx_word' id='word_1_265' title='bbox 1446 2810 1594 2892; x_wconf 77' lang='lat' dir='ltr'><strong>pluraliter</strong></span> 
     </span>
     <span class='ocr_line' id='line_1_25' title="bbox 300 2912 1592 2996; baseline -0.003 -18"><span class='ocrx_word' id='word_1_266' title='bbox 300 2919 385 2987; x_wconf 85' lang='lat' dir='ltr'><strong>lacit,</strong></span> <span class='ocrx_word' id='word_1_267' title='bbox 409 2925 440 2978; x_wconf 84' lang='lat' dir='ltr'><strong>ct</strong></span> <span class='ocrx_word' id='word_1_268' title='bbox 463 2925 494 2976; x_wconf 87' lang='lat' dir='ltr'><strong>ut</strong></span> <span class='ocrx_word' id='word_1_269' title='bbox 515 2922 585 2976; x_wconf 90' lang='lat' dir='ltr'><strong>sunt</strong></span> <span class='ocrx_word' id='word_1_270' title='bbox 606 2912 771 2994; x_wconf 84' lang='lat' dir='ltr'><strong>inaequalia</strong></span> <span class='ocrx_word' id='word_1_271' title='bbox 794 2913 901 2984; x_wconf 86' lang='lat' dir='ltr'><strong>uerba,</strong></span> <span class='ocrx_word' id='word_1_272' title='bbox 924 2925 957 2976; x_wconf 89' lang='lat' dir='ltr'><strong>ut</strong></span> <span class='ocrx_word' id='word_1_273' title='bbox 972 2915 1061 2978; x_wconf 75' lang='lat' dir='ltr'><strong>‘lero’</strong></span> <span class='ocrx_word' id='word_1_274' title='bbox 1078 2915 1155 2976; x_wconf 83' lang='lat' dir='ltr'><strong>‘tuli’</strong></span> <span class='ocrx_word' id='word_1_275' title='bbox 1170 2916 1241 2978; x_wconf 86' lang='lat' dir='ltr'><strong>iacit</strong></span> <span class='ocrx_word' id='word_1_276' title='bbox 1261 2917 1472 2996; x_wconf 87' lang='lat' dir='ltr'><strong>praeteritum,</strong></span> <span class='ocrx_word' id='word_1_277' title='bbox 1496 2913 1592 2975; x_wconf 76' lang='lat' dir='ltr'><strong>‘lotum</strong></span> 
     </span>
     <span class='ocr_line' id='line_1_26' title="bbox 299 3015 1622 3096; baseline -0.004 -18"><span class='ocrx_word' id='word_1_278' title='bbox 299 3021 355 3079; x_wconf 88' lang='lat' dir='ltr'><strong>irc’</strong></span> <span class='ocrx_word' id='word_1_279' title='bbox 379 3018 558 3078; x_wconf 84' lang='lat' dir='ltr'><strong>influitiuurn</strong></span> <span class='ocrx_word' id='word_1_280' title='bbox 582 3016 728 3078; x_wconf 88' lang='lat' dir='ltr'><strong>loturum:</strong></span> <span class='ocrx_word' id='word_1_281' title='bbox 753 3018 795 3078; x_wconf 88' lang='lat' dir='ltr'><strong>sio</strong></span> <span class='ocrx_word' id='word_1_282' title='bbox 811 3018 892 3095; x_wconf 86' lang='lat' dir='ltr'><strong>‘ego’</strong></span> <span class='ocrx_word' id='word_1_283' title='bbox 909 3017 992 3078; x_wconf 74' lang='lat' dir='ltr'><strong>‘mei&#39;</strong></span> <span class='ocrx_word' id='word_1_284' title='bbox 1015 3015 1106 3079; x_wconf 89' lang='lat' dir='ltr'><strong>debet</strong></span> <span class='ocrx_word' id='word_1_285' title='bbox 1127 3035 1207 3091; x_wconf 86' lang='lat' dir='ltr'><strong>csse,</strong></span> <span class='ocrx_word' id='word_1_286' title='bbox 1231 3019 1300 3096; x_wconf 88' lang='lat' dir='ltr'><strong>qula</strong></span> <span class='ocrx_word' id='word_1_287' title='bbox 1323 3017 1451 3078; x_wconf 90' lang='lat' dir='ltr'><strong>similem</strong></span> <span class='ocrx_word' id='word_1_288' title='bbox 1475 3029 1622 3078; x_wconf 74' lang='lat' dir='ltr'><strong>seusana</strong></span> 
     </span>
     <span class='ocr_line' id='line_1_27' title="bbox 300 3117 1591 3196; baseline 0.002 -16"><span class='ocrx_word' id='word_1_289' title='bbox 300 3118 411 3180; x_wconf 86' lang='lat' dir='ltr'><strong>babent</strong></span> <span class='ocrx_word' id='word_1_290' title='bbox 433 3125 463 3178; x_wconf 88' lang='lat' dir='ltr'><strong>et</strong></span> <span class='ocrx_word' id='word_1_291' title='bbox 484 3117 606 3196; x_wconf 88' lang='lat' dir='ltr'><strong>reliqua.</strong></span> <span class='ocrx_word' id='word_1_292' title='bbox 642 3117 715 3179; x_wconf 81' lang='lat' dir='ltr'><strong>Alii</strong></span> <span class='ocrx_word' id='word_1_293' title='bbox 731 3135 804 3178; x_wconf 86' lang='lat' dir='ltr'><strong>uero</strong></span> <span class='ocrx_word' id='word_1_294' title='bbox 820 3119 931 3191; x_wconf 90' lang='lat' dir='ltr'><strong>dicunt,</strong></span> <span class='ocrx_word' id='word_1_295' title='bbox 956 3120 1035 3195; x_wconf 72' lang='lat' dir='ltr'><strong>‘ego&#39;</strong></span> <span class='ocrx_word' id='word_1_296' title='bbox 1052 3118 1261 3180; x_wconf 82' lang='lat' dir='ltr'><strong>indeclinabile</strong></span> <span class='ocrx_word' id='word_1_297' title='bbox 1277 3137 1352 3189; x_wconf 86' lang='lat' dir='ltr'><strong>esse.</strong></span> <span class='ocrx_word' id='word_1_298' title='bbox 1370 3127 1402 3180; x_wconf 90' lang='lat' dir='ltr'><strong>ut</strong></span> <span class='ocrx_word' id='word_1_299' title='bbox 1417 3129 1463 3179; x_wconf 87' lang='lat' dir='ltr'><strong>est</strong></span> <span class='ocrx_word' id='word_1_300' title='bbox 1478 3135 1591 3182; x_wconf 89' lang='lat' dir='ltr'><strong>nomen.</strong></span> 
     </span>
     <span class='ocr_line' id='line_1_28' title="bbox 299 3219 1670 3314; baseline -0.002 -33"><span class='ocrx_word' id='word_1_301' title='bbox 299 3221 378 3301; x_wconf 90' lang='lat' dir='ltr'><strong>quod</strong></span> <span class='ocrx_word' id='word_1_302' title='bbox 402 3219 511 3280; x_wconf 90' lang='lat' dir='ltr'><strong>dicitur</strong></span> <span class='ocrx_word' id='word_1_303' title='bbox 534 3224 697 3301; x_wconf 86' lang='lat' dir='ltr'><strong>‘nequam’</strong></span> <span class='ocrx_word' id='word_1_304' title='bbox 722 3231 752 3280; x_wconf 90' lang='lat' dir='ltr'><strong>et</strong></span> <span class='ocrx_word' id='word_1_305' title='bbox 774 3238 878 3280; x_wconf 90' lang='lat' dir='ltr'><strong>omnes</strong></span> <span class='ocrx_word' id='word_1_306' title='bbox 900 3237 986 3282; x_wconf 91' lang='lat' dir='ltr'><strong>casus</strong></span> <span class='ocrx_word' id='word_1_307' title='bbox 1008 3222 1038 3280; x_wconf 91' lang='lat' dir='ltr'><strong>in</strong></span> <span class='ocrx_word' id='word_1_308' title='bbox 1061 3239 1119 3282; x_wconf 90' lang='lat' dir='ltr'><strong>una</strong></span> <span class='ocrx_word' id='word_1_309' title='bbox 1143 3221 1237 3282; x_wconf 88' lang='lat' dir='ltr'><strong>iorma</strong></span> <span class='ocrx_word' id='word_1_310' title='bbox 1261 3219 1387 3290; x_wconf 87' lang='lat' dir='ltr'><strong>babere,</strong></span> <span class='ocrx_word' id='word_1_311' title='bbox 1416 3221 1495 3282; x_wconf 85' lang='lat' dir='ltr'><strong>idest</strong></span> <span class='ocrx_word' id='word_1_312' title='bbox 1517 3221 1591 3297; x_wconf 86' lang='lat' dir='ltr'><strong>‘ego’</strong></span> <span class='ocrx_word' id='word_1_313' title='bbox 1669 3277 1670 3314; x_wconf 26' lang='grc'><strong>1</strong></span> 
     </span>
     <span class='ocr_line' id='line_1_29' title="bbox 299 3315 1670 3401; baseline -0.004 -17"><span class='ocrx_word' id='word_1_314' title='bbox 299 3323 484 3384; x_wconf 89' lang='lat' dir='ltr'><strong>nominatiuo</strong></span> <span class='ocrx_word' id='word_1_315' title='bbox 499 3329 529 3382; x_wconf 91' lang='lat' dir='ltr'><strong>et</strong></span> <span class='ocrx_word' id='word_1_316' title='bbox 543 3321 724 3392; x_wconf 85' lang='lat' dir='ltr'><strong>accusation,</strong></span> <span class='ocrx_word' id='word_1_317' title='bbox 748 3331 782 3382; x_wconf 87' lang='grc' dir='ltr'><strong>ιιι</strong></span> <span class='ocrx_word' id='word_1_318' title='bbox 795 3320 980 3400; x_wconf 88' lang='lat' dir='ltr'><strong>Virgilius</strong></span> <span class='ocrx_word' id='word_1_319' title='bbox 1002 3321 1085 3382; x_wconf 88' lang='lat' dir='ltr'><strong>dicit:</strong></span> <span class='ocrx_word' id='word_1_320' title='bbox 1110 3323 1219 3383; x_wconf 88' lang='lat' dir='ltr'><strong>Verum</strong></span> <span class='ocrx_word' id='word_1_321' title='bbox 1235 3324 1326 3401; x_wconf 80' lang='lat' dir='ltr'><strong>‘ego&#39;,</strong></span> <span class='ocrx_word' id='word_1_322' title='bbox 1350 3323 1428 3383; x_wconf 89' lang='lat' dir='ltr'><strong>sicut</strong></span> <span class='ocrx_word' id='word_1_323' title='bbox 1443 3320 1590 3399; x_wconf 86' lang='lat' dir='ltr'><strong>‘nequam&#39;</strong></span> <span class='ocrx_word' id='word_1_324' title='bbox 1669 3315 1670 3370; x_wconf 77' lang='lat' dir='ltr'><strong>l</strong></span> 
     </span>
     <span class='ocr_line' id='line_1_30' title="bbox 300 3420 1591 3503; baseline -0.003 -18"><span class='ocrx_word' id='word_1_325' title='bbox 300 3433 331 3485; x_wconf 90' lang='lat' dir='ltr'><strong>ct</strong></span> <span class='ocrx_word' id='word_1_326' title='bbox 352 3429 451 3485; x_wconf 86' lang='lat' dir='ltr'><strong>cetera</strong></span> <span class='ocrx_word' id='word_1_327' title='bbox 475 3421 705 3493; x_wconf 85' lang='lat' dir='ltr'><strong>declinamcnta,</strong></span> <span class='ocrx_word' id='word_1_328' title='bbox 729 3441 783 3503; x_wconf 87' lang='lat' dir='ltr'><strong>per</strong></span> <span class='ocrx_word' id='word_1_329' title='bbox 805 3441 910 3486; x_wconf 86' lang='lat' dir='ltr'><strong>omnes</strong></span> <span class='ocrx_word' id='word_1_330' title='bbox 933 3440 1020 3485; x_wconf 83' lang='lat' dir='ltr'><strong>casus</strong></span> <span class='ocrx_word' id='word_1_331' title='bbox 1043 3439 1131 3484; x_wconf 91' lang='lat' dir='ltr'><strong>unam</strong></span> <span class='ocrx_word' id='word_1_332' title='bbox 1153 3432 1269 3486; x_wconf 88' lang='lat' dir='ltr'><strong>tantum</strong></span> <span class='ocrx_word' id='word_1_333' title='bbox 1292 3422 1521 3486; x_wconf 79' lang='lat' dir='ltr'><strong>declinationem</strong></span> <span class='ocrx_word' id='word_1_334' title='bbox 1544 3420 1591 3482; x_wconf 84' lang='lat' dir='ltr'><strong>lra-</strong></span> 
     </span>
     <span class='ocr_line' id='line_1_31' title="bbox 301 3523 1621 3607; baseline -0.002 -22"><span class='ocrx_word' id='word_1_335' title='bbox 301 3524 372 3588; x_wconf 90' lang='lat' dir='ltr'><strong>bere</strong></span> <span class='ocrx_word' id='word_1_336' title='bbox 395 3524 485 3586; x_wconf 82' lang='lat' dir='ltr'><strong>multa</strong></span> <span class='ocrx_word' id='word_1_337' title='bbox 508 3533 660 3586; x_wconf 91' lang='lat' dir='ltr'><strong>auctorum</strong></span> <span class='ocrx_word' id='word_1_338' title='bbox 683 3524 812 3586; x_wconf 88' lang='lat' dir='ltr'><strong>lectione</strong></span> <span class='ocrx_word' id='word_1_339' title='bbox 834 3524 1073 3587; x_wconf 90' lang='lat' dir='ltr'><strong>indubitabilium</strong></span> <span class='ocrx_word' id='word_1_340' title='bbox 1097 3526 1221 3588; x_wconf 89' lang='lat' dir='ltr'><strong>credere</strong></span> <span class='ocrx_word' id='word_1_341' title='bbox 1244 3525 1450 3607; x_wconf 71' lang='lat' dir='ltr'><strong>conponimur,</strong></span> <span class='ocrx_word' id='word_1_342' title='bbox 1467 3523 1621 3586; x_wconf 77' lang='lat' dir='ltr'><strong>Serui-³⁰</strong></span> 
     </span>
     <span class='ocr_line' id='line_1_32' title="bbox 300 3625 1590 3707; baseline -0.004 -19"><span class='ocrx_word' id='word_1_343' title='bbox 300 3627 349 3688; x_wconf 91' lang='lat' dir='ltr'><strong>lio</strong></span> <span class='ocrx_word' id='word_1_344' title='bbox 373 3626 537 3688; x_wconf 84' lang='lat' dir='ltr'><strong>scribente:</strong></span> <span class='ocrx_word' id='word_1_345' title='bbox 570 3645 695 3706; x_wconf 91' lang='lat' dir='ltr'><strong>agrum</strong></span> <span class='ocrx_word' id='word_1_346' title='bbox 724 3644 791 3705; x_wconf 89' lang='lat' dir='ltr'><strong>ego</strong></span> <span class='ocrx_word' id='word_1_347' title='bbox 820 3635 1048 3707; x_wconf 84' lang='lat' dir='ltr'><strong>rapuerunt,</strong></span> <span class='ocrx_word' id='word_1_348' title='bbox 1082 3627 1140 3689; x_wconf 88' lang='lat' dir='ltr'><strong>boc</strong></span> <span class='ocrx_word' id='word_1_349' title='bbox 1168 3636 1214 3689; x_wconf 87' lang='lat' dir='ltr'><strong>est</strong></span> <span class='ocrx_word' id='word_1_350' title='bbox 1241 3629 1357 3690; x_wconf 86' lang='lat' dir='ltr'><strong>dicere:</strong></span> <span class='ocrx_word' id='word_1_351' title='bbox 1391 3633 1513 3707; x_wconf 86' lang='lat' dir='ltr'><strong>‘agrum</strong></span> <span class='ocrx_word' id='word_1_352' title='bbox 1537 3625 1590 3686; x_wconf 89' lang='lat' dir='ltr'><strong>mei</strong></span> 
     </span>
     <span class='ocr_line' id='line_1_33' title="bbox 299 3729 1589 3810; baseline -0.001 -19"><span class='ocrx_word' id='word_1_353' title='bbox 299 3734 486 3810; x_wconf 86' lang='lat' dir='ltr'><strong>rapuerunt&#39;.</strong></span> <span class='ocrx_word' id='word_1_354' title='bbox 532 3729 593 3792; x_wconf 88' lang='lat' dir='ltr'><strong>Cur</strong></span> <span class='ocrx_word' id='word_1_355' title='bbox 620 3729 747 3808; x_wconf 89' lang='lat' dir='ltr'><strong>positum</strong></span> <span class='ocrx_word' id='word_1_356' title='bbox 776 3738 822 3790; x_wconf 87' lang='lat' dir='ltr'><strong>est</strong></span> <span class='ocrx_word' id='word_1_357' title='bbox 848 3729 879 3789; x_wconf 94' lang='lat' dir='ltr'><strong>in</strong></span> <span class='ocrx_word' id='word_1_358' title='bbox 907 3729 1054 3808; x_wconf 88' lang='lat' dir='ltr'><strong>principio</strong></span> <span class='ocrx_word' id='word_1_359' title='bbox 1087 3731 1297 3809; x_wconf 89' lang='lat' dir='ltr'><strong>pronominum</strong></span> <span class='ocrx_word' id='word_1_360' title='bbox 1330 3729 1386 3790; x_wconf 92' lang='lat' dir='ltr'><strong>boc</strong></span> <span class='ocrx_word' id='word_1_361' title='bbox 1417 3745 1589 3806; x_wconf 88' lang='lat' dir='ltr'><strong>pronomen.</strong></span> 
     </span>
    </p>
   </div>
   <div class='ocr_carea' id='block_1_3' title="bbox 272 3996 1604 4342">
    <p class='ocr_par' dir='ltr' id='par_1_5' title="bbox 272 3996 1604 4342">
     <span class='ocr_line' id='line_1_34' title="bbox 367 3996 1590 4067; baseline -0.002 -16"><span class='ocrx_word' id='word_1_362' title='bbox 367 4004 381 4051; x_wconf 98' lang='grc'><strong>1</strong></span> <span class='ocrx_word' id='word_1_363' title='bbox 400 3996 537 4066; x_wconf 87' lang='lat' dir='ltr'><strong>Virgilius]</strong></span> <span class='ocrx_word' id='word_1_364' title='bbox 557 4001 636 4050; x_wconf 78' lang='lat' dir='ltr'><strong>Deest</strong></span> <span class='ocrx_word' id='word_1_365' title='bbox 654 4001 726 4064; x_wconf 81' lang='lat' dir='ltr'><strong>opud</strong></span> <span class='ocrx_word' id='word_1_366' title='bbox 742 3999 851 4062; x_wconf 69' lang='lat' dir='ltr'><strong>Marna,</strong></span> <span class='ocrx_word' id='word_1_367' title='bbox 869 4001 917 4050; x_wconf 84' lang='lat' dir='ltr'><strong>sed</strong></span> <span class='ocrx_word' id='word_1_368' title='bbox 934 4001 1022 4052; x_wconf 82' lang='lat' dir='ltr'><strong>laudat</strong></span> <span class='ocrx_word' id='word_1_369' title='bbox 1041 4001 1198 4066; x_wconf 75' lang='lat' dir='ltr'><strong>Galusredus</strong></span> <span class='ocrx_word' id='word_1_370' title='bbox 1215 4003 1286 4067; x_wconf 83' lang='lat' dir='ltr'><strong>apud</strong></span> <span class='ocrx_word' id='word_1_371' title='bbox 1296 4001 1392 4051; x_wconf 83' lang='lat' dir='ltr'><strong>Maium</strong></span> <span class='ocrx_word' id='word_1_372' title='bbox 1409 4018 1435 4066; x_wconf 84' lang='lat' dir='ltr'><strong>p.</strong></span> <span class='ocrx_word' id='word_1_373' title='bbox 1448 4003 1482 4050; x_wconf 77' lang='lat'><strong>35</strong></span> <span class='ocrx_word' id='word_1_374' title='bbox 1495 4001 1590 4052; x_wconf 71' lang='lat' dir='ltr'><strong>odone:</strong></span> 
     </span>
     <span class='ocr_line' id='line_1_35' title="bbox 297 4067 1589 4134; baseline -0.002 -14"><span class='ocrx_word' id='word_1_375' title='bbox 297 4069 436 4120; x_wconf 84' lang='lat' dir='ltr'><strong>Sciendum</strong></span> <span class='ocrx_word' id='word_1_376' title='bbox 459 4079 499 4117; x_wconf 88' lang='lat' dir='ltr'><strong>est</strong></span> <span class='ocrx_word' id='word_1_377' title='bbox 520 4067 589 4131; x_wconf 88' lang='lat' dir='ltr'><strong>quod</strong></span> <span class='ocrx_word' id='word_1_378' title='bbox 611 4077 720 4118; x_wconf 79' lang='lat' dir='ltr'><strong>testante</strong></span> <span class='ocrx_word' id='word_1_379' title='bbox 737 4067 846 4132; x_wconf 87' lang='lat' dir='ltr'><strong>Virgilio</strong></span> <span class='ocrx_word' id='word_1_380' title='bbox 869 4077 929 4117; x_wconf 89' lang='lat' dir='ltr'><strong>sunt</strong></span> <span class='ocrx_word' id='word_1_381' title='bbox 950 4069 1076 4130; x_wconf 83' lang='lat' dir='ltr'><strong>qtrnedam</strong></span> <span class='ocrx_word' id='word_1_382' title='bbox 1100 4071 1253 4134; x_wconf 81' lang='lat' dir='ltr'><strong>pronomina</strong></span> <span class='ocrx_word' id='word_1_383' title='bbox 1272 4071 1355 4119; x_wconf 87' lang='lat' dir='ltr'><strong>onmis</strong></span> <span class='ocrx_word' id='word_1_384' title='bbox 1374 4069 1475 4134; x_wconf 83' lang='lat' dir='ltr'><strong>generis</strong></span> <span class='ocrx_word' id='word_1_385' title='bbox 1494 4075 1542 4120; x_wconf 84' lang='lat' dir='ltr'><strong>ete.</strong></span> <span class='ocrx_word' id='word_1_386' title='bbox 1561 4093 1589 4101; x_wconf 92' lang='lat'><em>-</em></span> 
     </span>
     <span class='ocr_line' id='line_1_36' title="bbox 297 4132 1588 4202; baseline -0.006 -14"><span class='ocrx_word' id='word_1_387' title='bbox 297 4139 341 4202; x_wconf 85' lang='lat' dir='ltr'><strong>qui</strong></span> <span class='ocrx_word' id='word_1_388' title='bbox 359 4139 469 4188; x_wconf 89' lang='lat' dir='ltr'><strong>dicimus</strong></span> <span class='ocrx_word' id='word_1_389' title='bbox 488 4147 513 4186; x_wconf 89' lang='lat' dir='ltr'><strong>et</strong></span> <span class='ocrx_word' id='word_1_390' title='bbox 529 4135 634 4198; x_wconf 85' lang='lat' dir='ltr'><strong>reliquo.</strong></span> <span class='ocrx_word' id='word_1_391' title='bbox 703 4137 720 4188; x_wconf 84' lang='lat'><strong>6</strong></span> <span class='ocrx_word' id='word_1_392' title='bbox 737 4132 876 4202; x_wconf 86' lang='lat' dir='ltr'><strong>Virgilius]</strong></span> <span class='ocrx_word' id='word_1_393' title='bbox 896 4135 954 4186; x_wconf 85' lang='lat' dir='ltr'><strong>Non</strong></span> <span class='ocrx_word' id='word_1_394' title='bbox 971 4144 1045 4186; x_wconf 71' lang='lat' dir='ltr'><strong>catat</strong></span> <span class='ocrx_word' id='word_1_395' title='bbox 1063 4137 1243 4202; x_wconf 66' lang='lat' dir='ltr'><strong>opsonatum</strong></span> <span class='ocrx_word' id='word_1_396' title='bbox 1312 4137 1328 4188; x_wconf 83' lang='grc'>8</span> <span class='ocrx_word' id='word_1_397' title='bbox 1346 4137 1513 4197; x_wconf 83' lang='lat' dir='ltr'><strong>exsecranda,</strong></span> <span class='ocrx_word' id='word_1_398' title='bbox 1524 4151 1588 4186; x_wconf 77' lang='lat' dir='ltr'><strong>corr.</strong></span> 
     </span>
     <span class='ocr_line' id='line_1_37' title="bbox 297 4201 1604 4271; baseline -0.005 -15"><span class='ocrx_word' id='word_1_399' title='bbox 297 4222 380 4261; x_wconf 79' lang='lat' dir='ltr'><strong>execr.</strong></span> <span class='ocrx_word' id='word_1_400' title='bbox 450 4207 483 4255; x_wconf 85' lang='lat'><strong>10</strong></span> <span class='ocrx_word' id='word_1_401' title='bbox 500 4205 661 4270; x_wconf 82' lang='lat' dir='ltr'><strong>possedetur,</strong></span> <span class='ocrx_word' id='word_1_402' title='bbox 680 4205 845 4270; x_wconf 72' lang='lat' dir='ltr'><strong>composui·</strong></span> <span class='ocrx_word' id='word_1_403' title='bbox 915 4205 945 4254; x_wconf 94' lang='lat' dir='ltr'><strong>ll</strong></span> <span class='ocrx_word' id='word_1_404' title='bbox 961 4201 1095 4270; x_wconf 87' lang='lat' dir='ltr'><strong>Virgilius]</strong></span> <span class='ocrx_word' id='word_1_405' title='bbox 1116 4207 1197 4271; x_wconf 81' lang='lat' dir='ltr'><strong>Apud</strong></span> <span class='ocrx_word' id='word_1_406' title='bbox 1208 4205 1304 4256; x_wconf 83' lang='lat' dir='ltr'><strong>Maium</strong></span> <span class='ocrx_word' id='word_1_407' title='bbox 1322 4222 1371 4257; x_wconf 87' lang='lat' dir='ltr'><strong>non</strong></span> <span class='ocrx_word' id='word_1_408' title='bbox 1384 4207 1434 4256; x_wconf 75' lang='lat' dir='ltr'><strong>nisi</strong></span> <span class='ocrx_word' id='word_1_409' title='bbox 1443 4205 1491 4256; x_wconf 81' lang='lat' dir='ltr'><strong>boc</strong></span> <span class='ocrx_word' id='word_1_410' title='bbox 1503 4205 1604 4269; x_wconf 65' lang='lat' dir='ltr'><strong>iegitur*</strong></span> 
     </span>
     <span class='ocr_line' id='line_1_38' title="bbox 272 4271 1589 4342; baseline -0.004 -19"><span class='ocrx_word' id='word_1_411' title='bbox 272 4275 274 4280; x_wconf 80' lang='grc'><strong>“</strong></span> <span class='ocrx_word' id='word_1_412' title='bbox 295 4293 322 4342; x_wconf 79' lang='grc' dir='ltr'><strong>ρ.</strong></span> <span class='ocrx_word' id='word_1_413' title='bbox 343 4277 408 4327; x_wconf 81' lang='grc'><strong>138.·</strong></span> <span class='ocrx_word' id='word_1_414' title='bbox 435 4275 503 4324; x_wconf 91' lang='lat' dir='ltr'><strong>luter</strong></span> <span class='ocrx_word' id='word_1_415' title='bbox 524 4275 575 4322; x_wconf 86' lang='lat' dir='ltr'><strong>mei</strong></span> <span class='ocrx_word' id='word_1_416' title='bbox 597 4271 637 4323; x_wconf 89' lang='lat' dir='ltr'><strong>uel</strong></span> <span class='ocrx_word' id='word_1_417' title='bbox 661 4275 722 4322; x_wconf 90' lang='lat' dir='ltr'><strong>mis:</strong></span> <span class='ocrx_word' id='word_1_418' title='bbox 747 4274 796 4323; x_wconf 86' lang='lat' dir='ltr'><strong>mis</strong></span> <span class='ocrx_word' id='word_1_419' title='bbox 818 4271 922 4335; x_wconf 85' lang='lat' dir='ltr'><strong>quando</strong></span> <span class='ocrx_word' id='word_1_420' title='bbox 946 4273 978 4321; x_wconf 85' lang='lat' dir='ltr'><strong>ob</strong></span> <span class='ocrx_word' id='word_1_421' title='bbox 1000 4273 1086 4335; x_wconf 83' lang='lat' dir='ltr'><strong>aliquo</strong></span> <span class='ocrx_word' id='word_1_422' title='bbox 1105 4289 1182 4339; x_wconf 88' lang='lat' dir='ltr'><strong>spero</strong></span> <span class='ocrx_word' id='word_1_423' title='bbox 1200 4275 1355 4339; x_wconf 86' lang='lat' dir='ltr'><strong>promissam</strong></span> <span class='ocrx_word' id='word_1_424' title='bbox 1374 4284 1507 4324; x_wconf 80' lang='lat' dir='ltr'><strong>uenturam</strong></span> <span class='ocrx_word' id='word_1_425' title='bbox 1527 4285 1589 4325; x_wconf 77' lang='lat' dir='ltr'><strong>rem:</strong></span> 
     </span>
    </p>
   </div>
   <div class='ocr_carea' id='block_1_4' title="bbox 216 4387 1669 4936">
    <p class='ocr_par' dir='ltr' id='par_1_6' title="bbox 216 4387 1589 4460">
     <span class='ocr_line' id='line_1_39' title="bbox 216 4387 1589 4460; baseline -0.007 -16"><span class='ocrx_word' id='word_1_426' title='bbox 216 4445 225 4453; x_wconf 72' lang='grc'><strong>,</strong></span> <span class='ocrx_word' id='word_1_427' title='bbox 297 4395 355 4454; x_wconf 88' lang='lat' dir='ltr'><strong>mei,</strong></span> <span class='ocrx_word' id='word_1_428' title='bbox 374 4393 444 4457; x_wconf 90' lang='lat' dir='ltr'><strong>qnod</strong></span> <span class='ocrx_word' id='word_1_429' title='bbox 462 4405 585 4460; x_wconf 82' lang='lat' dir='ltr'><strong>praesens</strong></span> <span class='ocrx_word' id='word_1_430' title='bbox 604 4391 737 4458; x_wconf 85' lang='lat' dir='ltr'><strong>possideo.</strong></span> <span class='ocrx_word' id='word_1_431' title='bbox 809 4393 839 4441; x_wconf 75' lang='lat'><strong>12</strong></span> <span class='ocrx_word' id='word_1_432' title='bbox 858 4407 924 4454; x_wconf 83' lang='lat' dir='ltr'><strong>qnos</strong></span> <span class='ocrx_word' id='word_1_433' title='bbox 995 4391 1287 4455; x_wconf 58' lang='lat' dir='ltr'><strong>inconsecratus</strong></span> <span class='ocrx_word' id='word_1_434' title='bbox 1373 4393 1404 4442; x_wconf 79' lang='lat'><strong>16</strong></span> <span class='ocrx_word' id='word_1_435' title='bbox 1420 4387 1589 4441; x_wconf 85' lang='lat' dir='ltr'><strong>coniunctioni</strong></span> 
     </span>
    </p>

    <p class='ocr_par' dir='ltr' id='par_1_7' title="bbox 295 4456 1588 4532">
     <span class='ocr_line' id='line_1_40' title="bbox 295 4456 1588 4532; baseline -0.008 -18"><span class='ocrx_word' id='word_1_436' title='bbox 295 4465 330 4514; x_wconf 74' lang='lat'><strong>20</strong></span> <span class='ocrx_word' id='word_1_437' title='bbox 347 4477 410 4532; x_wconf 68' lang='lat' dir='ltr'><strong>epgo</strong></span> <span class='ocrx_word' id='word_1_438' title='bbox 429 4461 506 4511; x_wconf 82' lang='lat' dir='ltr'><strong>babet</strong></span> <span class='ocrx_word' id='word_1_439' title='bbox 590 4461 624 4511; x_wconf 79' lang='lat' dir='ltr'><strong>at</strong></span> <span class='ocrx_word' id='word_1_440' title='bbox 642 4460 770 4524; x_wconf 84' lang='lat' dir='ltr'><strong>inequaiia</strong></span> <span class='ocrx_word' id='word_1_441' title='bbox 838 4460 872 4510; x_wconf 76' lang='lat'><strong>28</strong></span> <span class='ocrx_word' id='word_1_442' title='bbox 892 4456 1026 4526; x_wconf 83' lang='lat' dir='ltr'><strong>Virgilius]</strong></span> <span class='ocrx_word' id='word_1_443' title='bbox 1045 4476 1073 4525; x_wconf 86' lang='lat' dir='ltr'><strong>p.</strong></span> <span class='ocrx_word' id='word_1_444' title='bbox 1091 4462 1128 4511; x_wconf 80' lang='lat'><strong>23</strong></span> <span class='ocrx_word' id='word_1_445' title='bbox 1146 4459 1204 4511; x_wconf 86' lang='lat' dir='ltr'><strong>Mai</strong></span> <span class='ocrx_word' id='word_1_446' title='bbox 1271 4463 1302 4512; x_wconf 82' lang='lat'><strong>31</strong></span> <span class='ocrx_word' id='word_1_447' title='bbox 1321 4462 1370 4510; x_wconf 88' lang='lat' dir='ltr'><strong>mei</strong></span> <span class='ocrx_word' id='word_1_448' title='bbox 1389 4474 1478 4526; x_wconf 84' lang='lat' dir='ltr'><strong>agrum</strong></span> <span class='ocrx_word' id='word_1_449' title='bbox 1499 4458 1588 4508; x_wconf 81' lang='lat' dir='ltr'><strong>Maius.</strong></span> 
     </span>
    </p>

    <p class='ocr_par' dir='ltr' id='par_1_8' title="bbox 295 4527 1669 4868">
     <span class='ocr_line' id='line_1_41' title="bbox 298 4527 1669 4594; baseline -0.004 -12"><span class='ocrx_word' id='word_1_450' title='bbox 298 4533 342 4582; x_wconf 85' lang='lat' dir='ltr'><strong>Ad</strong></span> <span class='ocrx_word' id='word_1_451' title='bbox 361 4533 426 4581; x_wconf 86' lang='lat' dir='ltr'><strong>buno</strong></span> <span class='ocrx_word' id='word_1_452' title='bbox 448 4533 527 4581; x_wconf 83' lang='lat' dir='ltr'><strong>locum</strong></span> <span class='ocrx_word' id='word_1_453' title='bbox 549 4529 644 4580; x_wconf 77' lang='lat' dir='ltr'><strong>Petrus</strong></span> <span class='ocrx_word' id='word_1_454' title='bbox 664 4530 760 4580; x_wconf 83' lang='lat' dir='ltr'><strong>Daniel</strong></span> <span class='ocrx_word' id='word_1_455' title='bbox 779 4529 842 4579; x_wconf 85' lang='lat' dir='ltr'><strong>baec</strong></span> <span class='ocrx_word' id='word_1_456' title='bbox 864 4529 973 4594; x_wconf 78' lang='lat' dir='ltr'><strong>margini</strong></span> <span class='ocrx_word' id='word_1_457' title='bbox 998 4529 1152 4594; x_wconf 75' lang='lat' dir='ltr'><strong>adscripsit:</strong></span> <span class='ocrx_word' id='word_1_458' title='bbox 1188 4529 1215 4577; x_wconf 89' lang='lat' dir='ltr'><strong>in</strong></span> <span class='ocrx_word' id='word_1_459' title='bbox 1238 4529 1282 4578; x_wconf 91' lang='lat' dir='ltr'><strong>lib.</strong></span> <span class='ocrx_word' id='word_1_460' title='bbox 1302 4529 1391 4582; x_wconf 73' lang='lat' dir='ltr'><strong>Autenti</strong></span> <span class='ocrx_word' id='word_1_461' title='bbox 1413 4529 1451 4576; x_wconf 90' lang='lat' dir='ltr'><strong>sie</strong></span> <span class='ocrx_word' id='word_1_462' title='bbox 1473 4527 1587 4576; x_wconf 76' lang='lat' dir='ltr'><strong>hebetur:</strong></span> <span class='ocrx_word' id='word_1_463' title='bbox 1668 4545 1669 4576; x_wconf 78' lang='lat' dir='ltr'><strong>l</strong></span> 
     </span>
     <span class='ocr_line' id='line_1_42' title="bbox 297 4592 1587 4662; baseline -0.008 -14"><span class='ocrx_word' id='word_1_464' title='bbox 297 4599 408 4648; x_wconf 81' lang='lat' dir='ltr'><strong>Fuerunt</strong></span> <span class='ocrx_word' id='word_1_465' title='bbox 429 4598 533 4662; x_wconf 85' lang='lat' dir='ltr'><strong>quidam</strong></span> <span class='ocrx_word' id='word_1_466' title='bbox 556 4597 601 4660; x_wconf 91' lang='lat' dir='ltr'><strong>qui</strong></span> <span class='ocrx_word' id='word_1_467' title='bbox 625 4597 760 4648; x_wconf 87' lang='lat' dir='ltr'><strong>uoluerunt</strong></span> <span class='ocrx_word' id='word_1_468' title='bbox 783 4597 892 4646; x_wconf 86' lang='lat' dir='ltr'><strong>scribere</strong></span> <span class='ocrx_word' id='word_1_469' title='bbox 915 4611 963 4662; x_wconf 86' lang='lat' dir='ltr'><strong>ego</strong></span> <span class='ocrx_word' id='word_1_470' title='bbox 987 4610 1127 4661; x_wconf 86' lang='lat' dir='ltr'><strong>pronomen</strong></span> <span class='ocrx_word' id='word_1_471' title='bbox 1151 4598 1216 4646; x_wconf 86' lang='lat' dir='ltr'><strong>inter</strong></span> <span class='ocrx_word' id='word_1_472' title='bbox 1239 4599 1392 4662; x_wconf 85' lang='lat' dir='ltr'><strong>pronomina</strong></span> <span class='ocrx_word' id='word_1_473' title='bbox 1414 4605 1442 4644; x_wconf 90' lang='lat' dir='ltr'><strong>ut</strong></span> <span class='ocrx_word' id='word_1_474' title='bbox 1460 4609 1506 4662; x_wconf 93' lang='lat' dir='ltr'><strong>pro</strong></span> <span class='ocrx_word' id='word_1_475' title='bbox 1524 4592 1587 4642; x_wconf 82' lang='lat' dir='ltr'><strong>onrrti</strong></span> 
     </span>
     <span class='ocr_line' id='line_1_43' title="bbox 296 4661 1588 4734; baseline -0.005 -18"><span class='ocrx_word' id='word_1_476' title='bbox 296 4683 357 4716; x_wconf 84' lang='lat' dir='ltr'><strong>onsu</strong></span> <span class='ocrx_word' id='word_1_477' title='bbox 375 4669 532 4734; x_wconf 85' lang='lat' dir='ltr'><strong>acciperetur</strong></span> <span class='ocrx_word' id='word_1_478' title='bbox 549 4667 616 4716; x_wconf 86' lang='lat' dir='ltr'><strong>sicut</strong></span> <span class='ocrx_word' id='word_1_479' title='bbox 631 4665 671 4716; x_wconf 86' lang='lat' dir='ltr'><strong>los</strong></span> <span class='ocrx_word' id='word_1_480' title='bbox 691 4665 763 4715; x_wconf 87' lang='lat' dir='ltr'><strong>nelos</strong></span> <span class='ocrx_word' id='word_1_481' title='bbox 782 4681 890 4727; x_wconf 82' lang='lat' dir='ltr'><strong>nequam</strong></span> <span class='ocrx_word' id='word_1_482' title='bbox 909 4665 1012 4727; x_wconf 84' lang='lat' dir='ltr'><strong>quidam</strong></span> <span class='ocrx_word' id='word_1_483' title='bbox 1026 4678 1073 4729; x_wconf 89' lang='lat' dir='ltr'><strong>pro</strong></span> <span class='ocrx_word' id='word_1_484' title='bbox 1085 4679 1134 4730; x_wconf 88' lang='lat' dir='ltr'><strong>ego</strong></span> <span class='ocrx_word' id='word_1_485' title='bbox 1148 4666 1213 4714; x_wconf 83' lang='lat' dir='ltr'><strong>orius</strong></span> <span class='ocrx_word' id='word_1_486' title='bbox 1230 4667 1348 4714; x_wconf 84' lang='lat' dir='ltr'><strong>dicebaut</strong></span> <span class='ocrx_word' id='word_1_487' title='bbox 1366 4665 1525 4714; x_wconf 77' lang='lat' dir='ltr'><strong>nominatius</strong></span> <span class='ocrx_word' id='word_1_488' title='bbox 1544 4661 1588 4709; x_wconf 80' lang='lat' dir='ltr'><strong>orel</strong></span> 
     </span>
     <span class='ocr_line' id='line_1_44' title="bbox 295 4729 1588 4800; baseline -0.006 -17"><span class='ocrx_word' id='word_1_489' title='bbox 295 4737 416 4800; x_wconf 86' lang='lat' dir='ltr'><strong>genetiuo</strong></span> <span class='ocrx_word' id='word_1_490' title='bbox 434 4733 574 4784; x_wconf 89' lang='lat' dir='ltr'><strong>Seruilio</strong></span> <span class='ocrx_word' id='word_1_491' title='bbox 592 4744 667 4784; x_wconf 83' lang='lat' dir='ltr'><strong>teste:</strong></span> <span class='ocrx_word' id='word_1_492' title='bbox 686 4748 777 4800; x_wconf 86' lang='lat' dir='ltr'><strong>agrum</strong></span> <span class='ocrx_word' id='word_1_493' title='bbox 796 4747 845 4796; x_wconf 85' lang='lat' dir='ltr'><strong>ego</strong></span> <span class='ocrx_word' id='word_1_494' title='bbox 863 4743 1014 4798; x_wconf 79' lang='lat' dir='ltr'><strong>rapuerunt,</strong></span> <span class='ocrx_word' id='word_1_495' title='bbox 1034 4732 1081 4782; x_wconf 86' lang='lat' dir='ltr'><strong>hoc</strong></span> <span class='ocrx_word' id='word_1_496' title='bbox 1101 4743 1140 4782; x_wconf 85' lang='lat' dir='ltr'><strong>est</strong></span> <span class='ocrx_word' id='word_1_497' title='bbox 1156 4732 1251 4782; x_wconf 87' lang='lat' dir='ltr'><strong>dicere:</strong></span> <span class='ocrx_word' id='word_1_498' title='bbox 1279 4747 1369 4798; x_wconf 85' lang='lat' dir='ltr'><strong>agrum</strong></span> <span class='ocrx_word' id='word_1_499' title='bbox 1388 4733 1439 4782; x_wconf 90' lang='lat' dir='ltr'><strong>mei</strong></span> <span class='ocrx_word' id='word_1_500' title='bbox 1456 4745 1504 4797; x_wconf 90' lang='lat' dir='ltr'><strong>pro</strong></span> <span class='ocrx_word' id='word_1_501' title='bbox 1523 4729 1588 4796; x_wconf 87' lang='lat' dir='ltr'><strong>geui-</strong></span> 
     </span>
     <span class='ocr_line' id='line_1_45' title="bbox 296 4801 1587 4868; baseline -0.005 -16"><span class='ocrx_word' id='word_1_502' title='bbox 296 4804 365 4866; x_wconf 67' lang='lat' dir='ltr'><strong>duo:</strong></span> <span class='ocrx_word' id='word_1_503' title='bbox 396 4802 554 4868; x_wconf 87' lang='lat' dir='ltr'><strong>Virgilius</strong></span> <span class='ocrx_word' id='word_1_504' title='bbox 577 4817 682 4866; x_wconf 90' lang='lat' dir='ltr'><strong>quoquo</strong></span> <span class='ocrx_word' id='word_1_505' title='bbox 706 4803 862 4852; x_wconf 78' lang='lat' dir='ltr'><strong>Asianus:</strong></span> <span class='ocrx_word' id='word_1_506' title='bbox 893 4803 951 4863; x_wconf 87' lang='lat' dir='ltr'><strong>quis</strong></span> <span class='ocrx_word' id='word_1_507' title='bbox 974 4817 1022 4866; x_wconf 85' lang='lat' dir='ltr'><strong>ego</strong></span> <span class='ocrx_word' id='word_1_508' title='bbox 1046 4801 1162 4850; x_wconf 87' lang='lat' dir='ltr'><strong>condidit</strong></span> <span class='ocrx_word' id='word_1_509' title='bbox 1183 4811 1212 4850; x_wconf 92' lang='grc' dir='ltr'><strong>ιιι</strong></span> <span class='ocrx_word' id='word_1_510' title='bbox 1234 4803 1271 4852; x_wconf 88' lang='lat' dir='ltr'><strong>sic</strong></span> <span class='ocrx_word' id='word_1_511' title='bbox 1294 4817 1377 4851; x_wconf 86' lang='lat' dir='ltr'><strong>essem</strong></span> <span class='ocrx_word' id='word_1_512' title='bbox 1401 4815 1449 4867; x_wconf 89' lang='lat' dir='ltr'><strong>pro</strong></span> <span class='ocrx_word' id='word_1_513' title='bbox 1472 4801 1530 4864; x_wconf 89' lang='lat' dir='ltr'><strong>quis</strong></span> <span class='ocrx_word' id='word_1_514' title='bbox 1551 4811 1587 4846; x_wconf 81' lang='lat' dir='ltr'><strong>me</strong></span> 
     </span>
    </p>

    <p class='ocr_par' dir='ltr' id='par_1_9' title="bbox 295 4869 525 4936">
     <span class='ocr_line' id='line_1_46' title="bbox 295 4869 525 4936; baseline -0.004 -16"><span class='ocrx_word' id='word_1_515' title='bbox 295 4869 341 4936; x_wconf 69' lang='lat' dir='ltr'><strong>(cs.</strong></span> <span class='ocrx_word' id='word_1_516' title='bbox 360 4887 386 4935; x_wconf 92' lang='lat' dir='ltr'><strong>p.</strong></span> <span class='ocrx_word' id='word_1_517' title='bbox 405 4873 440 4921; x_wconf 79' lang='grc'><strong>23</strong></span> <span class='ocrx_word' id='word_1_518' title='bbox 460 4869 525 4934; x_wconf 71' lang='lat' dir='ltr'><strong>Meu]</strong></span> 
     </span>
    </p>
   </div>
   <div class='ocr_carea' id='block_1_5' title="bbox 0 0 1682 5580">
    <p class='ocr_par' dir='ltr' id='par_1_10' title="bbox 0 0 1682 5580">
     <span class='ocr_line' id='line_1_47' title="bbox 0 0 1682 5580; baseline 0 4"><span class='ocrx_word' id='word_1_519' title='bbox 0 0 1682 5580; x_wconf 95' lang='lat' dir='ltr'><strong> </strong></span> 
     </span>
    </p>
   </div>
  </div>
 </body>
</html>
