3378 5550
248 228 318 276 oms
797 211 988 264 PBOBlANA.

249 423 320 464 non
351 419 388 462 se
419 401 520 462 lirxui
549 419 668 478 neque
702 403 863 463 inertiae
897 401 1208 481 corrumpendum
1237 401 1352 470 dedit,
1387 401 1466 472 sed,
1500 410 1543 462 ut

249 525 323 568 uros
351 505 474 583 gentis
502 501 609 563 illius
636 511 705 572 cst,
734 503 895 565 iaculari
922 507 1097 582 equitare
1129 522 1239 564 eursu
1267 522 1345 565 curn
1368 503 1539 584 aequali-

250 608 314 668 bus
344 612 508 676 certare,
540 614 574 665 et
606 623 683 665 cum
712 607 831 666 omnis
860 603 980 685 gloria
1011 607 1191 673 anteiret,
1226 605 1397 667 omnibus
1429 625 1543 668 carus

250 711 359 778 esse’,
382 726 438 786 pro
461 725 512 776 eo,
541 706 620 788 quoil
644 713 687 767 el:
716 710 761 766 ‘ut
788 725 852 768 runs
880 709 974 788 genus
1002 708 1081 769 illius
1104 715 1158 777 est,
1185 707 1367 770 iaculabatur
1391 708 1544 789 equitabat

250 830 341 872 eursu
363 829 430 872 cum
460 807 633 890 aequalibus
661 807 811 880 certabat,
841 817 870 870 et
897 829 963 870 cunr
992 810 1088 871 omnis
1114 809 1207 888 gloria
1234 810 1373 880 anteiret,
1403 809 1576 872 omnibuss

252 922 348 974 tamen
372 931 460 974 carus
483 914 568 973 erat.'

252 1037 256 1041 .
264 1033 478 1041 ——---—-—-·--.-

319 1086 334 1132 ‘2
358 1081 461 1132 iaculari
488 1082 595 1144 equitari
621 1081 735 1144 equitare
760 1096 863 1130 cursum
889 1097 936 1130 cou
964 1082 1097 1144 equalibus
1123 1093 1218 1132 certare
1240 1092 1265 1132 et
1287 1099 1334 1132 con
1358 1085 1441 1133 omrris
1459 1083 1544 1149 gloria

252 1149 342 1202 ιιιΤιιιι
409 1151 544 1200 beursuni
563 1149 746 1212 coaequalibus
799 1161 824 1198 et
841 1164 888 1199 eon
909 1151 991 1198 oruuis
1010 1151 1091 1215 gloria
1110 1147 1200 1200 affirm

339 1323 428 1395 (luem
451 1322 546 1382 Probi
564 1324 659 1381 iocum
683 1320 822 1381 Diomedi
837 1328 965 1398 praesto
982 1322 1096 1396 fuisse,
1125 1339 1192 1383 cum
1214 1339 1251 1382 ea
1272 1324 1437 1400 scribebat,
1465 1339 1547 1398 quae

248 1445 281 1505 p.
306 1433 373 1495 347,
400 1432 419 1484 i
440 1439 503 1500 seq.
525 1425 566 1484 li.
588 1425 738 1498 tepuutur,
761 1425 821 1484 iam
843 1425 913 1485 otim
933 1433 1002 1484 erat
1023 1425 1212 1500 intellectum,
1235 1425 1278 1499 cs.
1298 1427 1428 1486 Keitium
1437 1425 1546 1502 maes.

249 1544 379 1606 pramm.
405 1527 468 1587 Lat.
493 1528 550 1586 uel.
573 1525 651 1586 IIII
662 1543 698 1602 p.
723 1525 825 1586 XXII
842 1533 872 1586 et
891 1527 1005 1587 sebolia
1029 1527 1195 1587 Bernensia
1220 1526 1327 1604 praes.
1348 1544 1380 1603 p.
1405 1533 1472 1603 727,
1497 1534 1545 1597 22,

252 1647 330 1708 quae
352 1629 472 1705 quidem
493 1630 639 1688 sententia
661 1628 839 1689 autbentiers
863 1629 954 1690 Probi
979 1631 1078 1692 uerbis
1104 1631 1232 1706 repertis
1258 1631 1367 1706 optime
1386 1631 1547 1702 meatur:

253 1750 323 1794 nam
346 1731 516 1792 Diomedem
535 1732 684 1806 pleraque
705 1747 745 1791 ear
767 1731 863 1792 Probo
885 1733 972 1792 auita
989 1729 1061 1804 sere
1081 1731 1330 1792 transmutatione
1346 1731 1440 1804 sacta
1460 1737 1546 1791 tran-

253 1836 409 1912 scripsisse
430 1833 525 1894 uides.
571 1833 667 1908 Atque
688 1851 724 1893 eo
744 1835 811 1894 loeo
820 1850 971 1910 perquam
986 1833 1244 1902 memorabilem,
1268 1835 1299 1893 in
1315 1840 1383 1894 orte
1399 1833 1551 1896 Beruensi

249 1938 438 2018 praecedere
460 1936 677 1996 (Io-miniani
695 1938 793 1996 iocum
812 1954 845 2012 p.
873 1942 939 2010 174,
966 1943 1003 1994 25
1026 1935 1172 1995 Charisii:
1195 1933 1256 1994 lloc
1279 1934 1443 2003 sciendum,
1466 1936 1547 2014 quod

254 2048 373 2103 ueteres
394 2036 572 2099 inlinitiuum
596 2035 674 2115 (-iuo
696 2037 773 2116 cod.)
802 2056 857 2118 pro
884 2037 1043 2097 indicatiuo
1071 2036 1244 2115 imperfecto
1274 2036 1337 2116 (pro
1367 2037 1548 2099 indicatione

254 2139 405 2222 imperati),
429 2145 462 2199 ut
484 2138 726 2199 Cominianus
749 2137 832 2200 dicit:
858 2139 1027 2200 ‘Praeterea
1048 2136 1201 2199 dicebatur·
1219 2173 1254 2182 -
1273 2140 1412 2218 cognosci
1428 2143 1548 2220 potest’,

256 2251 348 2322 atque
367 2243 453 2318 sequi
472 2241 603 2301 eiusdem
626 2242 796 2303 Geminiani
815 2246 1007 2318 excerptam:

341 2345 400 2404 Gur
428 2342 596 2402 iuuenimus
624 2361 712 2424 saepe
741 2343 771 2402 in
799 2342 949 2402 historicis
975 2339 1059 2403 libris
1087 2343 1202 2423 passion
1231 2342 1373 2404 inlinitiua
1398 2344 1426 2404 irl
1450 2361 1492 2411 er,
1515 2353 1551 2404 ut

257 2447 376 2526 ‘legier'
399 2443 572 2523 ‘mergier’i
617 2443 694 2513 ldeo,
719 2444 796 2524 quod
820 2445 918 2505 oninia
941 2445 1087 2506 inlinitiua
1109 2445 1235 2525 passiua,
1258 2465 1334 2525 quae
1358 2444 1445 2524 (quod
1467 2446 1549 2526 cod.)

257 2548 335 2630 apud
358 2565 413 2610 uos
435 2545 523 2606 bodie
545 2547 573 2606 in
597 2549 607 2606 i
629 2546 767 2608 desinunt
789 2547 879 2624 (diss-
901 2545 991 2626 cod.),
1014 2545 1092 2627 apud
1108 2556 1227 2608 ueteres
1248 2549 1277 2608 in
1302 2566 1334 2608 er
1350 2546 1550 2608 terminaban-

258 2663 316 2722 tur,
340 2657 373 2712 ut
389 2635 634 2711 'Cominianus
657 2648 744 2710 dicit:
766 2649 814 2710 ‘Vt
828 2657 924 2709 autem
940 2684 983 2692 -
998 2647 1056 2727 legi
1071 2647 1179 2710 audiri'
1196 2679 1238 2700 =
1254 2651 1371 2710 Cbcris.
1382 2668 1417 2726 p.
1436 2657 1501 2724 175,
1523 2657 1549 2710 2.

342 2752 421 2814 Huic
443 2751 557 2812 addam
580 2753 672 2812 atium
695 2753 788 2814 Probi
807 2754 903 2813 locum
925 2768 966 2811 ex
988 2752 1098 2812 artium
1120 2754 1265 2813 institutis
1285 2761 1476 2830 excerptum,
1500 2755 1555 2828 qui

258 2858 324 2918 eccl.
351 2861 406 2914 123
422 2853 453 2928 s.
479 2849 512 2912 2ι
533 2860 619 2914 extat
640 2856 739 2915 multis
766 2855 933 2916 nominibus
961 2855 1042 2916 edito
1064 2857 1240 2924 correctior,
1263 2863 1295 2914 ut
1317 2857 1466 2932 intepram
1488 2857 1552 2916 eius

258 2960 444 3037 scriptarum
461 2972 636 3034 proponere
656 2974 717 3017 noa
739 2956 913 3031 dubitarim,
931 2973 968 3033 p.
992 2962 1038 3026 49,
1064 2963 1099 3016 10
1120 2957 1166 3017 K:

346 3059 419 3120 ltem
443 3056 604 3119 Probus:
628 3057 745 3120 uocales
768 3064 837 3118 sunt
859 3055 955 3118 littere
978 3075 1102 3119 numero
1126 3077 1143 3118 ιι
1166 3078 1221 3140 pro
1244 3077 1275 3119 se
1298 3059 1489 3138 proteruntur
1512 3056 1550 3119 11

261 3183 276 3224 a
295 3158 439 3224 uocabulo
462 3179 516 3222 suo
540 3165 571 3220 ut
593 3168 663 3240 pulc
682 3157 719 3222 13
742 3161 904 3220 miscentur
927 3158 1070 3220 efficiatur
1093 3168 1126 3219 ut
1148 3160 1245 3242 [puta]
1270 3179 1319 3222 ae.
1334 3208 1341 3223 .
1355 3151 1448 3222 .u.io¹
1464 3161 1492 3220 iu
1514 3179 1552 3220 na

263 3284 301 3326 ue
324 3283 360 3325 oe
382 3281 419 3323 au
443 3262 472 3322 ni
495 3269 525 3322 et
546 3269 645 3324 cetera
693 3258 732 3322 14
753 3280 855 3323 aarum
878 3261 956 3322 idest
978 3261 1124 3322 uenalium
1148 3271 1217 3322 tune
1240 3263 1329 3344 (qnae
1345 3265 1449 3325 media
1470 3270 1551 3337 sunt,

261 3369 328 3430 aad.
351 3367 456 3443 omisit)
509 3359 548 3426 15
571 3371 603 3424 ut
624 3364 696 3423 iuno
719 3363 824 3443 uulgus
847 3362 896 3426 uel
919 3363 1048 3443 quando
1088 3361 1127 3426 16
1150 3364 1303 3426 uocalibus
1325 3383 1382 3428 am.
1427 3365 1553 3444 iungan-

262 3477 311 3529 tur
334 3476 367 3529 ut
387 3468 464 3529 uatis
486 3463 609 3528 ueclors
654 3463 693 3528 18
715 3466 794 3527 inter
816 3485 848 3527 se
864 3465 984 3528 uocales
999 3469 1093 3548 accipi
1107 3463 1236 3528 debearit
1283 3464 1319 3528 19
1342 3466 1481 3538 Oueritur
1496 3467 1554 3526 boe

264 3587 420 3632 monemus
462 3565 505 3630 20
526 3569 669 3649 praeponi
692 3566 846 3630 subiuncte
869 3570 983 3651 etipse
1004 3568 1123 3631 uocales
1145 3568 1284 3631 uidentur
1307 3579 1338 3630 ut
1359 3576 1429 3649 pute
1451 3570 1553 3631 iuncto

265 3672 331 3733 loco
361 3672 551 3732 consonantis
581 3679 610 3731 et
638 3689 714 3733 u...
743 3670 809 3733 loco
838 3671 950 3735 uocalis
977 3672 1120 3750 accipitur
1148 3681 1182 3733 ut
1205 3672 1266 3732 bui.
1312 3671 1386 3732 ltem
1407 3670 1459 3732 bui
1482 3678 1554 3732 tunc

267 3776 369 3852 utique
397 3791 476 3835 nune
506 3791 523 3833 ιι
533 3819 730 3834 ..........
765 3775 970 3836 consideratur
991 3805 998 3818 ·
1020 3774 1063 3834 sio
1097 3781 1142 3833 est
1174 3775 1254 3834 iuxta
1288 3782 1403 3835 ceteras
1436 3772 1555 3835 uocales

264 3875 337 3936 alias
359 3877 369 3935 i
392 3883 422 3936 et
443 3895 461 3935 ιι
484 3874 518 3936 lit
525 3921 659 3937 .......
687 3882 910 3955 praeponuntur
938 3883 972 3936 ut
993 3875 1023 3936 ui
1045 3877 1270 3938 consonantium
1294 3875 1400 3938 baberi
1420 3876 1553 3938 iudican-

265 3990 314 4040 tur
337 3979 361 4040 si
383 3995 457 4039 uero
479 3975 611 4038 subiecta
639 4017 795 4038 ........
803 3994 837 4037 co
859 3976 1020 4056 linguntur.

833 4211 916 4278 Cae.
939 4211 985 4276 ΙΙ.

260 4333 345 4412 ‘Db
368 4347 499 4414 PROBl
521 4345 738 4412 NOTARVM
761 4346 919 4416 couleti
944 4345 1164 4414 Bunuunsl
1187 4347 1539 4415 MAROANOVANO.

351 4507 492 4568 Codicum
516 4507 771 4592 Marcanouaaae
792 4509 942 4585 satrapae,
967 4513 1110 4582 quotquot
1131 4512 1254 4581 catoni,
1279 4508 1408 4568 omnium
1429 4515 1458 4568 et
1479 4511 1556 4568 anti-

267 4609 437 4683 quissimum
468 4617 498 4668 et
530 4610 674 4684 optimam
706 4626 769 4669 esse
796 4609 978 4670 Rerncnsem
1000 4608 1030 4668 B
1053 4615 1092 4668 42
1120 4625 1188 4670 cum
1218 4609 1402 4670 Mommseno
1433 4619 1558 4670 auctore

270 4710 401 4769 Gramm.
419 4711 486 4770 Lat.
503 4711 555 4770 IV
566 4727 598 4786 p.
617 4717 682 4770 269.
704 4717 759 4768 270
781 4714 956 4772 interutras
978 4712 1081 4772 docter
1101 4717 1228 4785 constet,
1254 4729 1313 4772 uon
1335 4713 1440 4773 inutile
1461 4715 1556 4774 uisum
