3354 5580
298 322 359 388 174
674 321 926 386 stnsrtortns
945 321 1212 376 dnsmnarrcan

446 511 581 592 Sophia
605 517 689 572 nota
710 516 796 572 tuae
818 511 931 572 menti
955 519 991 572 et
1013 528 1114 572 mens
1137 519 1223 573 nota
1246 511 1418 592 sophiae,

295 609 503 693 ‘philosophus
529 610 711 692 philosophi’
740 609 951 693 ‘philosophia’
986 611 1179 693 ‘acyrologia’
1212 613 1415 692 ‘macrologia’
1450 614 1588 693 ‘perisso

295 714 383 793 logia’
421 712 603 792 ‘tautologia'
640 711 810 790 ‘theologia’
848 713 1006 793 ‘analogia'
1044 713 1250 795 ‘artigraphis’
1290 713 1528 794 'orthographia’
1564 725 1590 774 et

294 823 394 878 cetera
425 815 472 877 his
503 815 611 876 similia
641 813 849 894 producuntur
881 817 913 876 in
939 815 1138 896 paenultima:
1173 817 1242 894 quia
1270 817 1350 878 enim
1377 815 1529 878 diriuatur
1555 815 1588 876 al

295 919 425 989 ‘uranu'‚
448 917 580 980 ‘Vrania’
603 914 777 997 producitur
798 916 992 998 paenultima.
1015 926 1050 980 ut
1072 925 1118 980 est
1139 916 1227 980 illud:
1599 939 1610 976 ι

497 1019 632 1081 Vrania
654 1018 732 1099 poli
754 1029 874 1080 motus
896 1026 1091 1080 scrutatur
1113 1027 1150 1080 et
1171 1027 1284 1082 astra.

296 1119 450 1202 Sequitur:

499 1222 630 1302 Signat
652 1229 785 1284 cuncta
809 1241 912 1285 manu
935 1221 1180 1304 loquiturque
1203 1222 1393 1304 Polymnia
1416 1230 1538 1302 gestu

297 1325 370 1397 Quia
398 1325 490 1403 igitur
511 1323 686 1404 ‘Polymnia’
710 1340 769 1385 nou
798 1325 879 1386 ueuit
904 1343 919 1386 a
943 1324 1119 1406 ‘polymuo’.
1147 1327 1224 1387 sicut
1247 1327 1378 1388 ‘Vrania’
1400 1323 1439 1386 ab
1463 1326 1590 1394 ‘uraoot

296 1427 458 1507 corripitur
479 1424 543 1495 illa,
567 1424 742 1505 producitur
763 1427 828 1486 ista.
1604 1445 1623 1482 ιι

380 1527 623 1590 Innocentius
655 1545 748 1608 papa
782 1528 817 1588 in
851 1526 1010 1608 epistola
1039 1546 1142 1608 quam
1172 1530 1376 1608 rescripsit
1402 1528 1592 1592 Africanis

297 1630 490 1711 episcopis
518 1636 648 1690 contra
677 1627 865 1690 haeresim
894 1627 1052 1708 Pelagii:
1089 1631 1216 1692 ‘missa
1244 1630 1376 1700 iacio’.
1412 1629 1491 1691 idest
1521 1633 1592 1690 ‘nou

296 1732 445 1793 remoror’
461 1729 473 1813 {l
490 1731 509 1792 i.
525 1727 563 1791 2¹
579 1727 591 1812 ll
607 1728 755 1791 ‘absoluo’
779 1730 948 1792 ‘deliberet

380 1831 501 1894 ‘Sodes'
523 1830 699 1894 aduerblum
722 1839 766 1892 est
782 1828 978 1912 deprecantis,
997 1850 1056 1893 non
1072 1831 1248 1903 ‘sodaliter’‚
1265 1841 1299 1894 nt
1313 1831 1460 1914 quidam
1478 1831 1593 1900 uolunt,

295 1933 379 1996 Vnde
401 1933 473 1996 dicit
494 1934 669 1996 Auienus:
1605 1953 1625 1992 o

500 2034 563 2096 llic
586 2034 711 2104 sodes,
735 2033 910 2112 quidnam
931 2036 1080 2117 trepido
1105 2035 1172 2098 tihi
1195 2035 1338 2098 dixerit
1359 2053 1457 2098 ursa.

297 2138 370 2200 Nam
392 2135 525 2199 ‘sodalis’
550 2136 650 2198 breuis
671 2144 718 2198 est
739 2155 782 2198 so.

381 2239 553 2318 ‘ldastrngs’
577 2239 668 2298 uestis
690 2237 865 2300 Germanica
888 2257 923 2300 ex
948 2237 1093 2318 pelliculis
1115 2238 1262 2301 ierarum:
1291 2240 1328 2301 io
1351 2237 1448 2301 libro
1477 2237 1593 2300 dilie-

296 2341 502 2404 rentiarum
525 2338 642 2419 legitur.

381 2443 525 2505 ‘Festum’
548 2439 676 2502 celebre.
1413 2473 1420 2488 ·
1604 2462 1626 2501 sc

382 2539 758 2606 ‘Praeserito’auteseribo
767 2544 830 2604 siue
839 2543 1020 2620 cosmedino,
1029 2543 1381 2626 ‘inscribc’superscribo
1390 2541 1440 2606 uel
1450 2543 1593 2606 dilacero.

385 2644 537 2706 ‘Proinde’
560 2645 636 2706 idest
657 2646 771 2724 itaque,
796 2645 945 2725 ‘perinde’
969 2653 1014 2708 est
1036 2649 1074 2708 ita
1098 2647 1145 2709 uel
1168 2646 1316 2708 similiter.

384 2744 578 2826 ‘Anaglypha’
602 2744 770 2808 caelaturae
792 2749 917 2827 argenti.

382 2846 609 2927 ‘lntelleqilrilia'
633 2848 668 2909 sd
692 2857 839 2927 mentem,
862 2846 1037 2910 ‘sensibilia’
1060 2847 1097 2910 ad
1120 2867 1226 2911 sensus
1247 2867 1410 2930 corporeus
1430 2850 1594 2930 pertinent

383 2951 510 3012 ‘Anima’
534 2952 624 3022 uiuit,
647 2951 788 3012 ‘animus’
811 2959 841 3012 et
862 2950 961 3012 ‘ratio’
984 2952 1074 3031 sapit,
1097 2953 1175 3014 ‘cor’
1199 2950 1353 3030 intellegit.
1606 2969 1628 3010 s

382 3054 481 3115 ‘Cum’
505 3060 535 3114 et
555 3054 641 3114 ‘tum'
664 3051 776 3114 ordinis
798 3053 939 3115 aduerbis
960 3061 1038 3124 sunt,
1061 3055 1137 3114 sicut
1160 3054 1302 3134 temperis
1323 3055 1417 3114 ‘tunc'
1434 3053 1595 3114 ct‘nnnc'.

298 3155 421 3228 Quando
444 3157 525 3216 ‘con’
548 3152 719 3232 loquellaris
741 3156 920 3236 praepositio
934 3173 990 3236 per
1004 3157 1250 3237 compositionem
1271 3154 1467 3236 praeponitur
1488 3152 1595 3216 lnelr

298 3255 505 3338 sequentibus,
535 3256 560 3316 si
583 3254 709 3317 uerbum
732 3258 829 3337 ipsum
852 3255 939 3318 talem
963 3251 1052 3318 habet
1074 3275 1208 3326 sensum,
1233 3264 1265 3317 ut
1287 3256 1491 3318 indifferenter
1515 3272 1595 3316 nunc

298 3360 387 3420 unius
408 3357 546 3428 hominis,
571 3375 650 3418 nunc
672 3357 803 3438 plurium
825 3359 970 3437 significet
992 3366 1100 3430 actum,
1124 3358 1214 3422 dubio
1230 3357 1333 3439 procuri
1355 3358 1385 3418 iu
1406 3357 1595 3438 supradictas

298 3460 413 3522 litteras
442 3477 460 3520 n
489 3461 586 3538 ipsum
609 3461 809 3530 conuertitur.
833 3467 865 3520 ut
886 3459 1033 3522 ‘collocat’
1057 3459 1194 3540 ‘colligit’
1216 3461 1366 3540 ‘corripit'
1388 3460 1593 3540 ‘corrumpit’:
1607 3476 1629 3516 ιι

299 3581 368 3626 nam
396 3569 426 3622 ct
454 3579 531 3622 unus
558 3559 648 3622 homo
677 3560 714 3622 de
737 3580 769 3623 se
791 3563 846 3622 ait:
876 3563 917 3624 ‘in
941 3560 1006 3624 loco
1030 3578 1157 3640 pascuae
1178 3561 1219 3624 ibi
1242 3581 1289 3624 me
1312 3560 1480 3623 collocauit’
1505 3560 1596 3623 etde

300 3683 360 3727 ιιιιιι
383 3664 501 3724 homine
524 3663 647 3724 dicitur:
678 3662 814 3724 ‘collocet
842 3681 908 3725 eum
938 3681 1004 3726 cum
1031 3663 1226 3744 principibns'
1251 3663 1281 3725 dt
1303 3682 1379 3726 unus
1399 3662 1490 3723 houm
1513 3663 1594 3724 ‘cum

300 3764 364 3826 eliis
391 3763 513 3843 colligit’
543 3772 573 3825 et
600 3767 644 3826 ‘sc
671 3765 720 3827 uel
749 3765 838 3826 alium
866 3767 1042 3844 corrumpit’
1069 3763 1133 3827 siue
1161 3766 1319 3844 ‘corrigit'.
1363 3768 1400 3827 Αι
1422 3783 1437 3825 e
1460 3765 1594 3842 regione,

300 3866 418 3948 quando
440 3863 567 3927 uerbum
591 3866 687 3944 ipsum
710 3867 797 3930 talem
820 3866 911 3929 habet
933 3885 1068 3937 sensum,
1093 3877 1125 3928 ut
1148 3885 1208 3929 nou
1230 3866 1267 3928 ad
1289 3885 1381 3929 unum
1406 3865 1517 3937 solum,
1543 3865 1595 3927 sed

300 3966 336 4030 ad
359 3966 434 4029 duos
456 3966 503 4029 uel
526 3967 562 4028 ad
585 3965 687 4048 plures
709 3970 786 4030 actio
814 3967 861 4029 uel
884 3969 983 4048 passio
1006 3968 1217 4050 transforatur,
1245 3967 1352 4049 procul
1379 3967 1469 4029 dubio
1497 3967 1628 4030 nulla-sc

301 4080 388 4132 tenus
411 4072 474 4150 ipsa
497 4068 676 4150 praepositio
698 4071 910 4152 corrumpitur,
944 4070 996 4131 sed
1019 4072 1134 4150 integra
1163 4068 1340 4149 regulariter
1363 4088 1483 4132 manere
1505 4068 1593 4131 dinc·

300 4173 393 4234 scitur
417 4181 445 4232 et
468 4171 689 4234 euidentissime
711 4170 932 4253 comprobatur,
957 4179 989 4233 ut
1011 4171 1231 4234 ‘conlaetatur’
1255 4171 1479 4234 ‘conlacrimat’
1503 4175 1593 4233 ‘con-

300 4325 528 4336 .........—---

336 4426 540 4529 m2uplrilqsclla
557 4425 696 4493 scirclogio
748 4425 905 4495 perisologiu
922 4426 1035 4493 teulegio
1103 4425 1294 4492 doctiloquum:
1348 4428 1595 4494 dproduncnutnr

301 4503 425 4598 ddrddid
443 4503 553 4613 pdliJes.
566 4547 703 4614 Autdolop
718 4547 775 4597 Lot.
788 4545 890 4601 618Μ
924 4545 1019 4596 Vrnute
1033 4545 1125 4610 Meyer
1175 4546 1284 4612 deigna
1324 4545 1447 4611 polimniu
1501 4547 1533 4596 12
1551 4545 1594 4594 ire·

301 4617 377 4665 resim
431 4615 506 4665 ldde
492 4616 650 4680 eproeccntis
697 4618 729 4666 16
740 4610 869 4678 numnius]
883 4615 918 4678 rs
932 4614 1029 4664 Aurum
1037 4615 1091 4676 fud
1102 4630 1128 4678 p.
1140 4616 1199 4676 tot,
1214 4617 1244 4664 ll
1257 4615 1298 4665 ed
1314 4615 1450 4665 Neueletus
1501 4615 1594 4663 itiret·

301 4684 357 4733 tutit
375 4699 435 4732 ursa
454 4683 589 4734 Neueletus
641 4684 697 4734 18¹
690 4699 716 4735 ιιι
735 4682 798 4733 libro
817 4678 1027 4746 differentiarum]
1047 4682 1112 4733 laid.
1129 4685 1195 4744 orip.
1214 4682 1285 4732 XIX
1302 4685 1353 4746 23,
1371 4687 1387 4732 5
1421 4683 1471 4788 ⁸¹itt
1489 4683 1594 4746 cniglila

301 4797 426 4860 celaturae
493 4803 526 4896 27
544 4817 611 4869 cum,
623 4819 693 4855 corr.
710 4817 760 4853 con
828 4803 861 4854 32
878 4801 939 4851 dicit
957 4811 984 4851 ut
1001 4799 1107 4851 collocet
1176 4815 1233 4851 cum
1250 4800 1308 4851 aliis
1377 4804 1410 4853 33
1421 4758 1469 4850 det
