3316 5566
295 257 356 322 100
818 255 886 306 ans
904 255 1079 306 suenrus

496 445 585 518 Quis
607 462 663 505 me
684 444 855 504 miseram
879 449 914 502 et
936 451 970 502 te
992 439 1174 522 perdidit,
1197 439 1331 502 Orleui

294 551 452 612 Vocatiuus
481 556 577 608 autem
601 544 624 627 †
646 546 676 607 ln
699 545 748 606 dai
770 565 788 606 o
812 563 846 606 ee
874 545 1050 606 terminatus
1077 543 1245 612 inuenitur,
1274 545 1351 605 sieut
1378 545 1409 604 in
1437 542 1571 604 Sedulio

292 653 414 732 iegitur:
464 651 595 728 lignee
632 648 732 727 ligna
769 665 896 726 rogas,
935 644 1061 707 surdis
1097 645 1259 706 clamare
1296 646 1451 708 uideris.
1510 645 1570 706 item

292 757 448 816 rrocaiiuus
469 755 500 814 in
524 771 559 812 us
589 752 688 812 linitus
716 751 884 820 inuenitur,
913 749 991 809 sicut
1017 749 1285 826 grammaticus
1313 747 1398 808 dicit:
1435 748 1572 809 Veteres

290 855 472 918 dicebant
499 874 516 915 o
546 853 633 914 deus
660 869 749 914 rests
776 851 876 932 pius,
906 869 970 931 pro
993 869 1011 910 o
1033 849 1099 911 dee
1126 867 1190 910 ree
1213 851 1281 929 pie.
1325 849 1405 920 Quot
1426 851 1594 928 generaiu⁵

291 977 324 1018 er
346 959 543 1018 terminantur
564 957 595 1016 in
619 953 748 1016 secunda
771 951 989 1014 declinatione?
1019 953 1115 1013 Vnum
1131 969 1224 1030 genus
1247 958 1360 1014 tantum
1383 951 1571 1014 masculinum.

291 1061 397 1122 Omnia
421 1061 499 1120 enim
523 1057 642 1119 nomina
665 1057 695 1116 in
719 1073 752 1116 er
774 1057 932 1117 terminata
955 1053 1116 1116 masculina
1139 1061 1223 1122 sunt,
1246 1061 1279 1115 ut
1293 1053 1342 1114 bic
1356 1053 1434 1114 liber
1453 1054 1498 1116 iric
1517 1052 1572 1134 pul·

290 1163 362 1224 oirer
391 1161 439 1222 liic
468 1179 543 1240 puer
572 1155 734 1220 Menander
760 1156 929 1220 Alexander
951 1154 1126 1236 etreliqua.
1171 1153 1322 1227 Quaedam
1351 1163 1451 1217 autem
1478 1175 1510 1216 ex
1535 1155 1574 1215 bis

292 1263 303 1343 ξ’
329 1265 349 1324 l.
373 1259 430 1325 98·
447 1259 458 1344 ΙΙ
475 1261 644 1322 nominiims
665 1261 696 1320 in
720 1277 753 1321 er
775 1257 980 1320 desinentibus
1001 1259 1032 1320 in
1054 1258 1184 1320 secunda
1208 1256 1406 1320 declinatione
1428 1257 1574 1320 obsemant

290 1367 358 1426 ein
382 1363 511 1445 obliquis
533 1361 665 1433 casibus
695 1372 727 1422 ui
754 1371 839 1423 tener
862 1361 958 1422 teneri
979 1368 1084 1421 tenero
1108 1369 1244 1422 tenerum
1268 1367 1353 1423 tener
1375 1380 1390 1422 a
1415 1369 1526 1429 tenero,
1547 1367 1606 1419 et¹⁰

290 1465 445 1546 pluraliter
469 1466 564 1526 teneri
586 1475 759 1526 tenerorum
788 1464 898 1524 teneris
920 1470 1042 1524 teneros
1065 1464 1159 1524 teneri
1182 1481 1198 1522 a
1221 1465 1342 1526 teneris.
1386 1463 1437 1524 Sic
1458 1461 1572 1524 declim-

290 1567 409 1629 turbio
431 1585 521 1648 puer,
544 1566 593 1627 bic
615 1584 708 1646 gener
731 1574 761 1626 et
782 1565 880 1626 omnia
909 1565 1027 1626 nomina
1055 1565 1086 1625 in
1115 1565 1161 1626 ler
1184 1574 1213 1626 et
1234 1566 1263 1626 in
1287 1581 1341 1641 ger
1368 1567 1503 1628 exeuntia
1527 1563 1573 1624 ob·

288 1676 410 1731 seruant
424 1687 441 1729 e
455 1671 486 1729 ln
503 1667 633 1749 obliquis
654 1667 788 1736 casibus,
812 1675 846 1728 ut
867 1666 915 1726 bic
938 1665 1075 1727 lruetiler
1097 1665 1220 1746 belliger
1242 1678 1273 1727 et
1295 1674 1404 1728 cetera.
1436 1666 1573 1740 Quaedam

289 1792 362 1834 uero
393 1789 451 1833 non
481 1769 641 1832 obseruant
663 1789 682 1834 e
702 1771 732 1830 in
762 1767 892 1848 obliquis
920 1765 1051 1836 casibus,
1081 1775 1113 1828 ut
1139 1785 1223 1828 sacer
1251 1771 1327 1830 sacri
1354 1787 1440 1831 sacro
1468 1787 1573 1830 sacrum

289 1893 374 1936 sacru
397 1893 412 1934 a
435 1891 535 1942 sacro,
566 1880 596 1934 et
622 1869 776 1952 pluraliter
804 1873 880 1931 sacri
909 1887 1063 1930 sacrorum
1091 1870 1185 1930 sacris
1212 1889 1314 1932 sacros
1342 1873 1420 1932 sacri
1443 1889 1458 1931 a
1480 1873 1607 1932 saeris.1⁵

290 1979 338 2037 Sic
361 1975 527 2036 declinatur
550 1974 632 2036 iaber
660 1973 752 2043 iniri,
783 1991 855 2053 aper
878 1973 957 2051 apri,
986 1989 1076 2051 caper
1097 1973 1196 2052 capri.
1226 1990 1334 2034 cancer
1356 1975 1473 2044 cancri,
1499 1990 1576 2032 socer

287 2079 382 2147 socri,
406 2075 570 2140 Alexander
585 2075 759 2144 Alexandri,
783 2073 946 2136 Menander
959 2073 1123 2134 Menandri.
1155 2073 1207 2136 Est
1229 2084 1327 2136 autem
1351 2093 1444 2136 rruirm
1467 2092 1576 2138 nomen.

288 2179 366 2261 qnod
390 2179 500 2238 dicitur
523 2175 608 2248 liber,
631 2177 711 2256 quod
733 2176 807 2237 ‹iuas
829 2176 1060 2254 significationes
1082 2173 1194 2236 babere
1217 2175 1345 2236 uidetur.
1378 2177 1576 2238 bicitureoim

287 2281 365 2342 iiber
387 2283 549 2357 ingennus,
573 2278 630 2340 boc
653 2287 697 2339 est
719 2297 735 2338 a
757 2277 911 2348 libertate,
935 2283 966 2338 et
987 2277 1096 2338 dieitm
1118 2277 1193 2338 iiber
1216 2278 1357 2340 uolumen
1380 2298 1395 2338 a
1418 2277 1503 2348 libro,
1526 2277 1577 2337 boc
1646 2273 1647 2318 Τ

288 2393 334 2444 est
356 2383 466 2442 cortice
495 2379 625 2448 arboris,
655 2382 685 2440 in
709 2397 767 2458 quo
790 2379 918 2459 antiqui,
947 2387 1105 2456 antequam
1134 2379 1254 2441 cbartae
1282 2383 1423 2441 inuentae
1451 2379 1611 2452 tuisseutsr

287 2481 424 2544 solebant
445 2481 591 2556 seribere,
616 2489 646 2540 et
667 2479 723 2540 boc
746 2499 872 2550 nomen,
897 2479 1016 2558 quando
1039 2481 1076 2541 de
1098 2479 1235 2542 libertate
1262 2481 1384 2552 dieitur,
1408 2481 1578 2550 obseruate

289 2588 319 2646 in
343 2583 474 2662 obliquis
496 2582 615 2644 cosiims
638 2595 667 2641 et
688 2583 730 2642 sic
753 2579 934 2642 declinetur:
965 2580 1040 2642 iiber
1056 2581 1143 2644 liberi
1167 2591 1197 2642 et
1218 2593 1331 2654 cetera;
1355 2585 1473 2664 quaudo
1487 2591 1577 2644 autem

289 2687 326 2746 ‹ie
349 2685 500 2746 uolumine
523 2684 640 2754 dicitnr,
665 2703 724 2744 non
747 2682 888 2744 obserbat
910 2702 926 2742 e
946 2684 977 2744 in
1001 2683 1130 2764 obliquis
1153 2685 1272 2746 casibus
1294 2689 1390 2747 etsie
1412 2687 1578 2749 declinatur:

290 2787 365 2849 iiber
388 2787 455 2848 libri
480 2795 510 2847 et
532 2769 640 2850 celera.
686 2783 933 2864 Interrogandum
958 2794 1002 2845 esi
1024 2793 1133 2854 autem.
1157 2787 1386 2867 quibusmodis
1409 2789 1578 2850 discernun-

290 2899 338 2952 tur
361 2891 478 2950 norruna
502 2889 650 2950 secundae
673 2885 880 2948 declinationis
903 2895 932 2971 et
955 2888 1060 2948 tertiae
1083 2887 1286 2950 declinationis
1308 2890 1338 2949 iu
1355 2909 1389 2952 er
1404 2889 1611 2952 desinentia?²5

295 3039 386 3055 .....
409 2991 486 3072 rrprrrd
510 2993 641 3053 Graecos
664 2998 694 3051 et
715 2997 783 3050 ante
806 3008 857 3050 ros
880 2987 991 3050 babent
1013 2993 1145 3072 quinque
1168 3001 1381 3060 consonantes,
1406 2991 1463 3053 boc
1478 2988 1579 3052 estcd

290 3111 348 3173 gp
370 3102 394 3162 i,
426 3100 458 3154 nt
485 3093 618 3154 Terrrros
646 3092 830 3153 Alexandros
857 3089 1034 3152 Menandros
1062 3111 1151 3172 agros
1180 3111 1287 3172 capros
1308 3093 1476 3173 Tirymbros
1497 3097 1578 3155 Ante·

290 3205 403 3276 patros:
434 3193 507 3255 imec
529 3193 606 3274 apud
631 3193 751 3254 Latinos
774 3211 825 3254 ros
847 3193 876 3254 in
900 3211 933 3254 er
956 3203 1135 3256 conuertunt
1157 3205 1186 3254 et
1207 3195 1356 3257 secundae
1379 3195 1580 3258 declinationis

288 3305 366 3357 srmt.
412 3295 454 3356 lta
477 3295 593 3356 Terrcer
615 3294 738 3364 Tenui.
763 3294 924 3356 Menander
947 3295 1112 3366 Menandri,
1136 3295 1302 3358 Alexander
1324 3296 1492 3368 Alexandri,
1515 3313 1580 3375 ager

288 3401 367 3476 agri,
391 3415 479 3478 caper
502 3399 600 3477 capri,
623 3395 774 3476 Tirymber
797 3396 955 3475 prmbri‚
978 3398 1131 3478 Antipater
1153 3399 1307 3478 Antipatri.
1353 3398 1508 3478 Excipitur
1529 3400 1613 3458 ior-³⁰

291 3499 374 3560 bros:
405 3498 483 3580 apud
512 3499 643 3560 Graecos
665 3500 709 3558 sic
731 3497 847 3567 dicitur,
878 3497 955 3576 apud
984 3499 1104 3560 Latinos
1127 3509 1224 3560 autem
1248 3499 1353 3570 imber,
1378 3500 1458 3578 quod
1481 3502 1581 3563 tertiae

290 3603 495 3664 «inclinationis
518 3609 576 3670 est;
600 3601 672 3661 lacit
693 3601 771 3661 enirn
791 3597 889 3659 imber
903 3598 1015 3660 imbris.
1048 3600 1084 3660 Et
1098 3610 1167 3663 serni
1182 3601 1236 3662 alia
1253 3603 1309 3662 dua
1326 3605 1446 3664 nomina
1463 3603 1580 3668 Graeca,

289 3723 363 3782 spirae
387 3703 457 3764 drus
479 3711 510 3764 et
531 3721 601 3780 gros
624 3719 682 3763 non
699 3703 728 3761 in
746 3720 788 3770 er,
812 3701 863 3761 sed
880 3703 910 3760 in
927 3720 962 3762 us
977 3710 1158 3764 conuertunt
1173 3703 1249 3781 apud
1265 3704 1395 3772 Latinos.
1420 3715 1454 3765 ut
1476 3703 1582 3765 surdros

360 3908 369 3954 l
392 3906 509 3954 miserum
529 3905 588 3955 lecit
606 3917 629 3954 te
680 3907 696 3956 2
715 3915 821 3954 noeatnr
838 3915 920 3953 antem
940 3905 965 3952 in
984 3905 1025 3953 dni
1040 3920 1055 3954 o
1068 3903 1108 3972 ee]
1129 3907 1252 3956 Fortunae
1268 3907 1441 3958 scribendum:
1461 3908 1580 3958 interdum

289 3977 313 4023 in
330 3991 357 4022 ee
409 3977 425 4024 3
438 3975 532 4024 sordiis
545 3975 653 4037 quiedam
667 3989 682 4022 a
695 3989 721 4022 re
734 3969 839 4037 uideris]
854 3974 888 4037 cf.
899 3973 997 4022 Seriuiir'
1004 3972 1046 4025 iit.
1059 3973 1089 4022 1.·
1108 3977 1186 4024 ineos
1199 3978 1243 4040 qui
1254 3979 1335 4025 lunam
1347 3983 1373 4025 el
1384 3977 1437 4026 ulia
1448 3977 1584 4025 huiuamodi
1645 3991 1646 3994 ¹

288 4045 457 4092 calamitati
517 4043 699 4092 Arrocatnrin
718 4057 749 4090 us
801 4043 955 4106 gramaticus
1007 4043 1109 4103 bqtrod
1162 4043 1329 4092 Biniuonder
1397 4045 1456 4093 siu
1477 4043 1583 4094 secunde
1645 4059 1646 4076 r

289 4111 465 4160 inclinationis
535 4113 566 4160 10
586 4121 696 4160 tenerum
715 4119 788 4159 tenes
876 4111 903 4158 il
925 4109 1066 4158 declinatus
1154 4113 1184 4160 ta
1203 4111 1383 4160 obseruantin
1472 4115 1503 4160 14
1521 4111 1582 4160 sueri

289 4181 353 4228 ¹sueri
414 4181 444 4229 l'i
465 4177 738 4228 uriunnderminaudri
809 4178 841 4226 19
860 4178 978 4238 ingenius
1047 4180 1081 4226 20
1099 4179 1198 4227 corticis
1216 4180 1316 4238 arbore,
1334 4183 1436 4230 mutatis
1453 4181 1581 4230 acerborum

286 4249 386 4310 sinibus.
439 4247 544 4309 antimm
596 4246 681 4294 eburte
700 4247 802 4294 iouente
881 4247 911 4293 21
933 4244 1093 4308 obseruate]
1113 4247 1288 4296 obseruantem
1366 4250 1400 4298 23
1419 4247 1553 4297 obseruate

287 4317 447 4364 «ieriimmurr
514 4317 548 4364 ‘lb
566 4315 590 4362 in
610 4331 637 4362 er
654 4315 795 4364 desinentia
814 4311 857 4377 np’
870 4310 971 4377 grecus]
992 4315 1061 4362 Ante
1078 4315 1147 4380 aprrd
1166 4313 1274 4365 Graecos
1293 4331 1358 4381 quoe
1376 4317 1537 4380 exciderunt,
1554 4330 1582 4363 eo

286 4385 421 4433 ‚serrandum
438 4385 561 4432 rollonem
579 4385 605 4431 in
622 4381 784 4448 sequentibus
801 4381 961 4430 obseruatum
978 4382 1026 4430 liae
1041 4381 1100 4444 sere
1117 4385 1190 4432 modo
1208 4386 1325 4448 suppleri
1339 4390 1474 4449 poierrmt:
1502 4385 1581 4433 Prima

287 4451 376 4514 regma
395 4463 434 4499 est
452 4453 583 4500 nominum
603 4451 729 4499 seermdue
747 4448 924 4498 declinationis
944 4451 968 4497 iu
988 4465 1015 4496 er
1038 4451 1199 4514 exeuntium,
1225 4453 1290 4501 idest
1312 4451 1356 4500 iilo
1380 4453 1495 4509 norisius,
1521 4466 1582 4515 quae

287 4521 311 4566 in
332 4535 373 4568 ros
393 4529 487 4568 exenm
504 4520 572 4585 apud
586 4519 696 4569 Graecos
709 4528 756 4567 etc.
827 4517 860 4566 26
872 4515 996 4581 quinique]
1009 4517 1073 4566 Sunt
1085 4535 1178 4568 reicere
1189 4535 1248 4584 ser,
1265 4522 1314 4570 sed
1326 4519 1468 4584 [oriented
1482 4519 1581 4584 (Thyra-

287 4585 359 4652 broe)
377 4589 519 4638 uddeudum
538 4595 604 4642 erut
659 4589 691 4636 27
710 4597 811 4636 teneros
863 4585 1013 4634 minandres
1066 4587 1171 4636 cimbros
1224 4599 1372 4654 uritepntrus
1440 4589 1582 4638 28latinus

287 4655 320 4702 aa
338 4665 421 4702 terrem
439 4657 550 4704 teoerins
601 4655 733 4705 minander
750 4653 877 4702 minandri
929 4657 962 4704 30
980 4655 1070 4704 timber
1087 4656 1170 4704 tinrbri
1223 4667 1354 4722 aritepater
1371 4658 1498 4722 autepatri
1554 4655 1582 4706 32

289 4721 376 4780 pruine
444 4727 547 4772 t’tttros
599 4723 692 4774 latinos
744 4724 836 4772 radios
1387 4731 1392 4737 '
