3352 5556
281 393 377 450 (ilaxii
636 377 687 437 DE
706 379 867 438 enititum
884 379 1088 440 ΕΧΟΕΕΡΤΙΒ
1108 381 1211 442 BERN.

278 585 394 638 remoto
418 583 487 637 suot
509 593 545 636 ei
567 573 623 636 hec
644 574 865 654 agitandorum
895 595 932 638 cx
959 593 991 638 se
1019 575 1228 638 iduerbiorum
1258 574 1405 638 facilitate.
1450 575 1523 640 item
1545 579 1571 639 si

280 699 337 761 que
360 677 499 741 uidentur
522 696 538 738 a
560 678 786 757 pronominibus
812 678 957 740 iduerbiu
986 677 1077 754 trahi,
1107 688 1139 739 ut
1168 681 1286 740 meatim
1309 681 1427 750 tuatim,
1457 688 1569 741 unium

280 785 310 844 iu
333 781 836 858 commentariisgrammaticorum
859 779 1141 851 animaduertisses,
1169 783 1200 841 in
1223 789 1326 843 natura
1350 797 1421 842 uero
1444 798 1504 842 non
1525 783 1570 842 in·

280 887 427 946 uenimus.
472 880 545 942 Item
568 885 594 943 si
616 881 680 944 iliis
702 881 808 962 plicet,
832 901 847 942 i
871 882 975 945 uerbis
996 883 1061 945 fieri
1076 883 1228 952 adoerbia.
1252 892 1283 944 ut
1304 881 1341 948 ab
1365 901 1408 952 eo,
1432 883 1510 964 quod
1527 893 1572 942 est

279 1002 388 1067 pungo,
411 985 556 1068 punctim,
578 1002 668 1046 curro
691 985 813 1056 cursim,
837 1002 892 1064 ego
915 994 1013 1048 umen
1035 986 1117 1054 diro,
1145 985 1223 1063 quud
1245 985 1283 1046 de
1306 983 1457 1047 uocabulis
1478 994 1597 1046 1166165

282 1095 360 1158 sunt,
383 1095 417 1148 ut
439 1085 475 1148 ab
494 1105 544 1156 eo,
567 1085 644 1165 quod
668 1095 713 1148 est
734 1104 853 1154 cursui.
876 1087 1003 1157 cursim,
1026 1096 1152 1167 punctus
1175 1089 1317 1168 punctim.
1363 1087 1469 1150 Omnia
1492 1088 1571 1148 enim

279 1189 381 1257 uerbi,
397 1185 480 1268 'quie
502 1189 589 1250 etiam
618 1189 790 1250 innomine
814 1189 941 1250 transire
964 1207 1024 1250 non
1047 1199 1184 1269 possunt,
1214 1188 1294 1254 nulii
1323 1209 1339 1252 i
1368 1208 1401 1250 se
1429 1187 1571 1250 iiluerbis

277 1294 376 1354 iacere
398 1299 531 1372 possunt.

281 1445 507 1456 ———-—--

349 1543 575 1584 siuiuiruuiiiiis.
657 1531 669 1580 i
690 1527 797 1594 ex'hic]
815 1529 847 1579 ab
865 1529 913 1582 hie
931 1530 1061 1582 Charisius
1076 1547 1104 1596 p.
1124 1533 1182 1596 166,
1201 1533 1236 1583 ir
1303 1525 1434 1596 facilitate]
1453 1529 1573 1582 facultate

280 1599 412 1651 Charisius
474 1611 499 1648 ει
516 1599 539 1648 si
557 1611 607 1661 qua
628 1597 756 1648 Charisius
841 1600 857 1648 2
875 1597 940 1649 trahi
962 1599 1084 1649 aduerbis
1102 1611 1198 1649 oinium
1217 1599 1243 1648 in
1261 1599 1484 1664 grammaticorum
1502 1613 1573 1648 eom·

280 1669 410 1718 meritoriis
429 1665 561 1716 Charisius
646 1666 705 1717 6111
724 1665 903 1731 6616166616]
926 1668 953 1716 in
976 1668 1160 1718 consuetudine
1182 1667 1312 1718 Charisius
1380 1681 1430 1716 noo
1453 1665 1571 1716 uidemus

281 1735 415 1788 Charisius
488 1737 505 1786 i
523 1745 548 1784 et
565 1735 588 1784 si
606 1749 656 1784 nen
676 1733 751 1784 unitis
769 1734 852 1800 piacet
870 1735 1000 1786 Charisius
1016 1753 1043 1800 p.
1062 1737 1121 1798 166,
1141 1737 1175 1784 16
1246 1737 1354 1786 seuero
1371 1735 1466 1784 cursim
1483 1749 1573 1799 pungo

275 1805 390 1872 punctim
410 1803 541 1855 Ghari'si'us
592 1816 641 1868 ege
661 1813 742 1852 tamen
761 1816 856 1866 quaero
875 1803 937 1866 quid
955 1804 989 1854 its
1007 1818 1058 1854 uon
1076 1805 1163 1870 potius
1181 1804 1303 1854 iuueibti
1315 1819 1330 1852 a
1343 1802 1474 1852 uocabulis
1492 1814 1573 1852 iricio

277 1875 339 1928 siut.
358 1872 390 1922 ab
409 1887 439 1922 eo
458 1869 527 1934 quod
547 1880 585 1920 eit
602 1881 725 1937 punctum
744 1869 857 1938 punctim
876 1872 948 1922 etih
967 1886 998 1922 eo
1016 1872 1086 1936 qued
1104 1885 1143 1922 est
1160 1887 1251 1922 curius
1269 1871 1363 1922 cursim
1377 1871 1505 1921 Charisius
1555 1871 1572 1919 6

276 1940 504 1992 animadueriimus
523 1940 588 1988 eoim
608 1939 694 1988 omnia
711 1939 798 1998 uerbi,
817 1953 951 2002 quianon
970 1950 1080 2006 possunt
1098 1941 1173 1991 etiem
1191 1940 1224 1992 id
1243 1940 1346 1990 nemine
1364 1940 1484 2003 imniire,
1503 1937 1572 1988 uultu

194 2011 197 2018 '
276 2025 308 2060 ex
326 2025 355 2058 se
373 2009 494 2058 cauernis
512 2006 594 2056 iacere
612 2006 743 2058 Charisius

280 2127 507 2136 ——.--—-

345 2225 518 2265 senercunis
536 2225 683 2264 venturas.
737 2197 817 2260 iiter
895 2211 1005 2262 ‘Iacchi
1090 2213 1150 2263 :iio
1168 2214 1329 2263 cementariis
1348 2213 1572 2278 grammaticorum

360 2419 406 2478 Ae
432 2419 574 2494 queniam
602 2416 641 2476 de
665 2417 813 2478 aduerhi'o
840 2419 969 2492 eaimus,
1005 2417 1039 2477 id
1064 2435 1181 2493 666666
1207 2419 1402 2495 menendian,
1433 2434 1453 2476 a
1479 2417 1572 2478 Petro

275 2521 487 2597 psammetice,
511 2521 598 2580 cuius
620 2521 759 2596 opusculi
776 2526 925 2596 excerpta
947 2518 1034 2594 infra
1045 2522 1258 2596 proposuimus
1278 2520 1368 2581 haim
1381 2520 1498 2596 iibrip.
1518 2524 1573 2578 166

275 2627 386 2695 -171,
405 2639 441 2698 p.
461 2627 527 2696 167,
545 2627 563 2681 6
585 2621 623 2680 de
645 2621 786 2682 aduerhii
806 2623 840 2681 ui
859 2629 950 2696 atque
970 2629 1083 2682 natira
1097 2623 1226 2682 laudari
1238 2623 1388 2698 quendam
1404 2621 1574 2682 Geminiani·

277 2727 386 2800 iocum,
410 2725 464 2800 661
476 2725 507 2784 iu
522 2722 655 2783 Gharisii
666 2724 787 2800 seriptis
802 2739 863 2783 uon
885 2729 981 2798 extat,
1004 2723 1049 2798 es.
1065 2741 1160 2800 supra
1172 2723 1201 2796 s.
1219 2721 1273 2782 23⁶
1284 2741 1316 2800 p.
1334 2723 1443 2784 CLVI.
1480 2723 1575 2799 Apud

277 2826 448 2888 Diomedem
475 2841 550 2886 uero
577 2825 618 2884 de
643 2826 748 2885 eodem
776 2841 893 2886 reneri
914 2825 1071 2887 uisihaee
1092 2827 1286 2901 1666111666.
1312 2831 1389 2900 466,
1414 2830 1433 2884 6
1454 2826 1501 2886 II:
1527 2823 1572 2884 Ex

277 2927 333 2989 hae
355 2925 456 3006 reguli
479 2943 569 2988 unum
593 2924 745 2996 dissentit,
775 2925 853 3005 qood
877 2934 921 2988 est
943 2924 1046 2997 tacite,
1075 2927 1155 3004 quod
1183 2926 1303 3005 quidam
1332 2923 1440 2988 nonieii
1467 2933 1572 3004 pinni

276 3047 333 3109 pro
356 3027 497 3090 adueibio
520 3029 656 3117 positum.
680 3037 713 3088 ut
735 3037 779 3088 est
801 3030 932 3089 ‘toruum
955 3026 1073 3090 eismet’
1102 3027 1296 3091 ‘horrendum
1319 3029 1461 3090 resonst’.
1505 3028 1571 3088 Ita·

275 3150 334 3209 666
355 3133 442 3192 side
462 3132 519 3192 hee
541 3147 659 3206 666666
680 3130 765 3191 Petri
784 3133 851 3192 toea
872 3131 951 3192 idem
973 3133 1092 3204 ualeat,
1123 3133 1203 3207 pued
1229 3133 1268 3191 de
1293 3133 1402 3193 ceteris
1428 3130 1468 3192 II.
1500 3131 1571 3190 Kei-

276 3236 336 3296 iias
359 3235 492 3294 Gramm.
515 3231 584 3294 Lat.
606 3231 749 3308 Ipraes.
771 3249 803 3308 p.
826 3232 972 3294 XLVIII
991 3235 1155 3295 rectissime
1175 3236 1295 3308 statuit,
1327 3234 1498 3295 Geminiani
1517 3248 1571 3293 rie-

275 3339 355 3396 mine
376 3351 397 3394 6
414 3334 637 3412 posterioribus
657 3336 721 3394 siue
739 3337 949 3409 arammati'ci's
970 3337 1033 3396 siue
1046 3337 1328 3396 commentatorihus
1348 3342 1496 3412 usurpato
1510 3350 1571 3394 non

277 3437 482 3498 Geminianum
504 3438 612 3512 ipsium,
635 3437 690 3495 sed
711 3435 880 3498 charisium
900 3438 1083 3512 sianiheari,
1113 3440 1145 3498 in
1167 3437 1300 3498 Ghaiisii
1319 3437 1394 3498 libii
1412 3454 1450 3497 ea
1470 3443 1570 3512 parte,

276 3528 336 3614 666
364 3541 402 3599 de
432 3537 578 3600 eduerhio
605 3539 709 3613 opiter
724 3555 760 3614 p.
786 3544 843 3598 166
863 3555 924 3614 sep.
953 3540 1020 3599 leco
1047 3541 1148 3600 neseio
1175 3556 1234 3616 666
1261 3542 1404 3601 lacunam
1425 3555 1489 3602 esse
1508 3546 1570 3598 sto·

275 3649 394 3702 tuamus
415 3646 571 3718 oporteat,
600 3655 678 3716 6666
703 3647 737 3700 61
764 3641 796 3699 in
817 3642 884 3715 ipse
904 3642 968 3702 eius
989 3647 1142 3702 tractatus
1163 3643 1264 3715 initio,
1288 3658 1347 3717 666
1366 3642 1495 3718 aenaini
1515 3641 1570 3700 Ge

275 3745 405 3803 miniani
422 3748 592 3818 praecepta
613 3740 796 3815 reseruntur
807 3759 843 3818 p.
869 3748 933 3816 166,
960 3749 997 3801 26
1018 3776 1061 3788 -
1080 3760 1115 3819 p.
1140 3750 1203 3817 161,
1230 3751 1282 3818 15,
1313 3745 1567 3820 deprehendatur,

277 3845 312 3905 66
341 3845 374 3904 id
400 3861 460 3906 nen
483 3842 584 3917 suerit
611 3844 828 3918 neeessariam,
863 3846 938 3920 quie
966 3844 1152 3920 Diomedem,
1188 3849 1242 3922 qui
1270 3848 1334 3907 eius
1366 3848 1414 3905 rei
1438 3847 1570 3906 meminit

272 3963 307 4024 p.
333 3951 402 4018 166,
427 3952 456 4018 6,
481 3953 510 4005 et
532 3946 707 4007 Geminiane
728 3953 756 4004 et
778 3945 959 4007 Palaemone
974 3949 1149 4021 promiscue
1168 3964 1253 4010 usum
1267 3965 1330 4008 esse
1343 3954 1471 4010 constat.
1508 3945 1573 4005 Sed

276 4063 337 4123 666
354 4049 542 4124 potissimum
564 4049 631 4108 leco
652 4049 740 4108 istam
762 4049 902 4108 lacunam
923 4054 1056 4108 statuere
1078 4050 1251 4123 debeamus,
1277 4067 1340 4110 nou
1361 4050 1470 4126 liquet,
1495 4050 1570 4123 qaia

276 4151 489 4209 uniuersorum
510 4151 725 4210 sententiareen
741 4150 839 4225 plane
866 4150 1064 4220 deficientium
1093 4154 1177 4212 nediu
1204 4154 1400 4213 inueniuntur
1420 4149 1462 4210 ihi
1481 4151 1570 4210 uesti-

273 4254 337 4327 616.
381 4251 549 4328 11666666
566 4255 671 4328 potius
692 4253 820 4312 inclinat
841 4255 1003 4327 sententia,
1028 4255 1127 4329 ilium,
1157 4269 1243 4329 quem
1265 4254 1375 4314 Petrus
1395 4253 1568 4328 exscripsit,

274 4369 337 4414 nen
359 4353 398 4412 de
418 4353 567 4428 Gharisie,
591 4355 645 4414 sed
666 4355 704 4413 de
725 4355 790 4430 ipse
813 4353 990 4416 Geminiane
1003 4357 1162 4430 capitone,
1181 4356 1350 4416 Chai-isium
1371 4372 1445 4416 uero
1455 4369 1571 4431 parum

275 4461 420 4514 66661616
440 4458 503 4516 eius
522 4461 688 4532 praecepta
709 4459 904 4532 excerpsisse.
951 4455 1038 4528 Quod
1057 4464 1091 4518 ut
1111 4459 1256 4534 suspicer,
1280 4457 1340 4519 hae
1360 4474 1396 4517 re
1417 4458 1568 4528 adducar,

275 4558 348 4632 quio
370 4556 507 4618 Donatus
528 4574 656 4634 666666,
681 4575 766 4633 quem
782 4557 952 4619 Geminiani
973 4560 1106 4620 omnihus
1120 4560 1265 4635 pertibus
1278 4561 1457 4620 simillimum
1469 4559 1572 4632 faisse

276 4657 447 4718 Geminiani
477 4660 540 4719 ioci
569 4676 589 4718 6
623 4659 761 4720 Charisia
794 4663 934 4736 excepti
966 4667 1129 4734 testantur,
1164 4661 1203 4721 de
1235 4663 1340 4721 eadem
1367 4678 1401 4720 re
1428 4662 1571 4722 disseruit

268 4777 307 4838 p.
332 4765 400 4832 665,
427 4766 474 4822 26.
521 4761 691 4823 Geminiani
710 4779 784 4823 uere
805 4764 979 4823 sententiam
995 4765 1190 4838 prepapauit
1210 4763 1336 4838 Seruius
1356 4765 1421 4824 siue
1442 4763 1570 4824 Seruius

271 4879 303 4944 p.
331 4865 397 4938 iio,
425 4868 489 4920 iet
513 4869 550 4922 22
571 4864 610 4926 II.
