<?xml version="1.0" encoding="UTF-8"?>
<!DOCTYPE html PUBLIC "-//W3C//DTD XHTML 1.0 Transitional//EN"
    "http://www.w3.org/TR/xhtml1/DTD/xhtml1-transitional.dtd">
<html xmlns="http://www.w3.org/1999/xhtml" xml:lang="en" lang="en">
 <head>
  <title>
</title>
<meta http-equiv="Content-Type" content="text/html;charset=utf-8" />
  <meta name='ocr-system' content='tesseract 3.04.00' />
  <meta name='ocr-capabilities' content='ocr_page ocr_carea ocr_par ocr_line ocrx_word'/>
</head>
<body>
  <div class='ocr_page' id='page_1' title='image "./anecdotahelveti00hagegoog_0366.png"; bbox 0 0 3316 5566; ppageno 0'>
   <div class='ocr_carea' id='block_1_1' title="bbox 610 382 1389 450">
    <p class='ocr_par' dir='ltr' id='par_1_1' title="bbox 610 382 1389 450">
     <span class='ocr_line' id='line_1_1' title="bbox 610 382 1389 450; baseline 0.001 -17"><span class='ocrx_word' id='word_1_1' title='bbox 610 437 612 442; x_wconf 72' lang='grc'>,</span> <span class='ocrx_word' id='word_1_2' title='bbox 636 382 847 436; x_wconf 82' lang='lat' dir='ltr'><strong>ennnnnsrs.</strong></span> <span class='ocrx_word' id='word_1_3' title='bbox 1346 385 1389 450; x_wconf 81' lang='lat'><strong>95</strong></span> 
     </span>
    </p>
   </div>
   <div class='ocr_carea' id='block_1_2' title="bbox 73 569 1419 2482">
    <p class='ocr_par' dir='ltr' id='par_1_2' title="bbox 73 569 1419 2482">
     <span class='ocr_line' id='line_1_2' title="bbox 103 569 1388 652; baseline 0.004 -20"><span class='ocrx_word' id='word_1_4' title='bbox 103 573 204 632; x_wconf 72' lang='lat' dir='ltr'><strong>aeneai</strong></span> <span class='ocrx_word' id='word_1_5' title='bbox 232 569 371 632; x_wconf 74' lang='lat' dir='ltr'><strong>anchisai</strong></span> <span class='ocrx_word' id='word_1_6' title='bbox 398 573 488 652; x_wconf 88' lang='lat' dir='ltr'><strong>pictai</strong></span> <span class='ocrx_word' id='word_1_7' title='bbox 517 571 594 633; x_wconf 90' lang='lat' dir='ltr'><strong>aulai</strong></span> <span class='ocrx_word' id='word_1_8' title='bbox 617 575 708 632; x_wconf 91' lang='lat' dir='ltr'><strong>terrai</strong></span> <span class='ocrx_word' id='word_1_9' title='bbox 736 572 850 634; x_wconf 90' lang='lat' dir='ltr'><strong>militiai</strong></span> <span class='ocrx_word' id='word_1_10' title='bbox 877 572 999 634; x_wconf 88' lang='lat' dir='ltr'><strong>lamiliai</strong></span> <span class='ocrx_word' id='word_1_11' title='bbox 1028 592 1082 652; x_wconf 89' lang='lat' dir='ltr'><strong>pro</strong></span> <span class='ocrx_word' id='word_1_12' title='bbox 1104 575 1221 634; x_wconf 77' lang='lat' dir='ltr'><strong>Aeneae</strong></span> <span class='ocrx_word' id='word_1_13' title='bbox 1244 575 1388 636; x_wconf 71' lang='lat' dir='ltr'><strong>Anchisae</strong></span> 
     </span>
     <span class='ocr_line' id='line_1_3' title="bbox 102 672 1388 756; baseline 0.004 -24"><span class='ocrx_word' id='word_1_14' title='bbox 102 675 190 752; x_wconf 90' lang='lat' dir='ltr'><strong>pictae</strong></span> <span class='ocrx_word' id='word_1_15' title='bbox 211 672 295 733; x_wconf 90' lang='lat' dir='ltr'><strong>aulae</strong></span> <span class='ocrx_word' id='word_1_16' title='bbox 318 682 348 733; x_wconf 89' lang='lat' dir='ltr'><strong>et</strong></span> <span class='ocrx_word' id='word_1_17' title='bbox 370 675 493 752; x_wconf 63' lang='lat' dir='ltr'><strong>cetera’.</strong></span> <span class='ocrx_word' id='word_1_18' title='bbox 538 673 663 734; x_wconf 83' lang='lat' dir='ltr'><strong>Nomina</strong></span> <span class='ocrx_word' id='word_1_19' title='bbox 686 681 784 736; x_wconf 89' lang='lat' dir='ltr'><strong>autem</strong></span> <span class='ocrx_word' id='word_1_20' title='bbox 807 676 920 756; x_wconf 82' lang='lat' dir='ltr'><strong>primae</strong></span> <span class='ocrx_word' id='word_1_21' title='bbox 943 674 1146 736; x_wconf 80' lang='lat' dir='ltr'><strong>declinationis</strong></span> <span class='ocrx_word' id='word_1_22' title='bbox 1174 675 1333 743; x_wconf 85' lang='lat' dir='ltr'><strong>masculina</strong></span> <span class='ocrx_word' id='word_1_23' title='bbox 1356 679 1388 737; x_wconf 96' lang='lat' dir='ltr'><strong>in</strong></span> 
     </span>
     <span class='ocr_line' id='line_1_4' title="bbox 101 772 1389 857; baseline 0.003 -23"><span class='ocrx_word' id='word_1_24' title='bbox 101 776 289 836; x_wconf 88' lang='lat' dir='ltr'><strong>adesinentia</strong></span> <span class='ocrx_word' id='word_1_25' title='bbox 313 777 355 836; x_wconf 88' lang='lat' dir='ltr'><strong>sie</strong></span> <span class='ocrx_word' id='word_1_26' title='bbox 377 773 579 837; x_wconf 71' lang='lat' dir='ltr'><strong>declinantur:</strong></span> <span class='ocrx_word' id='word_1_27' title='bbox 601 783 690 854; x_wconf 89' lang='lat' dir='ltr'><strong>poeta</strong></span> <span class='ocrx_word' id='word_1_28' title='bbox 712 794 821 836; x_wconf 89' lang='lat' dir='ltr'><strong>nomen</strong></span> <span class='ocrx_word' id='word_1_29' title='bbox 843 783 887 837; x_wconf 91' lang='lat' dir='ltr'><strong>est</strong></span> <span class='ocrx_word' id='word_1_30' title='bbox 903 772 913 856; x_wconf 84' lang='grc' dir='ltr'><strong>ΙΙ</strong></span> <span class='ocrx_word' id='word_1_31' title='bbox 930 772 993 836; x_wconf 74' lang='lat'><strong>95¹²</strong></span> <span class='ocrx_word' id='word_1_32' title='bbox 1010 773 1021 857; x_wconf 76' lang='lat' dir='ltr'><strong>ll</strong></span> <span class='ocrx_word' id='word_1_33' title='bbox 1038 776 1247 857; x_wconf 87' lang='lat' dir='ltr'><strong>appellatiuum</strong></span> <span class='ocrx_word' id='word_1_34' title='bbox 1270 781 1389 856; x_wconf 79' lang='lat' dir='ltr'><strong>generis</strong></span> 
     </span>
     <span class='ocr_line' id='line_1_5' title="bbox 102 875 1388 958; baseline 0.005 -23"><span class='ocrx_word' id='word_1_35' title='bbox 102 875 246 937; x_wconf 83' lang='lat' dir='ltr'><strong>masculini</strong></span> <span class='ocrx_word' id='word_1_36' title='bbox 275 879 392 938; x_wconf 90' lang='lat' dir='ltr'><strong>numeri</strong></span> <span class='ocrx_word' id='word_1_37' title='bbox 420 875 579 955; x_wconf 80' lang='lat' dir='ltr'><strong>singularis</strong></span> <span class='ocrx_word' id='word_1_38' title='bbox 601 877 714 955; x_wconf 83' lang='lat' dir='ltr'><strong>figurae</strong></span> <span class='ocrx_word' id='word_1_39' title='bbox 736 876 988 958; x_wconf 81' lang='lat' dir='ltr'><strong>simpliciscasus</strong></span> <span class='ocrx_word' id='word_1_40' title='bbox 1011 879 1184 940; x_wconf 85' lang='lat' dir='ltr'><strong>nominatiui</strong></span> <span class='ocrx_word' id='word_1_41' title='bbox 1207 889 1236 940; x_wconf 86' lang='lat' dir='ltr'><strong>et</strong></span> <span class='ocrx_word' id='word_1_42' title='bbox 1259 882 1388 942; x_wconf 88' lang='lat' dir='ltr'><strong>uocatioi</strong></span> 
     </span>
     <span class='ocr_line' id='line_1_6' title="bbox 81 977 1387 1063; baseline 0.005 -26"><span class='ocrx_word' id='word_1_43' title='bbox 81 980 222 1058; x_wconf 44' lang='lat' dir='ltr'><strong>‚correpti</strong></span> <span class='ocrx_word' id='word_1_44' title='bbox 245 987 275 1040; x_wconf 89' lang='lat' dir='ltr'><strong>et</strong></span> <span class='ocrx_word' id='word_1_45' title='bbox 296 977 417 1039; x_wconf 89' lang='lat' dir='ltr'><strong>ablatiui</strong></span> <span class='ocrx_word' id='word_1_46' title='bbox 440 978 592 1059; x_wconf 87' lang='lat' dir='ltr'><strong>producti,</strong></span> <span class='ocrx_word' id='word_1_47' title='bbox 615 979 694 1058; x_wconf 90' lang='lat' dir='ltr'><strong>qnod</strong></span> <span class='ocrx_word' id='word_1_48' title='bbox 717 978 915 1041; x_wconf 76' lang='lat' dir='ltr'><strong>declinabitur</strong></span> <span class='ocrx_word' id='word_1_49' title='bbox 937 981 995 1040; x_wconf 89' lang='lat' dir='ltr'><strong>sic:</strong></span> <span class='ocrx_word' id='word_1_50' title='bbox 1019 981 1200 1041; x_wconf 90' lang='lat' dir='ltr'><strong>nominatino</strong></span> <span class='ocrx_word' id='word_1_51' title='bbox 1222 982 1272 1043; x_wconf 93' lang='lat' dir='ltr'><strong>hic</strong></span> <span class='ocrx_word' id='word_1_52' title='bbox 1294 991 1387 1063; x_wconf 86' lang='lat' dir='ltr'><strong>poeta,</strong></span> 
     </span>
     <span class='ocr_line' id='line_1_7' title="bbox 80 1061 1387 1162; baseline 0.005 -24"><span class='ocrx_word' id='word_1_53' title='bbox 80 1061 90 1084; x_wconf 78' lang='lat'><strong>&#39;&#39;</strong></span> <span class='ocrx_word' id='word_1_54' title='bbox 100 1080 229 1154; x_wconf 79' lang='lat' dir='ltr'><strong>genetiuo</strong></span> <span class='ocrx_word' id='word_1_55' title='bbox 253 1079 343 1140; x_wconf 89' lang='lat' dir='ltr'><strong>huius</strong></span> <span class='ocrx_word' id='word_1_56' title='bbox 365 1089 478 1160; x_wconf 87' lang='lat' dir='ltr'><strong>poetae,</strong></span> <span class='ocrx_word' id='word_1_57' title='bbox 502 1081 602 1140; x_wconf 90' lang='lat' dir='ltr'><strong>datino</strong></span> <span class='ocrx_word' id='word_1_58' title='bbox 624 1081 694 1141; x_wconf 92' lang='lat' dir='ltr'><strong>huie</strong></span> <span class='ocrx_word' id='word_1_59' title='bbox 716 1090 830 1161; x_wconf 88' lang='lat' dir='ltr'><strong>poetae,</strong></span> <span class='ocrx_word' id='word_1_60' title='bbox 855 1083 1023 1144; x_wconf 76' lang='lat' dir='ltr'><strong>accinctina</strong></span> <span class='ocrx_word' id='word_1_61' title='bbox 1046 1082 1125 1143; x_wconf 90' lang='lat' dir='ltr'><strong>huac</strong></span> <span class='ocrx_word' id='word_1_62' title='bbox 1147 1091 1274 1162; x_wconf 90' lang='lat' dir='ltr'><strong>poetam,</strong></span> <span class='ocrx_word' id='word_1_63' title='bbox 1298 1103 1387 1146; x_wconf 64' lang='lat' dir='ltr'><strong>noean</strong></span> 
     </span>
     <span class='ocr_line' id='line_1_8' title="bbox 101 1181 1387 1264; baseline 0.006 -25"><span class='ocrx_word' id='word_1_64' title='bbox 101 1182 156 1240; x_wconf 90' lang='lat' dir='ltr'><strong>tino</strong></span> <span class='ocrx_word' id='word_1_65' title='bbox 179 1199 195 1240; x_wconf 94' lang='lat' dir='ltr'><strong>o</strong></span> <span class='ocrx_word' id='word_1_66' title='bbox 216 1189 314 1262; x_wconf 87' lang='lat' dir='ltr'><strong>poeta,</strong></span> <span class='ocrx_word' id='word_1_67' title='bbox 338 1181 468 1244; x_wconf 90' lang='lat' dir='ltr'><strong>ablatino</strong></span> <span class='ocrx_word' id='word_1_68' title='bbox 497 1181 533 1243; x_wconf 95' lang='lat' dir='ltr'><strong>ab</strong></span> <span class='ocrx_word' id='word_1_69' title='bbox 562 1181 619 1242; x_wconf 93' lang='lat' dir='ltr'><strong>boo</strong></span> <span class='ocrx_word' id='word_1_70' title='bbox 641 1191 743 1261; x_wconf 86' lang='lat' dir='ltr'><strong>poeta,</strong></span> <span class='ocrx_word' id='word_1_71' title='bbox 772 1191 802 1245; x_wconf 91' lang='lat' dir='ltr'><strong>et</strong></span> <span class='ocrx_word' id='word_1_72' title='bbox 823 1181 978 1264; x_wconf 82' lang='lat' dir='ltr'><strong>pluraliter</strong></span> <span class='ocrx_word' id='word_1_73' title='bbox 1004 1186 1188 1245; x_wconf 90' lang='lat' dir='ltr'><strong>nominatiuo</strong></span> <span class='ocrx_word' id='word_1_74' title='bbox 1215 1184 1245 1244; x_wconf 95' lang='lat' dir='ltr'><strong>hi</strong></span> <span class='ocrx_word' id='word_1_75' title='bbox 1275 1193 1387 1264; x_wconf 87' lang='lat' dir='ltr'><strong>poetae,</strong></span> 
     </span>
     <span class='ocr_line' id='line_1_9' title="bbox 101 1281 1388 1367; baseline 0.006 -27"><span class='ocrx_word' id='word_1_76' title='bbox 101 1281 197 1344; x_wconf 88' lang='lat' dir='ltr'><strong>horum</strong></span> <span class='ocrx_word' id='word_1_77' title='bbox 219 1291 385 1364; x_wconf 87' lang='lat' dir='ltr'><strong>poetarum,</strong></span> <span class='ocrx_word' id='word_1_78' title='bbox 409 1285 457 1345; x_wconf 88' lang='lat' dir='ltr'><strong>his</strong></span> <span class='ocrx_word' id='word_1_79' title='bbox 480 1286 584 1364; x_wconf 87' lang='lat' dir='ltr'><strong>poetis,</strong></span> <span class='ocrx_word' id='word_1_80' title='bbox 608 1285 662 1344; x_wconf 90' lang='lat' dir='ltr'><strong>hos</strong></span> <span class='ocrx_word' id='word_1_81' title='bbox 684 1291 796 1363; x_wconf 87' lang='lat' dir='ltr'><strong>poetas,</strong></span> <span class='ocrx_word' id='word_1_82' title='bbox 820 1293 967 1364; x_wconf 82' lang='lat' dir='ltr'><strong>opoetae‚</strong></span> <span class='ocrx_word' id='word_1_83' title='bbox 993 1285 1030 1358; x_wconf 91' lang='lat' dir='ltr'><strong>ab</strong></span> <span class='ocrx_word' id='word_1_84' title='bbox 1053 1285 1099 1346; x_wconf 91' lang='lat' dir='ltr'><strong>his</strong></span> <span class='ocrx_word' id='word_1_85' title='bbox 1121 1289 1226 1367; x_wconf 88' lang='lat' dir='ltr'><strong>poetis.</strong></span> <span class='ocrx_word' id='word_1_86' title='bbox 1266 1287 1316 1350; x_wconf 86' lang='lat' dir='ltr'><strong>Sia</strong></span> <span class='ocrx_word' id='word_1_87' title='bbox 1337 1289 1388 1349; x_wconf 88' lang='lat' dir='ltr'><strong>dc·</strong></span> 
     </span>
     <span class='ocr_line' id='line_1_10' title="bbox 103 1381 1387 1468; baseline 0.005 -26"><span class='ocrx_word' id='word_1_88' title='bbox 103 1384 239 1446; x_wconf 89' lang='lat' dir='ltr'><strong>rlinautor</strong></span> <span class='ocrx_word' id='word_1_89' title='bbox 262 1387 360 1447; x_wconf 89' lang='lat' dir='ltr'><strong>omnia</strong></span> <span class='ocrx_word' id='word_1_90' title='bbox 383 1381 502 1446; x_wconf 83' lang='lat' dir='ltr'><strong>nomina&#39;</strong></span> <span class='ocrx_word' id='word_1_91' title='bbox 523 1384 684 1446; x_wconf 88' lang='lat' dir='ltr'><strong>masculina</strong></span> <span class='ocrx_word' id='word_1_92' title='bbox 716 1388 829 1465; x_wconf 84' lang='lat' dir='ltr'><strong>primae</strong></span> <span class='ocrx_word' id='word_1_93' title='bbox 858 1386 1078 1458; x_wconf 66' lang='lat' dir='ltr'><strong>declinationis</strong></span> <span class='ocrx_word' id='word_1_94' title='bbox 1108 1397 1141 1450; x_wconf 91' lang='lat' dir='ltr'><strong>nt</strong></span> <span class='ocrx_word' id='word_1_95' title='bbox 1162 1388 1210 1448; x_wconf 93' lang='lat' dir='ltr'><strong>hio</strong></span> <span class='ocrx_word' id='word_1_96' title='bbox 1232 1389 1387 1468; x_wconf 84' lang='lat' dir='ltr'><strong>propheta,</strong></span> 
     </span>
     <span class='ocr_line' id='line_1_11' title="bbox 73 1485 1386 1566; baseline 0.008 -25"><span class='ocrx_word' id='word_1_97' title='bbox 73 1506 91 1542; x_wconf 83' lang='lat' dir='ltr'><strong>a</strong></span> <span class='ocrx_word' id='word_1_98' title='bbox 102 1485 142 1544; x_wconf 89' lang='lat' dir='ltr'><strong>hic</strong></span> <span class='ocrx_word' id='word_1_99' title='bbox 158 1486 321 1566; x_wconf 89' lang='lat' dir='ltr'><strong>patriarcha</strong></span> <span class='ocrx_word' id='word_1_100' title='bbox 338 1487 386 1546; x_wconf 94' lang='lat' dir='ltr'><strong>hic</strong></span> <span class='ocrx_word' id='word_1_101' title='bbox 402 1485 512 1548; x_wconf 89' lang='lat' dir='ltr'><strong>athleta</strong></span> <span class='ocrx_word' id='word_1_102' title='bbox 528 1488 696 1565; x_wconf 79' lang='lat' dir='ltr'><strong>agonitheta</strong></span> <span class='ocrx_word' id='word_1_103' title='bbox 713 1487 861 1566; x_wconf 90' lang='lat' dir='ltr'><strong>parricida</strong></span> <span class='ocrx_word' id='word_1_104' title='bbox 878 1487 1022 1550; x_wconf 88' lang='lat' dir='ltr'><strong>homicida</strong></span> <span class='ocrx_word' id='word_1_105' title='bbox 1045 1490 1195 1550; x_wconf 86' lang='lat' dir='ltr'><strong>iratrieida</strong></span> <span class='ocrx_word' id='word_1_106' title='bbox 1212 1493 1234 1564; x_wconf 88' lang='lat'>†</span> <span class='ocrx_word' id='word_1_107' title='bbox 1250 1489 1386 1552; x_wconf 87' lang='lat' dir='ltr'><strong>colosista</strong></span> 
     </span>
     <span class='ocr_line' id='line_1_12' title="bbox 103 1587 1384 1654; baseline 0.004 -7"><span class='ocrx_word' id='word_1_108' title='bbox 103 1587 221 1649; x_wconf 86' lang='lat' dir='ltr'><strong>israelita</strong></span> <span class='ocrx_word' id='word_1_109' title='bbox 236 1587 334 1649; x_wconf 88' lang='lat' dir='ltr'><strong>scriba</strong></span> <span class='ocrx_word' id='word_1_110' title='bbox 356 1587 506 1650; x_wconf 85' lang='lat' dir='ltr'><strong>citharista</strong></span> <span class='ocrx_word' id='word_1_111' title='bbox 523 1597 552 1650; x_wconf 92' lang='lat' dir='ltr'><strong>et</strong></span> <span class='ocrx_word' id='word_1_112' title='bbox 567 1597 666 1650; x_wconf 88' lang='lat' dir='ltr'><strong>cetera</strong></span> <span class='ocrx_word' id='word_1_113' title='bbox 689 1588 805 1650; x_wconf 87' lang='lat' dir='ltr'><strong>similia.</strong></span> <span class='ocrx_word' id='word_1_114' title='bbox 844 1589 916 1650; x_wconf 92' lang='lat' dir='ltr'><strong>ltem</strong></span> <span class='ocrx_word' id='word_1_115' title='bbox 939 1589 1082 1651; x_wconf 91' lang='lat' dir='ltr'><strong>leminina</strong></span> <span class='ocrx_word' id='word_1_116' title='bbox 1105 1592 1222 1653; x_wconf 90' lang='lat' dir='ltr'><strong>nomina</strong></span> <span class='ocrx_word' id='word_1_117' title='bbox 1245 1593 1273 1654; x_wconf 92' lang='lat' dir='ltr'><strong>in</strong></span> <span class='ocrx_word' id='word_1_118' title='bbox 1297 1611 1312 1652; x_wconf 89' lang='lat' dir='ltr'><strong>a</strong></span> <span class='ocrx_word' id='word_1_119' title='bbox 1337 1592 1384 1652; x_wconf 90' lang='lat' dir='ltr'><strong>de·</strong></span> 
     </span>
     <span class='ocr_line' id='line_1_13' title="bbox 101 1689 1385 1770; baseline 0.005 -23"><span class='ocrx_word' id='word_1_120' title='bbox 101 1691 216 1750; x_wconf 82' lang='lat' dir='ltr'><strong>sinantia</strong></span> <span class='ocrx_word' id='word_1_121' title='bbox 238 1693 353 1770; x_wconf 88' lang='lat' dir='ltr'><strong>primae</strong></span> <span class='ocrx_word' id='word_1_122' title='bbox 376 1689 581 1752; x_wconf 85' lang='lat' dir='ltr'><strong>declinationis</strong></span> <span class='ocrx_word' id='word_1_123' title='bbox 602 1691 645 1751; x_wconf 91' lang='lat' dir='ltr'><strong>sic</strong></span> <span class='ocrx_word' id='word_1_124' title='bbox 668 1689 866 1752; x_wconf 88' lang='lat' dir='ltr'><strong>declinantur:</strong></span> <span class='ocrx_word' id='word_1_125' title='bbox 890 1691 964 1752; x_wconf 85' lang='lat' dir='ltr'><strong>lraec</strong></span> <span class='ocrx_word' id='word_1_126' title='bbox 986 1692 1067 1752; x_wconf 88' lang='lat' dir='ltr'><strong>illusa</strong></span> <span class='ocrx_word' id='word_1_127' title='bbox 1090 1691 1179 1753; x_wconf 91' lang='lat' dir='ltr'><strong>huius</strong></span> <span class='ocrx_word' id='word_1_128' title='bbox 1193 1693 1294 1755; x_wconf 81' lang='lat' dir='ltr'><strong>blasae</strong></span> <span class='ocrx_word' id='word_1_129' title='bbox 1318 1695 1385 1755; x_wconf 89' lang='lat' dir='ltr'><strong>hnic</strong></span> 
     </span>
     <span class='ocr_line' id='line_1_14' title="bbox 102 1789 1385 1872; baseline 0.005 -24"><span class='ocrx_word' id='word_1_130' title='bbox 102 1789 189 1852; x_wconf 80' lang='lat' dir='ltr'><strong>husae</strong></span> <span class='ocrx_word' id='word_1_131' title='bbox 211 1792 288 1852; x_wconf 87' lang='lat' dir='ltr'><strong>hanc</strong></span> <span class='ocrx_word' id='word_1_132' title='bbox 310 1792 422 1854; x_wconf 84' lang='lat' dir='ltr'><strong>Musam</strong></span> <span class='ocrx_word' id='word_1_133' title='bbox 445 1812 463 1853; x_wconf 96' lang='lat' dir='ltr'><strong>o</strong></span> <span class='ocrx_word' id='word_1_134' title='bbox 485 1791 568 1854; x_wconf 88' lang='lat' dir='ltr'><strong>llusa</strong></span> <span class='ocrx_word' id='word_1_135' title='bbox 590 1792 627 1853; x_wconf 90' lang='lat' dir='ltr'><strong>ab</strong></span> <span class='ocrx_word' id='word_1_136' title='bbox 650 1793 706 1854; x_wconf 91' lang='lat' dir='ltr'><strong>hae</strong></span> <span class='ocrx_word' id='word_1_137' title='bbox 728 1792 810 1854; x_wconf 86' lang='lat' dir='ltr'><strong>illusa</strong></span> <span class='ocrx_word' id='word_1_138' title='bbox 834 1801 863 1852; x_wconf 91' lang='lat' dir='ltr'><strong>et</strong></span> <span class='ocrx_word' id='word_1_139' title='bbox 885 1792 1040 1872; x_wconf 86' lang='lat' dir='ltr'><strong>pluraliter</strong></span> <span class='ocrx_word' id='word_1_140' title='bbox 1067 1793 1123 1854; x_wconf 91' lang='lat' dir='ltr'><strong>hae</strong></span> <span class='ocrx_word' id='word_1_141' title='bbox 1152 1793 1254 1856; x_wconf 87' lang='lat' dir='ltr'><strong>blusae</strong></span> <span class='ocrx_word' id='word_1_142' title='bbox 1282 1795 1385 1855; x_wconf 88' lang='lat' dir='ltr'><strong>harum</strong></span> 
     </span>
     <span class='ocr_line' id='line_1_15' title="bbox 103 1879 1387 1958; baseline 0.004 -7"><span class='ocrx_word' id='word_1_143' title='bbox 103 1891 238 1954; x_wconf 76' lang='lat' dir='ltr'><strong>humanm</strong></span> <span class='ocrx_word' id='word_1_144' title='bbox 263 1893 309 1954; x_wconf 87' lang='lat' dir='ltr'><strong>his</strong></span> <span class='ocrx_word' id='word_1_145' title='bbox 331 1894 422 1955; x_wconf 86' lang='lat' dir='ltr'><strong>Musis</strong></span> <span class='ocrx_word' id='word_1_146' title='bbox 444 1893 497 1955; x_wconf 89' lang='lat' dir='ltr'><strong>bas</strong></span> <span class='ocrx_word' id='word_1_147' title='bbox 518 1894 616 1954; x_wconf 88' lang='lat' dir='ltr'><strong>hlnsas</strong></span> <span class='ocrx_word' id='word_1_148' title='bbox 638 1914 655 1953; x_wconf 96' lang='lat' dir='ltr'><strong>o</strong></span> <span class='ocrx_word' id='word_1_149' title='bbox 677 1895 778 1955; x_wconf 84' lang='lat' dir='ltr'><strong>Musae</strong></span> <span class='ocrx_word' id='word_1_150' title='bbox 805 1892 842 1954; x_wconf 90' lang='lat' dir='ltr'><strong>ab</strong></span> <span class='ocrx_word' id='word_1_151' title='bbox 865 1894 911 1954; x_wconf 95' lang='lat' dir='ltr'><strong>his</strong></span> <span class='ocrx_word' id='word_1_152' title='bbox 932 1893 1031 1956; x_wconf 87' lang='lat' dir='ltr'><strong>hlusis.</strong></span> <span class='ocrx_word' id='word_1_153' title='bbox 1077 1895 1126 1955; x_wconf 90' lang='lat' dir='ltr'><strong>Sic</strong></span> <span class='ocrx_word' id='word_1_154' title='bbox 1148 1879 1335 1958; x_wconf 85' lang='lat' dir='ltr'><strong>declinantur</strong></span> <span class='ocrx_word' id='word_1_155' title='bbox 1358 1905 1387 1956; x_wconf 90' lang='lat' dir='ltr'><strong>ot</strong></span> 
     </span>
     <span class='ocr_line' id='line_1_16' title="bbox 76 1992 1419 2075; baseline 0.005 -26"><span class='ocrx_word' id='word_1_156' title='bbox 76 1992 149 2053; x_wconf 70' lang='lat' dir='ltr'><strong>naalia</strong></span> <span class='ocrx_word' id='word_1_157' title='bbox 170 1998 288 2056; x_wconf 91' lang='lat' dir='ltr'><strong>nomina</strong></span> <span class='ocrx_word' id='word_1_158' title='bbox 311 1997 452 2057; x_wconf 78' lang='lat' dir='ltr'><strong>feminina</strong></span> <span class='ocrx_word' id='word_1_159' title='bbox 482 1997 596 2075; x_wconf 88' lang='lat' dir='ltr'><strong>primae</strong></span> <span class='ocrx_word' id='word_1_160' title='bbox 625 1995 843 2066; x_wconf 90' lang='lat' dir='ltr'><strong>declinationis,</strong></span> <span class='ocrx_word' id='word_1_161' title='bbox 874 2003 906 2056; x_wconf 91' lang='lat' dir='ltr'><strong>nt</strong></span> <span class='ocrx_word' id='word_1_162' title='bbox 928 1996 1001 2058; x_wconf 91' lang='lat' dir='ltr'><strong>baec</strong></span> <span class='ocrx_word' id='word_1_163' title='bbox 1022 1997 1148 2066; x_wconf 89' lang='lat' dir='ltr'><strong>iustitia,</strong></span> <span class='ocrx_word' id='word_1_164' title='bbox 1176 1997 1249 2058; x_wconf 89' lang='lat' dir='ltr'><strong>haee</strong></span> <span class='ocrx_word' id='word_1_165' title='bbox 1272 1998 1387 2058; x_wconf 88' lang='lat' dir='ltr'><strong>miseri·</strong></span> <span class='ocrx_word' id='word_1_166' title='bbox 1417 2025 1419 2030; x_wconf 96' lang='lat'>·</span> 
     </span>
     <span class='ocr_line' id='line_1_17' title="bbox 104 2091 1386 2178; baseline 0.003 -24"><span class='ocrx_word' id='word_1_167' title='bbox 104 2096 190 2157; x_wconf 82' lang='lat' dir='ltr'><strong>cordia</strong></span> <span class='ocrx_word' id='word_1_168' title='bbox 212 2099 368 2178; x_wconf 87' lang='lat' dir='ltr'><strong>prudentia</strong></span> <span class='ocrx_word' id='word_1_169' title='bbox 392 2099 535 2176; x_wconf 87' lang='lat' dir='ltr'><strong>sapientia</strong></span> <span class='ocrx_word' id='word_1_170' title='bbox 560 2096 687 2158; x_wconf 84' lang='lat' dir='ltr'><strong>ecclesia</strong></span> <span class='ocrx_word' id='word_1_171' title='bbox 709 2096 830 2158; x_wconf 88' lang='lat' dir='ltr'><strong>basilica</strong></span> <span class='ocrx_word' id='word_1_172' title='bbox 853 2091 989 2158; x_wconf 86' lang='lat' dir='ltr'><strong>columna</strong></span> <span class='ocrx_word' id='word_1_173' title='bbox 1013 2099 1100 2158; x_wconf 89' lang='lat' dir='ltr'><strong>uinea</strong></span> <span class='ocrx_word' id='word_1_174' title='bbox 1124 2097 1236 2159; x_wconf 90' lang='lat' dir='ltr'><strong>cultura</strong></span> <span class='ocrx_word' id='word_1_175' title='bbox 1260 2097 1386 2177; x_wconf 88' lang='lat' dir='ltr'><strong>agricul-</strong></span> 
     </span>
     <span class='ocr_line' id='line_1_18' title="bbox 105 2198 1388 2278; baseline 0.004 -23"><span class='ocrx_word' id='word_1_176' title='bbox 105 2205 170 2268; x_wconf 91' lang='lat' dir='ltr'><strong>tura,</strong></span> <span class='ocrx_word' id='word_1_177' title='bbox 186 2217 260 2277; x_wconf 87' lang='lat' dir='ltr'><strong>quac</strong></span> <span class='ocrx_word' id='word_1_178' title='bbox 276 2207 346 2260; x_wconf 91' lang='lat' dir='ltr'><strong>sunt</strong></span> <span class='ocrx_word' id='word_1_179' title='bbox 360 2199 598 2260; x_wconf 90' lang='lat' dir='ltr'><strong>innumerabilia.</strong></span> <span class='ocrx_word' id='word_1_180' title='bbox 630 2198 771 2278; x_wconf 83' lang='lat' dir='ltr'><strong>Intellege</strong></span> <span class='ocrx_word' id='word_1_181' title='bbox 792 2208 906 2269; x_wconf 89' lang='lat' dir='ltr'><strong>autem,</strong></span> <span class='ocrx_word' id='word_1_182' title='bbox 929 2201 1072 2260; x_wconf 81' lang='lat' dir='ltr'><strong>feminina</strong></span> <span class='ocrx_word' id='word_1_183' title='bbox 1089 2202 1207 2261; x_wconf 92' lang='lat' dir='ltr'><strong>nomina</strong></span> <span class='ocrx_word' id='word_1_184' title='bbox 1223 2218 1274 2260; x_wconf 87' lang='lat' dir='ltr'><strong>sex</strong></span> <span class='ocrx_word' id='word_1_185' title='bbox 1290 2200 1388 2261; x_wconf 90' lang='lat' dir='ltr'><strong>modis</strong></span> 
     </span>
     <span class='ocr_line' id='line_1_19' title="bbox 105 2299 1386 2380; baseline 0.002 -22"><span class='ocrx_word' id='word_1_186' title='bbox 105 2317 173 2360; x_wconf 86' lang='lat' dir='ltr'><strong>esse:</strong></span> <span class='ocrx_word' id='word_1_187' title='bbox 202 2310 253 2362; x_wconf 91' lang='lat' dir='ltr'><strong>aut</strong></span> <span class='ocrx_word' id='word_1_188' title='bbox 275 2303 354 2362; x_wconf 90' lang='lat' dir='ltr'><strong>enim</strong></span> <span class='ocrx_word' id='word_1_189' title='bbox 377 2303 496 2380; x_wconf 93' lang='lat' dir='ltr'><strong>propria</strong></span> <span class='ocrx_word' id='word_1_190' title='bbox 520 2311 589 2362; x_wconf 87' lang='lat' dir='ltr'><strong>sunt</strong></span> <span class='ocrx_word' id='word_1_191' title='bbox 611 2310 661 2362; x_wconf 91' lang='lat' dir='ltr'><strong>aut</strong></span> <span class='ocrx_word' id='word_1_192' title='bbox 683 2302 738 2362; x_wconf 85' lang='lat' dir='ltr'><strong>lixa</strong></span> <span class='ocrx_word' id='word_1_193' title='bbox 761 2309 811 2363; x_wconf 90' lang='lat' dir='ltr'><strong>aut</strong></span> <span class='ocrx_word' id='word_1_194' title='bbox 833 2300 954 2362; x_wconf 91' lang='lat' dir='ltr'><strong>mobilia</strong></span> <span class='ocrx_word' id='word_1_195' title='bbox 978 2309 1029 2362; x_wconf 91' lang='lat' dir='ltr'><strong>aut</strong></span> <span class='ocrx_word' id='word_1_196' title='bbox 1050 2299 1087 2361; x_wconf 90' lang='lat' dir='ltr'><strong>ab</strong></span> <span class='ocrx_word' id='word_1_197' title='bbox 1110 2301 1232 2363; x_wconf 87' lang='lat' dir='ltr'><strong>adiectis</strong></span> <span class='ocrx_word' id='word_1_198' title='bbox 1255 2310 1318 2362; x_wconf 88' lang='lat' dir='ltr'><strong>orta</strong></span> <span class='ocrx_word' id='word_1_199' title='bbox 1342 2304 1386 2361; x_wconf 90' lang='lat' dir='ltr'><strong>in·</strong></span> 
     </span>
     <span class='ocr_line' id='line_1_20' title="bbox 105 2402 1385 2482; baseline 0.002 -22"><span class='ocrx_word' id='word_1_200' title='bbox 105 2403 286 2482; x_wconf 86' lang='lat' dir='ltr'><strong>corporalium</strong></span> <span class='ocrx_word' id='word_1_201' title='bbox 310 2421 412 2476; x_wconf 83' lang='lat' dir='ltr'><strong>rerum</strong></span> <span class='ocrx_word' id='word_1_202' title='bbox 436 2402 595 2473; x_wconf 90' lang='lat' dir='ltr'><strong>uocabula,</strong></span> <span class='ocrx_word' id='word_1_203' title='bbox 626 2411 675 2464; x_wconf 91' lang='lat' dir='ltr'><strong>aut</strong></span> <span class='ocrx_word' id='word_1_204' title='bbox 696 2405 850 2482; x_wconf 88' lang='lat' dir='ltr'><strong>participia</strong></span> <span class='ocrx_word' id='word_1_205' title='bbox 878 2404 977 2463; x_wconf 90' lang='lat' dir='ltr'><strong>lutura</strong></span> <span class='ocrx_word' id='word_1_206' title='bbox 997 2410 1056 2466; x_wconf 83' lang='lat' dir='ltr'><strong>aut</strong></span> <span class='ocrx_word' id='word_1_207' title='bbox 1076 2404 1182 2464; x_wconf 87' lang='lat' dir='ltr'><strong>similia</strong></span> <span class='ocrx_word' id='word_1_208' title='bbox 1204 2403 1385 2482; x_wconf 81' lang='lat' dir='ltr'><strong>&#39;participiis</strong></span> 
     </span>
    </p>
   </div>
   <div class='ocr_carea' id='block_1_3' title="bbox 30 2502 1466 3299">
    <p class='ocr_par' dir='ltr' id='par_1_3' title="bbox 30 2502 1466 3299">
     <span class='ocr_line' id='line_1_21' title="bbox 30 2502 1385 2586; baseline 0.007 -27"><span class='ocrx_word' id='word_1_209' title='bbox 30 2529 31 2576; x_wconf 57' lang='lat' dir='ltr'><strong>p</strong></span> <span class='ocrx_word' id='word_1_210' title='bbox 78 2502 215 2566; x_wconf 60' lang='lat' dir='ltr'><strong>athomina</strong></span> <span class='ocrx_word' id='word_1_211' title='bbox 232 2523 304 2583; x_wconf 78' lang='lat' dir='ltr'><strong>ergo</strong></span> <span class='ocrx_word' id='word_1_212' title='bbox 324 2507 443 2586; x_wconf 90' lang='lat' dir='ltr'><strong>propria</strong></span> <span class='ocrx_word' id='word_1_213' title='bbox 464 2506 605 2566; x_wconf 81' lang='lat' dir='ltr'><strong>feminina</strong></span> <span class='ocrx_word' id='word_1_214' title='bbox 626 2513 694 2566; x_wconf 87' lang='lat' dir='ltr'><strong>sunt</strong></span> <span class='ocrx_word' id='word_1_215' title='bbox 714 2507 830 2584; x_wconf 88' lang='lat' dir='ltr'><strong>primae</strong></span> <span class='ocrx_word' id='word_1_216' title='bbox 852 2503 1068 2575; x_wconf 89' lang='lat' dir='ltr'><strong>declinationis,</strong></span> <span class='ocrx_word' id='word_1_217' title='bbox 1093 2513 1126 2565; x_wconf 91' lang='lat' dir='ltr'><strong>nt</strong></span> <span class='ocrx_word' id='word_1_218' title='bbox 1140 2505 1231 2566; x_wconf 89' lang='lat' dir='ltr'><strong>Diana</strong></span> <span class='ocrx_word' id='word_1_219' title='bbox 1247 2504 1385 2585; x_wconf 87' lang='lat' dir='ltr'><strong>Calliopia</strong></span> 
     </span>
     <span class='ocr_line' id='line_1_22' title="bbox 30 2589 1385 2687; baseline 0.001 -23"><span class='ocrx_word' id='word_1_220' title='bbox 30 2589 32 2650; x_wconf 65' lang='grc' dir='ltr'>ἶ</span> <span class='ocrx_word' id='word_1_221' title='bbox 107 2604 221 2669; x_wconf 88' lang='lat' dir='ltr'><strong>llinerua</strong></span> <span class='ocrx_word' id='word_1_222' title='bbox 249 2607 372 2669; x_wconf 86' lang='lat' dir='ltr'><strong>Helena.</strong></span> <span class='ocrx_word' id='word_1_223' title='bbox 415 2608 488 2668; x_wconf 91' lang='lat' dir='ltr'><strong>ltem</strong></span> <span class='ocrx_word' id='word_1_224' title='bbox 518 2609 574 2667; x_wconf 79' lang='lat' dir='ltr'><strong>ora</strong></span> <span class='ocrx_word' id='word_1_225' title='bbox 602 2607 721 2667; x_wconf 88' lang='lat' dir='ltr'><strong>nomina</strong></span> <span class='ocrx_word' id='word_1_226' title='bbox 750 2609 865 2686; x_wconf 90' lang='lat' dir='ltr'><strong>primae</strong></span> <span class='ocrx_word' id='word_1_227' title='bbox 893 2605 1115 2682; x_wconf 88' lang='lat' dir='ltr'><strong>declinationis,</strong></span> <span class='ocrx_word' id='word_1_228' title='bbox 1140 2615 1174 2667; x_wconf 92' lang='lat' dir='ltr'><strong>ut</strong></span> <span class='ocrx_word' id='word_1_229' title='bbox 1200 2607 1274 2668; x_wconf 92' lang='lat' dir='ltr'><strong>haec</strong></span> <span class='ocrx_word' id='word_1_230' title='bbox 1302 2609 1385 2687; x_wconf 88' lang='lat' dir='ltr'><strong>copia</strong></span> 
     </span>
     <span class='ocr_line' id='line_1_23' title="bbox 30 2695 1466 2787; baseline 0.004 -22"><span class='ocrx_word' id='word_1_231' title='bbox 30 2707 31 2776; x_wconf 64' lang='grc' dir='ltr'>ἶ</span> <span class='ocrx_word' id='word_1_232' title='bbox 107 2707 168 2769; x_wconf 88' lang='lat' dir='ltr'><strong>lama</strong></span> <span class='ocrx_word' id='word_1_233' title='bbox 190 2708 280 2770; x_wconf 90' lang='lat' dir='ltr'><strong>barba</strong></span> <span class='ocrx_word' id='word_1_234' title='bbox 303 2711 381 2770; x_wconf 89' lang='lat' dir='ltr'><strong>oliua</strong></span> <span class='ocrx_word' id='word_1_235' title='bbox 398 2711 444 2770; x_wconf 94' lang='lat' dir='ltr'><strong>uia</strong></span> <span class='ocrx_word' id='word_1_236' title='bbox 469 2710 527 2770; x_wconf 90' lang='lat' dir='ltr'><strong>uita</strong></span> <span class='ocrx_word' id='word_1_237' title='bbox 552 2706 728 2786; x_wconf 82' lang='lat' dir='ltr'><strong>etreliqua:</strong></span> <span class='ocrx_word' id='word_1_238' title='bbox 752 2708 872 2770; x_wconf 88' lang='lat' dir='ltr'><strong>mobilia</strong></span> <span class='ocrx_word' id='word_1_239' title='bbox 896 2716 996 2770; x_wconf 87' lang='lat' dir='ltr'><strong>autem</strong></span> <span class='ocrx_word' id='word_1_240' title='bbox 1018 2710 1137 2770; x_wconf 90' lang='lat' dir='ltr'><strong>nomina</strong></span> <span class='ocrx_word' id='word_1_241' title='bbox 1159 2710 1272 2787; x_wconf 85' lang='lat' dir='ltr'><strong>primae</strong></span> <span class='ocrx_word' id='word_1_242' title='bbox 1295 2706 1386 2770; x_wconf 89' lang='lat' dir='ltr'><strong>decli·</strong></span> <span class='ocrx_word' id='word_1_243' title='bbox 1464 2695 1466 2702; x_wconf 47' lang='lat'><strong>¹</strong></span> 
     </span>
     <span class='ocr_line' id='line_1_24' title="bbox 108 2809 1385 2890; baseline 0.001 -23.885"><span class='ocrx_word' id='word_1_244' title='bbox 108 2811 218 2872; x_wconf 84' lang='lat' dir='ltr'><strong>nationis</strong></span> <span class='ocrx_word' id='word_1_245' title='bbox 240 2811 314 2873; x_wconf 90' lang='lat' dir='ltr'><strong>haec</strong></span> <span class='ocrx_word' id='word_1_246' title='bbox 336 2819 420 2882; x_wconf 90' lang='lat' dir='ltr'><strong>sunt,</strong></span> <span class='ocrx_word' id='word_1_247' title='bbox 443 2819 477 2872; x_wconf 91' lang='lat' dir='ltr'><strong>nt</strong></span> <span class='ocrx_word' id='word_1_248' title='bbox 497 2829 588 2890; x_wconf 87' lang='lat' dir='ltr'><strong>opaca</strong></span> <span class='ocrx_word' id='word_1_249' title='bbox 612 2809 690 2872; x_wconf 91' lang='lat' dir='ltr'><strong>nuda</strong></span> <span class='ocrx_word' id='word_1_250' title='bbox 713 2829 803 2874; x_wconf 90' lang='lat' dir='ltr'><strong>aurea</strong></span> <span class='ocrx_word' id='word_1_251' title='bbox 830 2811 896 2872; x_wconf 88' lang='lat' dir='ltr'><strong>ruia</strong></span> <span class='ocrx_word' id='word_1_252' title='bbox 919 2827 993 2889; x_wconf 83' lang='lat' dir='ltr'><strong>uaga</strong></span> <span class='ocrx_word' id='word_1_253' title='bbox 1017 2811 1064 2890; x_wconf 92' lang='lat' dir='ltr'><strong>pia</strong></span> <span class='ocrx_word' id='word_1_254' title='bbox 1087 2819 1166 2871; x_wconf 89' lang='lat' dir='ltr'><strong>casta</strong></span> <span class='ocrx_word' id='word_1_255' title='bbox 1188 2812 1263 2870; x_wconf 89' lang='lat' dir='ltr'><strong>iusta</strong></span> <span class='ocrx_word' id='word_1_256' title='bbox 1287 2818 1385 2871; x_wconf 86' lang='lat' dir='ltr'><strong>saneta</strong></span> 
     </span>
     <span class='ocr_line' id='line_1_25' title="bbox 107 2909 1385 2993; baseline 0.001 -24.886"><span class='ocrx_word' id='word_1_257' title='bbox 107 2913 221 2974; x_wconf 86' lang='lat' dir='ltr'><strong>arodesta</strong></span> <span class='ocrx_word' id='word_1_258' title='bbox 242 2915 329 2974; x_wconf 90' lang='lat' dir='ltr'><strong>docta</strong></span> <span class='ocrx_word' id='word_1_259' title='bbox 353 2915 483 2992; x_wconf 89' lang='lat' dir='ltr'><strong>perlecta</strong></span> <span class='ocrx_word' id='word_1_260' title='bbox 507 2911 682 2993; x_wconf 90' lang='lat' dir='ltr'><strong>etreliqua.</strong></span> <span class='ocrx_word' id='word_1_261' title='bbox 727 2912 800 2974; x_wconf 88' lang='lat' dir='ltr'><strong>ltem</strong></span> <span class='ocrx_word' id='word_1_262' title='bbox 823 2912 861 2974; x_wconf 90' lang='lat' dir='ltr'><strong>ab</strong></span> <span class='ocrx_word' id='word_1_263' title='bbox 883 2912 1007 2974; x_wconf 87' lang='lat' dir='ltr'><strong>adiectis</strong></span> <span class='ocrx_word' id='word_1_264' title='bbox 1029 2909 1261 2990; x_wconf 89' lang='lat' dir='ltr'><strong>incorporalium</strong></span> <span class='ocrx_word' id='word_1_265' title='bbox 1285 2929 1385 2972; x_wconf 89' lang='lat' dir='ltr'><strong>rerum</strong></span> 
     </span>
     <span class='ocr_line' id='line_1_26' title="bbox 30 3005 1381 3093; baseline 0.006 -27"><span class='ocrx_word' id='word_1_266' title='bbox 30 3005 32 3048; x_wconf 66' lang='lat' dir='ltr'><strong>t</strong></span> <span class='ocrx_word' id='word_1_267' title='bbox 81 3021 158 3072; x_wconf 74' lang='lat' dir='ltr'><strong>carta</strong></span> <span class='ocrx_word' id='word_1_268' title='bbox 179 3014 337 3082; x_wconf 85' lang='lat' dir='ltr'><strong>uocabula,</strong></span> <span class='ocrx_word' id='word_1_269' title='bbox 371 3022 403 3076; x_wconf 93' lang='lat' dir='ltr'><strong>ut</strong></span> <span class='ocrx_word' id='word_1_270' title='bbox 424 3015 498 3075; x_wconf 91' lang='lat' dir='ltr'><strong>haec</strong></span> <span class='ocrx_word' id='word_1_271' title='bbox 519 3015 628 3076; x_wconf 86' lang='lat' dir='ltr'><strong>institia</strong></span> <span class='ocrx_word' id='word_1_272' title='bbox 659 3013 794 3076; x_wconf 80' lang='lat' dir='ltr'><strong>doctrina</strong></span> <span class='ocrx_word' id='word_1_273' title='bbox 822 3013 977 3076; x_wconf 89' lang='lat' dir='ltr'><strong>clementia</strong></span> <span class='ocrx_word' id='word_1_274' title='bbox 1006 3013 1192 3093; x_wconf 88' lang='lat' dir='ltr'><strong>prouidentia</strong></span> <span class='ocrx_word' id='word_1_275' title='bbox 1221 3021 1251 3073; x_wconf 90' lang='lat' dir='ltr'><strong>et</strong></span> <span class='ocrx_word' id='word_1_276' title='bbox 1273 3023 1381 3074; x_wconf 89' lang='lat' dir='ltr'><strong>cetera.</strong></span> 
     </span>
     <span class='ocr_line' id='line_1_27' title="bbox 30 3110 1384 3196; baseline 0.006 -28"><span class='ocrx_word' id='word_1_277' title='bbox 30 3153 32 3168; x_wconf 90' lang='lat'><em>.</em></span> <span class='ocrx_word' id='word_1_278' title='bbox 108 3110 166 3176; x_wconf 90' lang='lat' dir='ltr'><strong>ltem</strong></span> <span class='ocrx_word' id='word_1_279' title='bbox 180 3119 332 3196; x_wconf 88' lang='lat' dir='ltr'><strong>partieipia</strong></span> <span class='ocrx_word' id='word_1_280' title='bbox 350 3119 502 3196; x_wconf 90' lang='lat' dir='ltr'><strong>praeteriti</strong></span> <span class='ocrx_word' id='word_1_281' title='bbox 518 3118 660 3196; x_wconf 89' lang='lat' dir='ltr'><strong>temporis</strong></span> <span class='ocrx_word' id='word_1_282' title='bbox 676 3117 818 3177; x_wconf 81' lang='lat' dir='ltr'><strong>feminina</strong></span> <span class='ocrx_word' id='word_1_283' title='bbox 835 3119 934 3178; x_wconf 87' lang='lat' dir='ltr'><strong>omnia</strong></span> <span class='ocrx_word' id='word_1_284' title='bbox 950 3117 1065 3196; x_wconf 88' lang='lat' dir='ltr'><strong>primae</strong></span> <span class='ocrx_word' id='word_1_285' title='bbox 1079 3123 1150 3177; x_wconf 91' lang='lat' dir='ltr'><strong>sunt</strong></span> <span class='ocrx_word' id='word_1_286' title='bbox 1166 3115 1384 3184; x_wconf 90' lang='lat' dir='ltr'><strong>declinationis,</strong></span> 
     </span>
     <span class='ocr_line' id='line_1_28' title="bbox 30 3216 1385 3299; baseline 0.004 -27"><span class='ocrx_word' id='word_1_287' title='bbox 30 3231 32 3260; x_wconf 88' lang='lat'><em>=</em></span> <span class='ocrx_word' id='word_1_288' title='bbox 108 3223 133 3273; x_wconf 89' lang='lat' dir='ltr'><strong>ot</strong></span> <span class='ocrx_word' id='word_1_289' title='bbox 145 3216 208 3279; x_wconf 91' lang='lat' dir='ltr'><strong>haec</strong></span> <span class='ocrx_word' id='word_1_290' title='bbox 224 3227 319 3280; x_wconf 89' lang='lat' dir='ltr'><strong>amata</strong></span> <span class='ocrx_word' id='word_1_291' title='bbox 335 3217 421 3279; x_wconf 89' lang='lat' dir='ltr'><strong>docta</strong></span> <span class='ocrx_word' id='word_1_292' title='bbox 437 3217 513 3280; x_wconf 89' lang='lat' dir='ltr'><strong>lecta</strong></span> <span class='ocrx_word' id='word_1_293' title='bbox 528 3219 637 3289; x_wconf 90' lang='lat' dir='ltr'><strong>andita,</strong></span> <span class='ocrx_word' id='word_1_294' title='bbox 648 3227 678 3280; x_wconf 90' lang='lat' dir='ltr'><strong>et</strong></span> <span class='ocrx_word' id='word_1_295' title='bbox 693 3221 791 3280; x_wconf 93' lang='lat' dir='ltr'><strong>omnia</strong></span> <span class='ocrx_word' id='word_1_296' title='bbox 808 3219 961 3299; x_wconf 89' lang='lat' dir='ltr'><strong>participia</strong></span> <span class='ocrx_word' id='word_1_297' title='bbox 977 3219 1119 3279; x_wconf 90' lang='lat' dir='ltr'><strong>leminina</strong></span> <span class='ocrx_word' id='word_1_298' title='bbox 1135 3219 1225 3280; x_wconf 91' lang='lat' dir='ltr'><strong>inturi</strong></span> <span class='ocrx_word' id='word_1_299' title='bbox 1242 3218 1385 3296; x_wconf 84' lang='lat' dir='ltr'><strong>temporis</strong></span> 
     </span>
    </p>
   </div>
   <div class='ocr_carea' id='block_1_4' title="bbox 109 3319 1383 3400">
    <p class='ocr_par' dir='ltr' id='par_1_4' title="bbox 109 3319 1383 3400">
     <span class='ocr_line' id='line_1_29' title="bbox 109 3319 1383 3400; baseline 0.005 -27"><span class='ocrx_word' id='word_1_300' title='bbox 109 3319 203 3392; x_wconf 73' lang='lat' dir='ltr'><strong>pinnae</strong></span> <span class='ocrx_word' id='word_1_301' title='bbox 216 3329 288 3382; x_wconf 89' lang='lat' dir='ltr'><strong>sunt</strong></span> <span class='ocrx_word' id='word_1_302' title='bbox 303 3320 520 3392; x_wconf 88' lang='lat' dir='ltr'><strong>declinationis,</strong></span> <span class='ocrx_word' id='word_1_303' title='bbox 532 3330 563 3383; x_wconf 91' lang='lat' dir='ltr'><strong>ut</strong></span> <span class='ocrx_word' id='word_1_304' title='bbox 578 3321 652 3382; x_wconf 91' lang='lat' dir='ltr'><strong>haec</strong></span> <span class='ocrx_word' id='word_1_305' title='bbox 667 3322 814 3400; x_wconf 90' lang='lat' dir='ltr'><strong>scriptura</strong></span> <span class='ocrx_word' id='word_1_306' title='bbox 830 3327 934 3382; x_wconf 91' lang='lat' dir='ltr'><strong>natura</strong></span> <span class='ocrx_word' id='word_1_307' title='bbox 951 3338 1089 3381; x_wconf 87' lang='lat' dir='ltr'><strong>mensura</strong></span> <span class='ocrx_word' id='word_1_308' title='bbox 1106 3329 1243 3382; x_wconf 87' lang='lat' dir='ltr'><strong>ereatura</strong></span> <span class='ocrx_word' id='word_1_309' title='bbox 1259 3321 1383 3398; x_wconf 90' lang='lat' dir='ltr'><strong>pictura.</strong></span> 
     </span>
    </p>
   </div>
   <div class='ocr_carea' id='block_1_5' title="bbox 30 3415 1384 3502">
    <p class='ocr_par' dir='ltr' id='par_1_5' title="bbox 30 3415 1384 3502">
     <span class='ocr_line' id='line_1_30' title="bbox 30 3415 1384 3502; baseline 0.006 -27"><span class='ocrx_word' id='word_1_310' title='bbox 30 3419 31 3426; x_wconf 75' lang='grc'>’</span> <span class='ocrx_word' id='word_1_311' title='bbox 109 3415 168 3480; x_wconf 86' lang='lat' dir='ltr'><strong>lton</strong></span> <span class='ocrx_word' id='word_1_312' title='bbox 182 3425 354 3502; x_wconf 91' lang='lat' dir='ltr'><strong>pronomina</strong></span> <span class='ocrx_word' id='word_1_313' title='bbox 370 3425 538 3502; x_wconf 88' lang='lat' dir='ltr'><strong>possosslua</strong></span> <span class='ocrx_word' id='word_1_314' title='bbox 554 3424 687 3484; x_wconf 80' lang='lat' dir='ltr'><strong>feminini</strong></span> <span class='ocrx_word' id='word_1_315' title='bbox 702 3423 821 3502; x_wconf 81' lang='lat' dir='ltr'><strong>generis</strong></span> <span class='ocrx_word' id='word_1_316' title='bbox 836 3423 948 3502; x_wconf 92' lang='lat' dir='ltr'><strong>primae</strong></span> <span class='ocrx_word' id='word_1_317' title='bbox 964 3431 1033 3483; x_wconf 91' lang='lat' dir='ltr'><strong>sunt</strong></span> <span class='ocrx_word' id='word_1_318' title='bbox 1049 3423 1263 3492; x_wconf 89' lang='lat' dir='ltr'><strong>declinationis,</strong></span> <span class='ocrx_word' id='word_1_319' title='bbox 1276 3429 1309 3482; x_wconf 93' lang='lat' dir='ltr'><strong>ut</strong></span> <span class='ocrx_word' id='word_1_320' title='bbox 1321 3440 1384 3483; x_wconf 89' lang='lat' dir='ltr'><strong>mea</strong></span> 
     </span>
    </p>
   </div>
   <div class='ocr_carea' id='block_1_6' title="bbox 83 3522 1385 3911">
    <p class='ocr_par' dir='ltr' id='par_1_6' title="bbox 83 3522 1385 3911">
     <span class='ocr_line' id='line_1_31' title="bbox 83 3522 1385 3603; baseline 0.005 -27"><span class='ocrx_word' id='word_1_321' title='bbox 83 3527 147 3580; x_wconf 71' lang='lat' dir='ltr'><strong>artua</strong></span> <span class='ocrx_word' id='word_1_322' title='bbox 160 3540 204 3584; x_wconf 84' lang='lat' dir='ltr'><strong>sua</strong></span> <span class='ocrx_word' id='word_1_323' title='bbox 219 3533 320 3586; x_wconf 87' lang='lat' dir='ltr'><strong>nostra</strong></span> <span class='ocrx_word' id='word_1_324' title='bbox 344 3533 454 3594; x_wconf 90' lang='lat' dir='ltr'><strong>uestra,</strong></span> <span class='ocrx_word' id='word_1_325' title='bbox 478 3531 508 3585; x_wconf 90' lang='lat' dir='ltr'><strong>et</strong></span> <span class='ocrx_word' id='word_1_326' title='bbox 522 3526 620 3585; x_wconf 90' lang='lat' dir='ltr'><strong>omnia</strong></span> <span class='ocrx_word' id='word_1_327' title='bbox 636 3525 755 3586; x_wconf 90' lang='lat' dir='ltr'><strong>nomina</strong></span> <span class='ocrx_word' id='word_1_328' title='bbox 771 3525 911 3586; x_wconf 79' lang='lat' dir='ltr'><strong>feminina</strong></span> <span class='ocrx_word' id='word_1_329' title='bbox 934 3524 1114 3603; x_wconf 89' lang='lat' dir='ltr'><strong>superlatiua</strong></span> <span class='ocrx_word' id='word_1_330' title='bbox 1136 3527 1168 3586; x_wconf 92' lang='lat' dir='ltr'><strong>iu</strong></span> <span class='ocrx_word' id='word_1_331' title='bbox 1188 3543 1204 3584; x_wconf 93' lang='lat' dir='ltr'><strong>a</strong></span> <span class='ocrx_word' id='word_1_332' title='bbox 1221 3522 1385 3584; x_wconf 87' lang='lat' dir='ltr'><strong>desinentia</strong></span> 
     </span>
     <span class='ocr_line' id='line_1_32' title="bbox 110 3623 1384 3707; baseline 0.004 -26"><span class='ocrx_word' id='word_1_333' title='bbox 110 3623 201 3698; x_wconf 89' lang='lat' dir='ltr'><strong>primae</strong></span> <span class='ocrx_word' id='word_1_334' title='bbox 221 3636 291 3689; x_wconf 87' lang='lat' dir='ltr'><strong>sunt</strong></span> <span class='ocrx_word' id='word_1_335' title='bbox 307 3626 520 3697; x_wconf 89' lang='lat' dir='ltr'><strong>declinationis,</strong></span> <span class='ocrx_word' id='word_1_336' title='bbox 546 3635 575 3688; x_wconf 91' lang='lat' dir='ltr'><strong>ot</strong></span> <span class='ocrx_word' id='word_1_337' title='bbox 592 3627 665 3687; x_wconf 89' lang='lat' dir='ltr'><strong>haee</strong></span> <span class='ocrx_word' id='word_1_338' title='bbox 688 3625 856 3688; x_wconf 86' lang='lat' dir='ltr'><strong>doctissima</strong></span> <span class='ocrx_word' id='word_1_339' title='bbox 870 3628 1031 3688; x_wconf 80' lang='lat' dir='ltr'><strong>lentissima</strong></span> <span class='ocrx_word' id='word_1_340' title='bbox 1056 3627 1270 3707; x_wconf 84' lang='lat' dir='ltr'><strong>sapientissima</strong></span> <span class='ocrx_word' id='word_1_341' title='bbox 1294 3624 1384 3686; x_wconf 91' lang='lat' dir='ltr'><strong>dilcc-</strong></span> 
     </span>
     <span class='ocr_line' id='line_1_33' title="bbox 110 3723 1384 3808; baseline 0.005 -27"><span class='ocrx_word' id='word_1_342' title='bbox 110 3723 201 3788; x_wconf 84' lang='lat' dir='ltr'><strong>tissima</strong></span> <span class='ocrx_word' id='word_1_343' title='bbox 231 3730 383 3789; x_wconf 86' lang='lat' dir='ltr'><strong>carissima</strong></span> <span class='ocrx_word' id='word_1_344' title='bbox 418 3731 577 3790; x_wconf 90' lang='lat' dir='ltr'><strong>tenerrima</strong></span> <span class='ocrx_word' id='word_1_345' title='bbox 618 3727 815 3808; x_wconf 89' lang='lat' dir='ltr'><strong>pulcherrima</strong></span> <span class='ocrx_word' id='word_1_346' title='bbox 851 3729 1140 3808; x_wconf 78' lang='lat' dir='ltr'><strong>magnificentissima</strong></span> <span class='ocrx_word' id='word_1_347' title='bbox 1173 3727 1384 3806; x_wconf 78' lang='lat' dir='ltr'><strong>gloriosissima</strong></span> 
     </span>
     <span class='ocr_line' id='line_1_34' title="bbox 109 3827 1384 3911; baseline 0.005 -29"><span class='ocrx_word' id='word_1_348' title='bbox 109 3827 285 3892; x_wconf 81' lang='lat' dir='ltr'><strong>excelsissima</strong></span> <span class='ocrx_word' id='word_1_349' title='bbox 309 3832 472 3891; x_wconf 86' lang='lat' dir='ltr'><strong>castissima</strong></span> <span class='ocrx_word' id='word_1_350' title='bbox 496 3833 608 3911; x_wconf 87' lang='lat' dir='ltr'><strong>optima</strong></span> <span class='ocrx_word' id='word_1_351' title='bbox 630 3833 760 3911; x_wconf 88' lang='lat' dir='ltr'><strong>pessima</strong></span> <span class='ocrx_word' id='word_1_352' title='bbox 775 3831 962 3892; x_wconf 88' lang='lat' dir='ltr'><strong>sanctissima</strong></span> <span class='ocrx_word' id='word_1_353' title='bbox 978 3839 1007 3892; x_wconf 90' lang='lat' dir='ltr'><strong>ot</strong></span> <span class='ocrx_word' id='word_1_354' title='bbox 1023 3837 1122 3890; x_wconf 83' lang='lat' dir='ltr'><strong>cetera</strong></span> <span class='ocrx_word' id='word_1_355' title='bbox 1145 3829 1384 3891; x_wconf 85' lang='lat' dir='ltr'><strong>innumerabilia.</strong></span> 
     </span>
    </p>
   </div>
   <div class='ocr_carea' id='block_1_7' title="bbox 33 3916 1386 4011">
    <p class='ocr_par' dir='ltr' id='par_1_7' title="bbox 33 3916 1386 4011">
     <span class='ocr_line' id='line_1_35' title="bbox 33 3916 1386 4011; baseline 0.004 -25"><span class='ocrx_word' id='word_1_356' title='bbox 33 3916 37 3959; x_wconf 67' lang='lat'>³</span> <span class='ocrx_word' id='word_1_357' title='bbox 111 3924 169 3990; x_wconf 74' lang='lat' dir='ltr'><strong>lum</strong></span> <span class='ocrx_word' id='word_1_358' title='bbox 189 3935 304 3994; x_wconf 92' lang='lat' dir='ltr'><strong>nomina</strong></span> <span class='ocrx_word' id='word_1_359' title='bbox 327 3934 479 3994; x_wconf 91' lang='lat' dir='ltr'><strong>ciuitatum</strong></span> <span class='ocrx_word' id='word_1_360' title='bbox 494 3931 542 3993; x_wconf 90' lang='lat' dir='ltr'><strong>nel</strong></span> <span class='ocrx_word' id='word_1_361' title='bbox 561 3933 717 4011; x_wconf 82' lang='lat' dir='ltr'><strong>regionum</strong></span> <span class='ocrx_word' id='word_1_362' title='bbox 740 3933 883 3994; x_wconf 90' lang='lat' dir='ltr'><strong>leminina</strong></span> <span class='ocrx_word' id='word_1_363' title='bbox 907 3933 936 3994; x_wconf 94' lang='lat' dir='ltr'><strong>in</strong></span> <span class='ocrx_word' id='word_1_364' title='bbox 960 3931 1157 3994; x_wconf 89' lang='lat' dir='ltr'><strong>adesinentia</strong></span> <span class='ocrx_word' id='word_1_365' title='bbox 1181 3934 1293 4010; x_wconf 90' lang='lat' dir='ltr'><strong>primae</strong></span> <span class='ocrx_word' id='word_1_366' title='bbox 1316 3939 1386 3992; x_wconf 88' lang='lat' dir='ltr'><strong>sunt</strong></span> 
     </span>
    </p>
   </div>
   <div class='ocr_carea' id='block_1_8' title="bbox 86 4026 1384 4216">
    <p class='ocr_par' dir='ltr' id='par_1_8' title="bbox 86 4026 1384 4216">
     <span class='ocr_line' id='line_1_36' title="bbox 86 4026 1384 4111; baseline 0.002 -22"><span class='ocrx_word' id='word_1_367' title='bbox 86 4026 303 4107; x_wconf 69' lang='lat' dir='ltr'><strong>stramiacus,</strong></span> <span class='ocrx_word' id='word_1_368' title='bbox 320 4044 353 4096; x_wconf 93' lang='lat' dir='ltr'><strong>ut</strong></span> <span class='ocrx_word' id='word_1_369' title='bbox 368 4035 442 4096; x_wconf 85' lang='lat' dir='ltr'><strong>lraec</strong></span> <span class='ocrx_word' id='word_1_370' title='bbox 457 4035 559 4111; x_wconf 75' lang='lat' dir='ltr'><strong>homa,</strong></span> <span class='ocrx_word' id='word_1_371' title='bbox 577 4034 652 4095; x_wconf 89' lang='lat' dir='ltr'><strong>haee</strong></span> <span class='ocrx_word' id='word_1_372' title='bbox 667 4035 819 4104; x_wconf 82' lang='lat' dir='ltr'><strong>Caesario,</strong></span> <span class='ocrx_word' id='word_1_373' title='bbox 843 4035 917 4096; x_wconf 89' lang='lat' dir='ltr'><strong>haec</strong></span> <span class='ocrx_word' id='word_1_374' title='bbox 933 4033 1080 4105; x_wconf 85' lang='lat' dir='ltr'><strong>Samaria,</strong></span> <span class='ocrx_word' id='word_1_375' title='bbox 1104 4035 1185 4095; x_wconf 85' lang='lat' dir='ltr'><strong>Vtica</strong></span> <span class='ocrx_word' id='word_1_376' title='bbox 1209 4031 1384 4094; x_wconf 76' lang='lat' dir='ltr'><strong>Alexandria</strong></span> 
     </span>
     <span class='ocr_line' id='line_1_37' title="bbox 114 4127 1383 4216; baseline 0 -25"><span class='ocrx_word' id='word_1_377' title='bbox 114 4127 246 4211; x_wconf 78' lang='lat' dir='ltr'><strong>Babylonia</strong></span> <span class='ocrx_word' id='word_1_378' title='bbox 261 4140 284 4211; x_wconf 87' lang='lat'>†</span> <span class='ocrx_word' id='word_1_379' title='bbox 300 4137 403 4198; x_wconf 90' lang='lat' dir='ltr'><strong>ellrota</strong></span> <span class='ocrx_word' id='word_1_380' title='bbox 421 4137 614 4216; x_wconf 89' lang='lat' dir='ltr'><strong>Cappadocia.</strong></span> <span class='ocrx_word' id='word_1_381' title='bbox 661 4136 734 4197; x_wconf 88' lang='lat' dir='ltr'><strong>ltem</strong></span> <span class='ocrx_word' id='word_1_382' title='bbox 755 4137 828 4198; x_wconf 90' lang='lat' dir='ltr'><strong>haee</strong></span> <span class='ocrx_word' id='word_1_383' title='bbox 844 4138 927 4206; x_wconf 79' lang='lat' dir='ltr'><strong>Asia,</strong></span> <span class='ocrx_word' id='word_1_384' title='bbox 943 4137 1025 4216; x_wconf 81' lang='lat' dir='ltr'><strong>Syria</strong></span> <span class='ocrx_word' id='word_1_385' title='bbox 1042 4135 1148 4195; x_wconf 87' lang='lat' dir='ltr'><strong>iudaea</strong></span> <span class='ocrx_word' id='word_1_386' title='bbox 1163 4133 1270 4196; x_wconf 78' lang='lat' dir='ltr'><strong>Arabia</strong></span> <span class='ocrx_word' id='word_1_387' title='bbox 1286 4134 1383 4195; x_wconf 80' lang='lat' dir='ltr'><strong>diriaa</strong></span> 
     </span>
    </p>
   </div>
   <div class='ocr_carea' id='block_1_9' title="bbox 114 4263 148 4274">
    <p class='ocr_par' dir='ltr' id='par_1_9' title="bbox 114 4263 148 4274">
     <span class='ocr_line' id='line_1_38' title="bbox 114 4263 148 4274; baseline 0 -2"><span class='ocrx_word' id='word_1_388' title='bbox 114 4263 148 4274; x_wconf 69' lang='grc' dir='ltr'>ιι...</span> 
     </span>
    </p>
   </div>
   <div class='ocr_carea' id='block_1_10' title="bbox 112 4353 1384 4494">
    <p class='ocr_par' dir='ltr' id='par_1_10' title="bbox 112 4353 1384 4494">
     <span class='ocr_line' id='line_1_39' title="bbox 165 4353 1383 4424; baseline 0 -19"><span class='ocrx_word' id='word_1_389' title='bbox 165 4357 248 4407; x_wconf 89' lang='lat' dir='ltr'><strong>itcrai</strong></span> <span class='ocrx_word' id='word_1_390' title='bbox 266 4353 370 4408; x_wconf 85' lang='lat' dir='ltr'><strong>miliciai</strong></span> <span class='ocrx_word' id='word_1_391' title='bbox 405 4358 619 4424; x_wconf 75' lang='lat' dir='ltr'><strong>encneanobisee</strong></span> <span class='ocrx_word' id='word_1_392' title='bbox 671 4356 787 4408; x_wconf 66' lang='lat' dir='ltr'><strong>danicae</strong></span> <span class='ocrx_word' id='word_1_393' title='bbox 839 4353 957 4422; x_wconf 72' lang='lat' dir='ltr'><strong>spoleta</strong></span> <span class='ocrx_word' id='word_1_394' title='bbox 1008 4355 1205 4407; x_wconf 72' lang='lat' dir='ltr'><strong>tmusonlinnm</strong></span> <span class='ocrx_word' id='word_1_395' title='bbox 1252 4355 1383 4421; x_wconf 79' lang='lat' dir='ltr'><strong>bpoheta‚</strong></span> 
     </span>
     <span class='ocr_line' id='line_1_40' title="bbox 112 4418 1384 4494; baseline -0.001 -19"><span class='ocrx_word' id='word_1_396' title='bbox 112 4418 259 4490; x_wconf 74' lang='lat' dir='ltr'><strong>tcrereaper</strong></span> <span class='ocrx_word' id='word_1_397' title='bbox 310 4428 453 4492; x_wconf 85' lang='lat' dir='ltr'><strong>‘lopoete</strong></span> <span class='ocrx_word' id='word_1_398' title='bbox 499 4427 534 4476; x_wconf 92' lang='lat' dir='ltr'><strong>hii</strong></span> <span class='ocrx_word' id='word_1_399' title='bbox 553 4426 645 4492; x_wconf 84' lang='lat' dir='ltr'><strong>polrote</strong></span> <span class='ocrx_word' id='word_1_400' title='bbox 663 4425 771 4476; x_wconf 89' lang='lat' dir='ltr'><strong>boarum</strong></span> <span class='ocrx_word' id='word_1_401' title='bbox 824 4424 1231 4494; x_wconf 32' lang='lat' dir='ltr'><strong>tllricprophotahiopropheta·</strong></span> <span class='ocrx_word' id='word_1_402' title='bbox 1274 4427 1305 4474; x_wconf 93' lang='grc'><strong>10</strong></span> <span class='ocrx_word' id='word_1_403' title='bbox 1323 4439 1384 4474; x_wconf 80' lang='lat' dir='ltr'><strong>aare·</strong></span> 
     </span>
    </p>
   </div>
   <div class='ocr_carea' id='block_1_11' title="bbox 114 4497 1385 4934">
    <p class='ocr_par' dir='ltr' id='par_1_11' title="bbox 114 4497 1385 4934">
     <span class='ocr_line' id='line_1_41' title="bbox 114 4497 1384 4593; baseline 0.009 -28"><span class='ocrx_word' id='word_1_404' title='bbox 114 4517 177 4572; x_wconf 82' lang='lat' dir='ltr'><strong>tlrleea</strong></span> <span class='ocrx_word' id='word_1_405' title='bbox 206 4526 348 4592; x_wconf 70' lang='lat' dir='ltr'><strong>agonitlecn</strong></span> <span class='ocrx_word' id='word_1_406' title='bbox 388 4526 522 4593; x_wconf 86' lang='lat' dir='ltr'><strong>colosista]</strong></span> <span class='ocrx_word' id='word_1_407' title='bbox 543 4530 601 4578; x_wconf 85' lang='lat' dir='ltr'><strong>An:</strong></span> <span class='ocrx_word' id='word_1_408' title='bbox 620 4526 767 4578; x_wconf 79' lang='lat' dir='ltr'><strong>Colossitai</strong></span> <span class='ocrx_word' id='word_1_409' title='bbox 786 4526 900 4577; x_wconf 85' lang='lat' dir='ltr'><strong>irllrelltu</strong></span> <span class='ocrx_word' id='word_1_410' title='bbox 953 4530 983 4577; x_wconf 92' lang='grc'><strong>11</strong></span> <span class='ocrx_word' id='word_1_411' title='bbox 1002 4528 1123 4591; x_wconf 77' lang='lat' dir='ltr'><strong>cytaristo</strong></span> <span class='ocrx_word' id='word_1_412' title='bbox 1158 4497 1384 4576; x_wconf 61' lang='lat' dir='ltr'><strong>lem&#39;fbanemina</strong></span> 
     </span>
     <span class='ocr_line' id='line_1_42' title="bbox 115 4589 1350 4648; baseline 0.005 -10"><span class='ocrx_word' id='word_1_413' title='bbox 115 4589 275 4646; x_wconf 75' lang='lat' dir='ltr'><strong>lldcclinatnr</strong></span> <span class='ocrx_word' id='word_1_414' title='bbox 326 4599 358 4648; x_wconf 84' lang='lat'><strong>13</strong></span> <span class='ocrx_word' id='word_1_415' title='bbox 370 4598 401 4647; x_wconf 85' lang='lat' dir='ltr'><strong>ab</strong></span> <span class='ocrx_word' id='word_1_416' title='bbox 414 4597 480 4646; x_wconf 85' lang='lat' dir='ltr'><strong>hanc</strong></span> <span class='ocrx_word' id='word_1_417' title='bbox 525 4611 597 4646; x_wconf 87' lang='lat' dir='ltr'><strong>erum</strong></span> <span class='ocrx_word' id='word_1_418' title='bbox 650 4597 683 4646; x_wconf 78' lang='lat'><strong>14</strong></span> <span class='ocrx_word' id='word_1_419' title='bbox 700 4595 854 4646; x_wconf 75' lang='lat' dir='ltr'><strong>declinaltur</strong></span> <span class='ocrx_word' id='word_1_420' title='bbox 905 4597 937 4645; x_wconf 80' lang='lat'><strong>15</strong></span> <span class='ocrx_word' id='word_1_421' title='bbox 955 4596 1056 4644; x_wconf 87' lang='lat' dir='ltr'><strong>iusticia</strong></span> <span class='ocrx_word' id='word_1_422' title='bbox 1109 4597 1139 4644; x_wconf 85' lang='lat' dir='ltr'><strong>l&#39;l</strong></span> <span class='ocrx_word' id='word_1_423' title='bbox 1158 4595 1350 4644; x_wconf 64' lang='lat' dir='ltr'><strong>innumerabilia</strong></span> 
     </span>
     <span class='ocr_line' id='line_1_43' title="bbox 115 4655 1385 4730; baseline 0.007 -26"><span class='ocrx_word' id='word_1_424' title='bbox 115 4655 199 4708; x_wconf 66' lang='lat' dir='ltr'><strong>iutellet‘</strong></span> <span class='ocrx_word' id='word_1_425' title='bbox 245 4667 276 4716; x_wconf 88' lang='grc'><strong>18</strong></span> <span class='ocrx_word' id='word_1_426' title='bbox 294 4675 322 4714; x_wconf 93' lang='lat' dir='ltr'><strong>ut</strong></span> <span class='ocrx_word' id='word_1_427' title='bbox 339 4665 391 4714; x_wconf 84' lang='lat' dir='ltr'><strong>ilxo</strong></span> <span class='ocrx_word' id='word_1_428' title='bbox 443 4675 487 4715; x_wconf 88' lang='lat' dir='ltr'><strong>aut</strong></span> <span class='ocrx_word' id='word_1_429' title='bbox 505 4666 536 4714; x_wconf 88' lang='lat' dir='ltr'><strong>ab</strong></span> <span class='ocrx_word' id='word_1_430' title='bbox 554 4659 672 4730; x_wconf 76' lang='lat' dir='ltr'><strong>adiectis}</strong></span> <span class='ocrx_word' id='word_1_431' title='bbox 692 4665 779 4714; x_wconf 83' lang='lat' dir='ltr'><strong>eiectis</strong></span> <span class='ocrx_word' id='word_1_432' title='bbox 832 4667 864 4714; x_wconf 85' lang='lat' dir='ltr'><strong>lil</strong></span> <span class='ocrx_word' id='word_1_433' title='bbox 881 4660 932 4714; x_wconf 72' lang='lat' dir='ltr'><strong>oui</strong></span> <span class='ocrx_word' id='word_1_434' title='bbox 948 4663 1082 4729; x_wconf 85' lang='lat' dir='ltr'><strong>participia</strong></span> <span class='ocrx_word' id='word_1_435' title='bbox 1134 4660 1181 4712; x_wconf 84' lang='lat' dir='ltr'><strong>aui</strong></span> <span class='ocrx_word' id='word_1_436' title='bbox 1198 4661 1292 4713; x_wconf 86' lang='lat' dir='ltr'><strong>similia</strong></span> <span class='ocrx_word' id='word_1_437' title='bbox 1351 4665 1385 4714; x_wconf 80' lang='lat'><strong>20</strong></span> 
     </span>
     <span class='ocr_line' id='line_1_44' title="bbox 115 4720 1383 4798; baseline 0.007 -28"><span class='ocrx_word' id='word_1_438' title='bbox 115 4720 286 4796; x_wconf 82' lang='lat' dir='ltr'><strong>deanacallipia</strong></span> <span class='ocrx_word' id='word_1_439' title='bbox 353 4735 383 4782; x_wconf 78' lang='grc'><strong>21</strong></span> <span class='ocrx_word' id='word_1_440' title='bbox 405 4733 475 4782; x_wconf 88' lang='lat' dir='ltr'><strong>elena</strong></span> <span class='ocrx_word' id='word_1_441' title='bbox 527 4735 561 4784; x_wconf 76' lang='lat'><strong>23</strong></span> <span class='ocrx_word' id='word_1_442' title='bbox 579 4731 659 4798; x_wconf 73' lang='lat' dir='ltr'><strong>opaca</strong></span> <span class='ocrx_word' id='word_1_443' title='bbox 711 4733 775 4781; x_wconf 87' lang='lat' dir='ltr'><strong>rulln</strong></span> <span class='ocrx_word' id='word_1_444' title='bbox 826 4734 861 4782; x_wconf 78' lang='lat' dir='ltr'><strong>at</strong></span> <span class='ocrx_word' id='word_1_445' title='bbox 878 4733 910 4781; x_wconf 88' lang='lat' dir='ltr'><strong>ab</strong></span> <span class='ocrx_word' id='word_1_446' title='bbox 929 4733 969 4780; x_wconf 89' lang='lat' dir='ltr'><strong>ndi</strong></span> <span class='ocrx_word' id='word_1_447' title='bbox 990 4731 1070 4798; x_wconf 70' lang='lat' dir='ltr'><strong>boetis</strong></span> <span class='ocrx_word' id='word_1_448' title='bbox 1122 4733 1155 4780; x_wconf 76' lang='lat'><strong>25</strong></span> <span class='ocrx_word' id='word_1_449' title='bbox 1174 4743 1229 4782; x_wconf 89' lang='lat' dir='ltr'><strong>orto</strong></span> <span class='ocrx_word' id='word_1_450' title='bbox 1283 4733 1383 4782; x_wconf 86' lang='lat' dir='ltr'><strong>iusticia</strong></span> 
     </span>
     <span class='ocr_line' id='line_1_45' title="bbox 153 4799 1383 4866; baseline 0.004 -23"><span class='ocrx_word' id='word_1_451' title='bbox 153 4807 247 4847; x_wconf 81' lang='lat' dir='ltr'><strong>ceterum</strong></span> <span class='ocrx_word' id='word_1_452' title='bbox 330 4805 364 4852; x_wconf 84' lang='lat'><strong>30</strong></span> <span class='ocrx_word' id='word_1_453' title='bbox 381 4801 509 4851; x_wconf 78' lang='lat' dir='ltr'><strong>sublatius</strong></span> <span class='ocrx_word' id='word_1_454' title='bbox 594 4804 627 4852; x_wconf 86' lang='grc'><strong>33</strong></span> <span class='ocrx_word' id='word_1_455' title='bbox 645 4801 741 4866; x_wconf 83' lang='lat' dir='ltr'><strong>aprima</strong></span> <span class='ocrx_word' id='word_1_456' title='bbox 826 4803 859 4850; x_wconf 83' lang='lat'><strong>35</strong></span> <span class='ocrx_word' id='word_1_457' title='bbox 877 4801 989 4849; x_wconf 85' lang='lat' dir='ltr'><strong>cessaria</strong></span> <span class='ocrx_word' id='word_1_458' title='bbox 1045 4799 1177 4849; x_wconf 81' lang='lat' dir='ltr'><strong>alexandri</strong></span> <span class='ocrx_word' id='word_1_459' title='bbox 1195 4817 1228 4851; x_wconf 83' lang='lat' dir='ltr'><strong>ex</strong></span> <span class='ocrx_word' id='word_1_460' title='bbox 1247 4801 1383 4866; x_wconf 72' lang='lat' dir='ltr'><strong>babylonia</strong></span> 
     </span>
     <span class='ocr_line' id='line_1_46' title="bbox 117 4858 820 4934; baseline -0.003 -15"><span class='ocrx_word' id='word_1_461' title='bbox 117 4858 185 4912; x_wconf 77' lang='lat' dir='ltr'><strong>tlirem</strong></span> <span class='ocrx_word' id='word_1_462' title='bbox 246 4869 276 4918; x_wconf 78' lang='lat'><strong>36</strong></span> <span class='ocrx_word' id='word_1_463' title='bbox 294 4870 428 4934; x_wconf 83' lang='lat' dir='ltr'><strong>rapadotia</strong></span> <span class='ocrx_word' id='word_1_464' title='bbox 497 4871 528 4920; x_wconf 81' lang='lat'><strong>3‘1</strong></span> <span class='ocrx_word' id='word_1_465' title='bbox 548 4883 621 4932; x_wconf 75' lang='lat' dir='ltr'><strong>sprec</strong></span> <span class='ocrx_word' id='word_1_466' title='bbox 640 4869 715 4917; x_wconf 88' lang='lat' dir='ltr'><strong>inden</strong></span> <span class='ocrx_word' id='word_1_467' title='bbox 733 4867 820 4917; x_wconf 85' lang='lat' dir='ltr'><strong>erarria</strong></span> 
     </span>
    </p>
   </div>
   <div class='ocr_carea' id='block_1_12' title="bbox 0 0 1662 5566">
    <p class='ocr_par' dir='ltr' id='par_1_12' title="bbox 0 0 1662 5566">
     <span class='ocr_line' id='line_1_47' title="bbox 0 0 1662 5566; baseline 0 0"><span class='ocrx_word' id='word_1_468' title='bbox 0 0 1662 5566; x_wconf 95' lang='lat' dir='ltr'><strong> </strong></span> 
     </span>
    </p>
   </div>
  </div>
 </body>
</html>
