3560 5574
323 381 385 446 306
629 381 819 434 ruccones
837 380 1003 433 anonam
1021 381 1070 430 na
1088 363 1260 432 cinnamo
1278 381 1309 432 n.

323 575 392 654 quia
415 572 451 634 de
474 574 568 652 patris
595 570 759 634 substantia
786 578 854 632 ante
882 572 979 632 omnia
1002 577 1135 650 tempora
1158 571 1279 647 genitus
1301 574 1332 629 et
1353 568 1475 648 spiritus
1497 573 1624 628 sauctus

240 685 242 690 '
323 675 359 736 ab
382 676 517 754 utrisque
539 673 707 755 procedens
728 692 787 736 non
810 681 933 735 naturae
956 681 1000 734 est
1022 670 1219 741 mutabilitas,
1248 670 1299 732 sed
1328 687 1523 750 personarum
1547 689 1624 730 con·

323 777 547 840 cordantissima
571 777 737 838 diuersitas.

406 879 439 940 B.
471 881 512 940 Er
537 881 670 942 ueritatis
692 877 871 940 rectitudine
893 879 1020 940 duorum
1043 885 1291 939 testamentorum
1307 876 1460 957 processio
1475 877 1625 953 figuratur

322 1001 357 1042 ac
380 1001 434 1063 per
453 982 514 1042 hoc
536 981 619 1062 prior
641 980 768 1044 hiculata
791 979 907 1042 doctior
930 987 974 1040 est
996 982 1193 1048 contractior,
1217 981 1286 1060 quia
1308 977 1407 1040 littora
1430 975 1533 1056 legatis
1555 989 1653 1036 ser-⁵

323 1087 448 1146 uitatem
471 1091 607 1163 generat,
632 1082 782 1145 subterior
797 1092 896 1146 autem
913 1081 980 1144 ideo
996 1081 1180 1162 productior,
1197 1083 1266 1159 quia
1282 1080 1334 1142 uhi
1349 1081 1473 1160 spiritus
1489 1079 1624 1148 Domini,

322 1184 364 1246 ibi
387 1184 520 1248 libertas.
1428 1175 1431 1184 '

407 1286 438 1348 C.
469 1289 592 1349 Sinuata
621 1288 710 1350 huius
739 1285 855 1349 litterae
888 1288 994 1349 tractio
1023 1285 1197 1366 gremiaiem
1225 1284 1369 1348 ecciesiae
1397 1285 1624 1364 susceptionem

323 1391 452 1468 figurare
464 1398 572 1470 potest
594 1409 630 1452 ex
653 1389 789 1451 omnihus
810 1389 949 1469 gentihus
971 1391 1000 1449 in
1024 1408 1056 1448 so
1085 1390 1289 1468 congregatio,
1318 1397 1352 1449 ut
1382 1396 1429 1449 est
1456 1385 1626 1448 simiiitudo

323 1509 450 1570 sagenae
473 1493 581 1554 missae
605 1493 634 1552 in
657 1510 749 1553 mare.
1642 1501 1670 1538 ¹⁰

409 1593 442 1654 ii.
487 1594 520 1654 in
544 1593 589 1654 his
612 1592 726 1654 duahus
755 1593 842 1654 lineis
871 1595 959 1656 missa
988 1593 1169 1672 praedicatio
1192 1592 1302 1654 Christi
1324 1595 1356 1653 in
1379 1609 1498 1654 omnem
1521 1590 1626 1652 latitu-

324 1694 422 1756 dinem
452 1693 533 1756 orbis
561 1694 676 1756 aduerti
705 1703 816 1775 potest,
846 1702 879 1756 ot
906 1696 1015 1757 dictum
1046 1701 1105 1756 est:
1134 1695 1194 1756 ‘ite
1216 1697 1246 1756 in
1270 1694 1413 1756 mundum
1435 1695 1625 1762 uniuersum,

324 1799 494 1878 praedicate
509 1797 717 1877 euuangeiium
734 1800 814 1859 omni
831 1799 1012 1860 creaturaei’
1042 1797 1133 1858 Cuius
1149 1795 1317 1876 euuangeiii
1331 1798 1408 1858 sicut
1423 1797 1554 1864 initium,
1578 1796 1627 1854 sic

324 1901 391 1960 tinis
414 1907 459 1960 ost
480 1898 623 1962 Christus.

407 2003 440 2064 E.
487 2001 519 2062 in
543 2003 741 2083 tripertitione
764 2001 910 2064 linearum
933 2003 1113 2082 tripertitum
1137 2020 1225 2064 omne
1248 2009 1335 2063 uetus
1358 2007 1566 2062 testamentum
1590 2000 1625 2058 in
1644 2013 1672 2050 rr·

322 2104 403 2183 logo,
428 2101 583 2184 prophetis
606 2111 635 2164 et
656 2103 833 2182 hagiograi'rs
855 2105 971 2166 aduerti
994 2113 1105 2184 potest.
1130 2121 1256 2184 quorum
1272 2105 1297 2164 si
1313 2121 1401 2164 causa
1425 2103 1624 2184 perquiritur,

260 2253 264 2270 .
324 2205 458 2268 Christus
480 2207 642 2267 inuenitur.

408 2307 441 2368 F.
487 2307 528 2370 iic
558 2309 663 2388 spiritu
691 2314 794 2368 sancto
822 2310 939 2387 gemina
967 2308 1102 2389 procudit
1124 2308 1260 2376 dilectio,
1291 2308 1341 2368 sed
1365 2309 1519 2388 superior,
1542 2325 1625 2386 quiae

325 2418 370 2471 ost
391 2409 507 2479 diuina,
530 2427 648 2489 semper
670 2407 759 2470 dehet
782 2428 845 2471 esse
868 2409 1052 2490 productior.

409 2512 443 2572 G.
473 2511 577 2574 Omnis
600 2511 781 2589 praedicatio
803 2511 840 2572 de
863 2529 956 2590 regno
978 2512 1014 2572 ad
1038 2531 1166 2592 regnum
1187 2512 1351 2593 procedure
1374 2511 1464 2572 dehet
1486 2510 1625 2572 caritatis
1641 2527 1671 2564 so
1740 2529 1741 2538 ¹

324 2631 509 2694 quacumque
532 2614 562 2673 in
586 2620 669 2692 parte
691 2615 835 2674 mittatur.

410 2715 443 2776 ii.
482 2713 699 2776 hdunationem
727 2713 854 2776 duorum
883 2715 1058 2797 populorum
1082 2735 1117 2777 ox
1141 2714 1262 2778 riiuerso
1291 2717 1475 2778 uenientium
1499 2733 1565 2776 esse
1590 2717 1623 2775 in

324 2815 441 2879 Christo
463 2834 552 2878 nemo
575 2818 641 2898 quis'
664 2816 787 2878 dubitat.

409 2918 430 2979 1.
477 2919 588 2982 Semita
610 2921 679 2981 iusti
701 2928 780 2980 recta
805 2927 850 2980 est
873 2929 902 2981 et
924 2931 1024 2982 rectus
1047 2920 1137 2982 caiies
1160 2923 1229 2982 iusti
1252 2920 1288 2983 ad
1313 2918 1533 2981 ambulandum.

409 3020 444 3082 ii.
476 3021 647 3103 Suscipiunt
668 3039 684 3081 a
707 3021 767 3082 iioo
789 3033 906 3084 montes
928 3042 1046 3102 pacem,
1071 3029 1103 3083 ut
1124 3024 1228 3085 uiuant
1250 3042 1284 3083 ex
1308 3021 1366 3084 hdo
1387 3019 1490 3082 coiies.

408 3123 442 3184 L.
472 3122 644 3184 iiumiiiatio
666 3123 809 3200 figuratur
831 3125 950 3186 uirtutis
973 3124 1091 3195 Christi,
1109 3124 1145 3186 de
1161 3145 1218 3206 qua
1234 3124 1305 3186 dicit
1320 3121 1532 3204 apostolus:
1555 3123 1626 3202 ‘qui

324 3244 391 3286 cum
414 3228 444 3287 in
469 3225 562 3286 iorma
586 3225 638 3286 Dei
661 3233 755 3295 esset,
783 3234 877 3287 semet
905 3227 1002 3308 ipsum
1031 3229 1194 3289 exinaniuit
1221 3228 1346 3288 iormam
1367 3227 1447 3287 serui
1470 3225 1627 3304 accipiens

324 3330 352 3388 in
376 3326 596 3389 similitudinem
621 3325 772 3388 homiuum
796 3329 891 3390 iactus
914 3337 945 3389 et
966 3328 1099 3392 habitum
1123 3333 1263 3410 inuentus
1285 3339 1318 3389 ut
1340 3329 1451 3389 homo.’

409 3431 445 3492 hi.
476 3427 663 3490 Praedicatio
686 3429 723 3488 do
745 3429 861 3492 Christo
889 3448 969 3492 nunc
996 3431 1093 3493 caelos
1111 3432 1251 3510 attingit,
1281 3448 1348 3492 cum
1378 3429 1516 3490 diuinitas
1545 3429 1624 3498 eius,

325 3552 404 3595 nunc
426 3542 552 3602 terram,
582 3551 648 3592 com
672 3531 860 3610 praedicatur
882 3532 1065 3602 humanitas,
1094 3552 1128 3594 ac
1151 3535 1196 3594 sic
1218 3532 1297 3592 unde
1319 3531 1398 3612 quod
1422 3530 1531 3592 dictum
1555 3539 1621 3590 est:
1639 3548 1668 3586 su
1739 3533 1740 3546 ¹

324 3633 473 3695 ‘uidebitis
495 3632 616 3713 angelos
638 3633 691 3694 iiei
719 3633 912 3695 ascendentes
935 3643 965 3695 ct
986 3634 1201 3698 descendentes
1229 3653 1319 3714 super
1347 3632 1437 3694 filium
1466 3632 1624 3694 hominis.’

409 3736 443 3797 N.
474 3736 554 3798 liaeo
577 3737 714 3814 figuratio
737 3737 952 3797 consummatio
976 3746 1023 3797 est
1044 3736 1118 3815 legis
1141 3745 1170 3797 et
1192 3735 1415 3817 prophetarum.

409 3837 443 3898 0.
473 3836 558 3899 Ouiie
581 3837 714 3915 designat
737 3835 858 3908 Christi,
888 3839 997 3920 quippo
1025 3838 1148 3900 ccclesia
1177 3857 1231 3919 per
1259 3844 1352 3897 totum
1380 3835 1483 3896 orhem
1512 3835 1623 3896 diiiusa

324 3960 415 4002 unum
438 3949 484 4002 est
506 3938 598 4010 ouiie,
622 3941 690 4019 quia
713 3957 790 4001 unus
814 3949 859 4000 est
879 3948 989 4018 pastor.
1284 3927 1292 3934 ’

407 4043 440 4103 P.
471 4043 521 4103 Vis
544 4041 734 4118 euuangeiica
758 4041 795 4102 de
817 4042 925 4121 spiritu
947 4051 1049 4103 sancto
1072 4041 1168 4104 ualida
1190 4087 1373 4103 ......
1637 4057 1665 4096 ³5

408 4143 445 4215 Q.
473 4142 515 4204 Dc
541 4140 665 4203 ecclesia
695 4160 821 4220 namque
855 4142 996 4205 haeretici
1026 4155 1055 4206 et
1081 4145 1261 4206 schismatici
1290 4149 1414 4210 exeunt,
1449 4143 1527 4219 quod
1557 4159 1620 4202 non

324 4247 426 4306 mirari
449 4243 606 4314 dehemus,
630 4245 769 4324 qrrouiam
791 4247 817 4304 si
839 4252 937 4306 essent
960 4265 996 4306 ex
1019 4245 1120 4318 nobis,
1144 4245 1377 4328 permansissent
1391 4247 1494 4322 utique
1517 4244 1620 4305 nohis·

324 4367 390 4410 cum
415 4355 539 4409 testante
562 4343 751 4426 apostolo,
775 4346 853 4426 quod
877 4346 950 4409 haec
973 4347 1153 4428 portendere
1176 4351 1314 4411 uidentur
1337 4349 1481 4426 iiguratio.

357 4520 553 4528 ---.-——

391 4621 535 4681 oducoor]
554 4621 597 4670 Aa
614 4619 718 4670 ductio?
805 4619 935 4670 Straxtio
1013 4620 1152 4686 tihgorari
1205 4621 1385 4686 congregantis
1472 4620 1505 4668 10
1522 4633 1622 4684 sagene

324 4691 357 4739 16
374 4689 515 4756 agiografls
600 4683 935 4752 arqnneoumqm1m.lr
959 4687 1117 4752 (μιῖιοιῑιμιε.
1140 4691 1189 4740 aed
1210 4691 1317 4740 lineolae
1338 4693 1516 4738 creauerunt.
1585 4689 1622 4737 24

324 4757 395 4806 rniiis
464 4760 497 4808 26
516 4759 596 4806 uirtus
666 4755 910 4806 sustineneamus
933 4794 1042 4808 .......
1048 4755 1281 4822 ]1rrroda'oenon
1299 4759 1349 4806 aiar'
1365 4757 1428 4807 haec
1446 4757 1497 4820 irpr'
1511 4763 1621 4861 potatuan

1575 4832 1602 4860 nn

324 4878 416 4926 ceteris
433 4877 568 4941 putredine
586 4877 688 4926 deietr'r:
708 4875 741 4924 ari
759 4891 787 4924 se
804 4889 822 4938 p
840 4889 882 4923 cru
900 4876 910 4922 i
929 4891 944 4923 u
963 4892 989 4924 re
1058 4877 1091 4926 36
1109 4875 1210 4926 heretici
1230 4887 1253 4926 et
1272 4877 1409 4924 scismatici
1478 4875 1511 4926 38
1530 4883 1594 4924 teste
