3316 5566
616 265 826 318 suanenses.
1331 261 1371 326 97

82 453 228 514 uenient
250 451 291 513 ad
314 453 447 533 poeula
470 452 642 514 dammae.
673 451 747 514 ltem
770 452 946 512 Horatius
968 451 1111 513 feminine
1134 450 1221 512 dixit:
1251 450 1293 512 Et
1315 467 1374 512 su-

70 543 248 634 'periecto
269 553 426 634 pauidae
450 562 630 616 natarunt
652 571 814 632 aequore
837 551 1010 615 dammae.
1048 551 1122 614 ltem
1138 553 1374 614 omnianomina

83 659 108 716 in
121 675 152 718 as
165 655 335 718 desinentia
351 655 427 737 apud
444 657 573 718 Graecos
589 654 600 740 l
617 658 636 717 i.
654 651 719 717 96b
735 652 747 737 ΙΙ
763 673 840 735 quae
855 656 1026 734 genetiuum
1048 656 1078 716 iu
1098 673 1141 716 ou
1156 653 1205 716 uel
1227 655 1257 716 in
1276 675 1297 715 α
1312 663 1374 716 ter·

84 761 196 830 ninam.
209 759 286 839 apud
299 759 418 820 Latinos
433 761 464 820 in
480 775 515 820 ae
530 757 738 838 diphthongon
749 759 780 818 in
796 759 936 838 genetiuo
953 767 983 820 et
997 757 1097 820 datiuo
1112 755 1253 819 desinunt
1268 766 1299 817 et
1313 759 1374 837 pri-

65 874 140 921 smae
161 869 232 922 sunt
248 860 463 932 declinationis,
480 868 513 922 ut
528 843 575 922 hic
591 859 693 940 Lysias
707 856 797 921 huius
811 859 932 940 Lysiae;
955 861 999 922 sic
1014 859 1063 920 hie
1078 861 1201 930 Aeneas,
1218 859 1305 919 huius
1320 862 1374 920 Ae·

85 979 164 1038 neae,
188 963 258 1024 huie
279 965 412 1034 Aeneae,
436 964 516 1025 hunc
538 965 666 1024 Aeneam
690 962 737 1024 uel
758 962 890 1033 Aenean,
914 981 932 1022 o
953 965 1051 1023 Aenea
1074 958 1122 1022 uel
1145 981 1163 1020 o
1185 964 1315 1031 Aeneas,
1340 959 1376 1020 ab

86 1063 132 1124 hoc
154 1067 262 1126 Aenea.
291 1065 386 1126 'llaec
408 1083 481 1145 ergo
503 1066 615 1127 Graeca
645 1067 766 1126 nomina
796 1081 872 1142 quae
900 1064 978 1144 apud
1000 1064 1120 1124 Latinos
1147 1065 1177 1125 in
1200 1083 1233 1126 as
1255 1071 1375 1139 exeunt,

87 1175 139 1226 tres
159 1168 276 1246 species
290 1165 415 1228 habent:
439 1169 533 1246 prima
557 1174 604 1228 est
618 1166 665 1228 illa
682 1168 812 1237 nomina,
836 1185 910 1246 quae
933 1166 941 1226 i
959 1173 1026 1226 ante
1049 1183 1080 1226 as
1101 1165 1212 1227 habeut
1234 1173 1264 1226 et
1286 1183 1376 1243 gene·

87 1269 170 1328 tinum
191 1271 221 1330 in
245 1267 485 1350 disterminant,
509 1277 542 1328 ut
556 1266 707 1348 Olympias
729 1267 860 1349 Pythias:
884 1287 952 1329 nam
969 1266 1152 1348 Olympiadis
1174 1255 1204 1328 'et
1227 1267 1377 1346 Pythiadis

60 1369 197 1432 ulaeinnt
235 1371 373 1432 Secunda
395 1373 512 1451 speeies
535 1379 580 1432 est
601 1372 736 1441 nomina,
760 1388 836 1450 quae
851 1388 870 1430 n
887 1372 1015 1431 litteram
1038 1371 1068 1434 iu
1091 1371 1233 1447 genetiuo
1255 1369 1375 1440 addunt,

88 1481 115 1532 ut
133 1471 226 1534 Pallas
250 1471 405 1543 Pallantis,
434 1472 534 1534 Thoas
556 1471 713 1543 Thoantis,
742 1470 844 1532 Athlas
866 1471 1023 1542 Athlantis.
1068 1471 1169 1533 Tertia
1193 1473 1310 1550 species
1333 1479 1379 1532 est

89 1575 113 1633 in
137 1573 183 1635 his
209 1573 382 1636 nominibus
411 1575 531 1636 Graecis
565 1577 680 1654 primae
714 1573 936 1644 declinationis
971 1559 1047 1654 ¹cyriae
1080 1576 1252 1652 genetiuum
1285 1575 1314 1634 in
1343 1591 1377 1633 ae

89 1673 281 1755 diphthongon
304 1677 475 1746 terminant,
498 1685 530 1736 ut
543 1677 659 1738 Aeneas
673 1679 804 1748 Aeneae,
828 1675 1009 1754 Pythagoras
1032 1675 1231 1755 Pythagorae,
1253 1671 1378 1755 Lycidas

92 1776 212 1856 Lycidas,
229 1780 339 1856 Augias
354 1777 473 1856 Augias,
498 1778 746 1856 quemadmodum
762 1777 866 1838 Latina
889 1779 1008 1839 nomina
1032 1779 1229 1847 aterminata,
1252 1785 1285 1836 ut
1300 1777 1377 1860 Cati·

64 1877 149 1940 ¹⁵lina.
178 1880 330 1952 Quaedam
353 1887 452 1942 tamen
468 1880 580 1942 Graeca
602 1883 720 1943 nomina
745 1899 759 1941 s
781 1878 909 1942 litteram
933 1881 1086 1949 amittunt,
1110 1897 1177 1939 cum
1200 1880 1325 1940 ueniunt
1346 1881 1377 1940 in

92 1999 163 2042 usum
178 1981 328 2054 Latinum,
350 1991 382 2043 ut
397 1981 480 2044 Nicia
496 1981 586 2044 Mela:
613 2001 684 2062 ergo
706 1987 739 2045 ire
760 1981 808 2043 his
830 1979 1000 2044 nominibus
1022 1981 1205 2043 consuetudo
1228 1980 1376 2044 seruanda

92 2094 136 2144 est.
176 2084 250 2145 ltem
273 2082 419 2146 Hebraiea
443 2085 563 2146 uomina
585 2087 615 2145 in
638 2103 670 2146 as
692 2084 857 2146 desinentia
880 2084 994 2164 primae
1016 2090 1086 2144 sunt
1107 2082 1321 2154 declinationis,
1346 2090 1379 2143 ut

92 2183 131 2244 hic
150 2185 226 2248 illias
248 2185 339 2248 huius
362 2184 457 2255 Eliae,
480 2187 524 2247 sic
546 2185 654 2248 lesaias
676 2186 842 2248 Hieremias
863 2185 1005 2248 Ezechias
1027 2184 1136 2247 Abdias
1158 2185 1270 2247 Michas
1292 2185 1378 2246 lonas

93 2285 232 2349 Zacharias
249 2287 406 2350 Alalanhias
421 2290 571 2349 Annanias
585 2289 705 2351 Azarias
719 2287 830 2350 Tobias
845 2288 975 2349 Thomas
991 2286 1114 2348 Mathias
1133 2287 1267 2348 Andreas
1289 2286 1377 2349 ludas

65 2385 174 2450 aloes
195 2397 225 2452 et
240 2399 350 2452 cetera.
388 2389 461 2450 ltem
477 2391 598 2452 nomina
614 2389 726 2452 Graeca
750 2389 864 2470 primae
887 2388 1093 2450 declinationis
1114 2390 1145 2450 in
1163 2407 1194 2450 os
1210 2389 1375 2450 desinentia

92 2489 127 2548 sir
145 2489 343 2552 declinantur:
367 2489 415 2551 hie
437 2489 558 2552 Orestes
585 2492 712 2555 Achates
739 2491 858 2553 Atrides
880 2490 999 2552 Pelides
1027 2491 1192 2553 Priamides
1220 2491 1378 2554 Diomedes

95 2599 119 2650 et
136 2595 230 2654 omnia
259 2593 463 2673 patronomica
492 2595 523 2654 in
547 2613 579 2656 es
600 2593 766 2656 desinentia
795 2595 908 2674 primae
930 2601 1001 2654 sunt
1022 2591 1245 2665 declinationis,
1274 2605 1308 2656 ut
1329 2594 1378 2655 hic

94 2695 229 2756 Aeneades
252 2693 343 2756 huius
363 2695 527 2765 Aeneadae,
550 2695 608 2756 hoo
631 2704 677 2758 est
698 2695 813 2757 Aeneae
836 2693 926 2757 iilius:
950 2697 994 2756 sic
1016 2694 1066 2755 hic
1087 2695 1297 2767 Anchisiades,
1321 2695 1378 2757 hoo

95 2803 131 2854 et
155 2795 299 2858 Anchisae
331 2795 420 2858 lilius.
465 2796 538 2858 ltem
568 2796 751 2859 Dardanides
772 2796 972 2867 Dardanidae,
996 2796 1141 2858 Thesides
1168 2797 1315 2859 Thesidae
1348 2807 1379 2856 ct

67 2893 185 2959 ²⁵iliades
216 2897 327 2960 lliadae
360 2905 390 2958 et
411 2905 520 2960 cetera.
564 2898 643 2960 llaec
671 2907 769 2960 autem
800 2901 919 2960 nomina
947 2899 1060 2960 Graeca
1094 2900 1123 2959 iu
1154 2915 1184 2958 es
1213 2897 1379 2960 desinentia

97 3000 193 3076 primae
214 2999 420 3062 declinationis
441 2999 606 3062 secundum
622 3001 744 3063 Latinos
766 3004 810 3062 sic
831 2999 1033 3062 declinantur:
1057 2999 1106 3059 hio
1121 2997 1268 3062 Anchises
1290 3000 1379 3062 huius

97 3099 222 3164 Anchisae
245 3103 316 3164 huic
336 3101 482 3165 Anchisae
509 3101 589 3164 hunc
612 3102 772 3165 Anchisem
792 3100 842 3163 nel
863 3100 1026 3170 Anchisen,
1056 3100 1224 3162 oAnchisa
1248 3103 1297 3165 uel
1319 3105 1379 3165 An-

97 3200 184 3274 chises,
208 3203 325 3265 abhoc
347 3203 473 3266 Anchisa
495 3204 543 3266 uel
559 3206 697 3268 Anchise.
735 3205 785 3266 Sic
807 3203 995 3266 declinantur
1018 3210 1048 3264 et
1069 3203 1125 3266 alia
1147 3205 1278 3274 nomina,
1302 3223 1378 3284 quae

98 3299 220 3376 diximus,
243 3307 275 3367 in
292 3323 326 3366 es
340 3304 516 3368 desinentia.
553 3305 585 3367 ln
603 3309 689 3368 atria
712 3307 913 3388 monosyllaba
929 3306 1031 3370 Latina
1054 3305 1275 3368 indeclinabilia
1298 3317 1377 3378 sunt,

70 3411 148 3465 buta
164 3406 198 3468 lra
219 3406 266 3468 ha.
312 3406 417 3470 Omnia
440 3416 538 3470 autem
562 3411 679 3471 nomina
704 3409 918 3471 elementorum
941 3411 1062 3490 propria
1086 3417 1294 3480 contraeunt,
1318 3417 1377 3470 tam

100 3508 161 3584 apud
174 3527 242 3585 nos,
264 3527 353 3589 quam
375 3509 451 3588 apud
469 3508 598 3572 Graecos
611 3509 840 3574 indeclinabilia.
871 3509 944 3572 ltem
960 3513 1051 3588 scias,
1075 3514 1155 3589 quod
1170 3513 1200 3572 iu
1217 3511 1379 3574 mobilibus

99 3609 169 3670 mum
196 3629 340 3691 generum
371 3611 509 3672 omnibns
543 3610 703 3692 singularia
732 3613 873 3674 lemiuina
905 3620 936 3674 et
962 3611 1086 3694 pluralia
1117 3621 1222 3674 neutra
1254 3613 1378 3675 eandem

101 3725 186 3772 umens
207 3713 334 3784 habent,
363 3721 396 3773 ut
424 3711 499 3774 haec
526 3715 621 3794 prima
652 3733 737 3776 sacra
766 3733 873 3794 magua
903 3723 1019 3786 sancta,
1058 3717 1102 3775 sic
1131 3717 1221 3778 etiam
1252 3717 1378 3778 maxima

24 3845 25 3860 .
100 3815 259 3877 serissima
288 3816 508 3886 sacratissima,
548 3822 578 3878 et
611 3817 711 3878 omnia
744 3815 927 3896 superlatiua
959 3817 1002 3878 sio
1029 3817 1143 3880 iaciunt
1175 3826 1206 3880 et
1235 3818 1377 3880 feminina

103 3993 305 4011 *Q--a-..a

155 4136 283 4188 ineuiant
351 4137 445 4188 damno
513 4139 609 4188 oratius
712 4139 841 4204 spaniae
859 4149 952 4190 aarum
969 4136 1076 4206 equore]
1096 4139 1226 4206 Enemplo
1243 4140 1326 4191 omnio
1343 4155 1379 4191 eae

104 4196 213 4256 Pn'ttlm
230 4208 363 4272 desannpta
378 4213 446 4259 aaut.
531 4206 712 4272 agenensem
731 4205 756 4255 ln
775 4208 800 4256 ai
819 4207 857 4258 uel
877 4209 885 4256 i
904 4208 1041 4258 terminant
1112 4209 1172 4257 Ain
1191 4225 1207 4275 e
1224 4209 1376 4274 dyptongou

155 4270 260 4324 desinent
346 4274 451 4324 blisias
504 4273 571 4324 lisiai
630 4275 718 4324 scorias
736 4273 813 4326 lmlus
832 4277 904 4326 secie
922 4276 966 4326 hui
984 4277 1057 4327 aenis
1075 4276 1133 4326 huic
1152 4279 1225 4326 aenio
1244 4277 1377 4331 lartneetc.

105 4332 160 4385 tae
175 4343 265 4391 ueniam
285 4357 300 4393 o
319 4343 393 4392 aenia
412 4341 451 4392 uel
471 4357 485 4392 o
504 4342 575 4392 enias
645 4343 660 4391 ‘l
678 4341 755 4392 huius
773 4359 835 4409 ergo
854 4339 963 4410 gimamt
1019 4347 1119 4408 equae
1138 4344 1202 4394 hano
1221 4359 1265 4394 eas
1284 4343 1378 4394 haben·

105 4411 266 4477 liretguegri
284 4412 311 4460 iu
329 4410 370 4460 dls
439 4406 573 4476 spyrttas
626 4409 806 4476 olymphyadls
858 4411 990 4478 phytiadis
1064 4413 1097 4465 10
1115 4414 1218 4463 uomina
1239 4415 1275 4475 qh
1346 4415 1377 4462 11

105 4467 168 4522 ttluls
212 4475 357 4528 eahta-rnre
427 4479 459 4528 12
477 4479 554 4545 grieis
607 4477 789 4544 edyptongon
872 4482 903 4530 13
921 4481 1008 4530 aerias
1027 4481 1099 4530 aeuie
1116 4480 1294 4548 phythagoras
1311 4481 1378 4548 phy—

105 4536 204 4604 thagoras
219 4545 289 4597 licias
306 4545 377 4597 litiae
394 4561 460 4612 ngas
478 4547 559 4613 ogiae
616 4546 648 4596 14
665 4547 779 4598 eatelena
847 4547 880 4598 16
897 4548 974 4597 aletis
1026 4563 1087 4616 ergo
1105 4548 1146 4598 his
1165 4550 1276 4600 nominis
1347 4551 1379 4599 l'l

105 4604 185 4668 tiniae
247 4617 278 4666 18
296 4616 359 4666 isias
410 4610 580 4665 miolasionas
648 4616 681 4664 21
699 4615 820 4666 enehstes
872 4615 1007 4667 duomides
1080 4619 1113 4668 23
1131 4617 1236 4667 renides
1289 4617 1380 4668 aenide

130 4673 170 4726 boe
183 4683 264 4733 maiae
315 4683 482 4734 anchiseades
551 4683 585 4733 27
602 4681 644 4732 nel
660 4682 792 4735 anchisem
844 4684 877 4738 28
895 4683 1002 4751 anchise
1054 4700 1079 4747 q;
1132 4687 1166 4736 29
1184 4685 1292 4736 dicimos
1345 4688 1379 4737 ³0

106 4736 118 4784 l
165 4746 327 4802 elimentornm
363 4753 394 4802 31
414 4751 482 4815 quod
501 4752 593 4802 addidi

125 4837 203 4889 (lm
213 4859 262 4890 nan.
275 4851 357 4892 Suras
1159 4841 1174 4890 'l
