<?xml version="1.0" encoding="UTF-8"?>
<!DOCTYPE html PUBLIC "-//W3C//DTD XHTML 1.0 Transitional//EN"
    "http://www.w3.org/TR/xhtml1/DTD/xhtml1-transitional.dtd">
<html xmlns="http://www.w3.org/1999/xhtml" xml:lang="en" lang="en">
 <head>
  <title>
</title>
<meta http-equiv="Content-Type" content="text/html;charset=utf-8" />
  <meta name='ocr-system' content='tesseract 3.04.00' />
  <meta name='ocr-capabilities' content='ocr_page ocr_carea ocr_par ocr_line ocrx_word'/>
</head>
<body>
  <div class='ocr_page' id='page_1' title='image "./anecdotahelveti00hagegoog_0144.png"; bbox 0 0 3378 5550; ppageno 0'>
   <div class='ocr_carea' id='block_1_1' title="bbox 0 1616 2 2583">
    <p class='ocr_par' dir='ltr' id='par_1_1' title="bbox 0 1616 2 2583">
     <span class='ocr_line' id='line_1_1' title="bbox 0 1616 2 2583; baseline 0 0"><span class='ocrx_word' id='word_1_1' title='bbox 0 1616 2 2583; x_wconf 95' lang='lat' dir='ltr'> </span> 
     </span>
    </p>
   </div>
   <div class='ocr_carea' id='block_1_2' title="bbox 564 377 1397 439">
    <p class='ocr_par' dir='ltr' id='par_1_2' title="bbox 564 377 1397 439">
     <span class='ocr_line' id='line_1_2' title="bbox 564 377 1397 439; baseline 0.004 -5"><span class='ocrx_word' id='word_1_2' title='bbox 564 383 614 434; x_wconf 76' lang='lat' dir='ltr'>Di}</span> <span class='ocrx_word' id='word_1_3' title='bbox 633 377 933 433; x_wconf 68' lang='lat' dir='ltr'>onafloossneffln.</span> <span class='ocrx_word' id='word_1_4' title='bbox 1251 389 1397 439; x_wconf 80' lang='lat' dir='ltr'>cxxxvn</span> 
     </span>
    </p>
   </div>
   <div class='ocr_carea' id='block_1_3' title="bbox 100 567 1403 2694">
    <p class='ocr_par' dir='ltr' id='par_1_3' title="bbox 100 567 1403 2694">
     <span class='ocr_line' id='line_1_3' title="bbox 189 567 1401 652; baseline -0.01 -14"><span class='ocrx_word' id='word_1_5' title='bbox 189 577 229 638; x_wconf 87' lang='lat' dir='ltr'>In</span> <span class='ocrx_word' id='word_1_6' title='bbox 258 577 402 652; x_wconf 79' lang='lat' dir='ltr'>plossarii</span> <span class='ocrx_word' id='word_1_7' title='bbox 427 574 565 651; x_wconf 72' lang='lat' dir='ltr'>compto</span> <span class='ocrx_word' id='word_1_8' title='bbox 592 571 743 634; x_wconf 85' lang='lat' dir='ltr'>Bernemsi</span> <span class='ocrx_word' id='word_1_9' title='bbox 765 576 801 630; x_wconf 82' lang='lat' dir='ltr'>iil</span> <span class='ocrx_word' id='word_1_10' title='bbox 823 569 973 630; x_wconf 70' lang='lat' dir='ltr'>nonnisi</span> <span class='ocrx_word' id='word_1_11' title='bbox 996 567 1072 630; x_wconf 80' lang='lat' dir='ltr'>baec</span> <span class='ocrx_word' id='word_1_12' title='bbox 1094 569 1289 629; x_wconf 85' lang='lat' dir='ltr'>inueniuntur</span> <span class='ocrx_word' id='word_1_13' title='bbox 1311 567 1401 627; x_wconf 88' lang='lat' dir='ltr'>Pauli</span> 
     </span>
     <span class='ocr_line' id='line_1_4' title="bbox 106 682 371 742; baseline -0.015 0"><span class='ocrx_word' id='word_1_14' title='bbox 106 682 227 742; x_wconf 83' lang='lat' dir='ltr'>nomine</span> <span class='ocrx_word' id='word_1_15' title='bbox 249 685 371 739; x_wconf 87' lang='lat' dir='ltr'>notata:</span> 
     </span>
     <span class='ocr_line' id='line_1_5' title="bbox 190 763 1274 854; baseline -0.01 -12"><span class='ocrx_word' id='word_1_16' title='bbox 190 783 212 842; x_wconf 90' lang='lat' dir='ltr'>i.</span> <span class='ocrx_word' id='word_1_17' title='bbox 238 775 274 840; x_wconf 75' lang='grc' dir='ltr'>θ’</span> <span class='ocrx_word' id='word_1_18' title='bbox 297 778 353 840; x_wconf 90' lang='lat' dir='ltr'>col.</span> <span class='ocrx_word' id='word_1_19' title='bbox 376 777 389 839; x_wconf 93' lang='lat'>1</span> <span class='ocrx_word' id='word_1_20' title='bbox 412 777 505 840; x_wconf 88' lang='lat' dir='ltr'>Pauli.</span> <span class='ocrx_word' id='word_1_21' title='bbox 549 775 680 839; x_wconf 77' lang='lat' dir='ltr'>Achilles</span> <span class='ocrx_word' id='word_1_22' title='bbox 702 793 768 836; x_wconf 85' lang='lat' dir='ltr'>curn</span> <span class='ocrx_word' id='word_1_23' title='bbox 791 773 972 854; x_wconf 78' lang='lat' dir='ltr'>aspiratione</span> <span class='ocrx_word' id='word_1_24' title='bbox 994 771 1138 834; x_wconf 80' lang='lat' dir='ltr'><strong>scribitur</strong></span> <span class='ocrx_word' id='word_1_25' title='bbox 1162 769 1214 851; x_wconf 83' lang='lat'><strong>(1).</strong></span> <span class='ocrx_word' id='word_1_26' title='bbox 1271 763 1274 784; x_wconf 93' lang='lat'>&#39;</span> 
     </span>
     <span class='ocr_line' id='line_1_6' title="bbox 190 875 1182 954; baseline -0.011 -10"><span class='ocrx_word' id='word_1_27' title='bbox 190 884 213 944; x_wconf 88' lang='lat' dir='ltr'>l.</span> <span class='ocrx_word' id='word_1_28' title='bbox 237 877 298 943; x_wconf 71' lang='lat' dir='ltr'>81b</span> <span class='ocrx_word' id='word_1_29' title='bbox 321 880 375 940; x_wconf 91' lang='lat' dir='ltr'>coi.</span> <span class='ocrx_word' id='word_1_30' title='bbox 398 879 411 940; x_wconf 91' lang='lat'>1</span> <span class='ocrx_word' id='word_1_31' title='bbox 433 879 536 940; x_wconf 73' lang='lat' dir='ltr'>PAVb.</span> <span class='ocrx_word' id='word_1_32' title='bbox 581 877 640 941; x_wconf 82' lang='lat' dir='ltr'>Cir.</span> <span class='ocrx_word' id='word_1_33' title='bbox 664 875 743 939; x_wconf 87' lang='lat' dir='ltr'>Urbs</span> <span class='ocrx_word' id='word_1_34' title='bbox 765 875 943 938; x_wconf 80' lang='lat' dir='ltr'>mauritania</span> <span class='ocrx_word' id='word_1_35' title='bbox 966 875 1182 954; x_wconf 88' lang='lat' dir='ltr'>antiquissima.</span> 
     </span>
     <span class='ocr_line' id='line_1_7' title="bbox 191 974 1393 1058; baseline -0.01 -13"><span class='ocrx_word' id='word_1_36' title='bbox 191 985 214 1045; x_wconf 87' lang='lat' dir='ltr'>l.</span> <span class='ocrx_word' id='word_1_37' title='bbox 241 977 320 1044; x_wconf 69' lang='lat'>127⁵</span> <span class='ocrx_word' id='word_1_38' title='bbox 342 981 400 1044; x_wconf 91' lang='lat' dir='ltr'>col.</span> <span class='ocrx_word' id='word_1_39' title='bbox 423 979 448 1042; x_wconf 90' lang='lat' dir='ltr'>ll</span> <span class='ocrx_word' id='word_1_40' title='bbox 470 980 563 1042; x_wconf 87' lang='lat' dir='ltr'>Pauli.</span> <span class='ocrx_word' id='word_1_41' title='bbox 607 979 801 1041; x_wconf 82' lang='lat' dir='ltr'>bisterminal</span> <span class='ocrx_word' id='word_1_42' title='bbox 821 995 876 1058; x_wconf 88' lang='lat' dir='ltr'>per</span> <span class='ocrx_word' id='word_1_43' title='bbox 898 979 907 1038; x_wconf 92' lang='lat' dir='ltr'>i</span> <span class='ocrx_word' id='word_1_44' title='bbox 931 974 1133 1038; x_wconf 81' lang='lat' dir='ltr'>scribendum.</span> <span class='ocrx_word' id='word_1_45' title='bbox 1389 1033 1393 1040; x_wconf 85' lang='grc'>,</span> 
     </span>
     <span class='ocr_line' id='line_1_8' title="bbox 191 1077 1397 1160; baseline -0.009 -13"><span class='ocrx_word' id='word_1_46' title='bbox 191 1087 231 1147; x_wconf 91' lang='lat' dir='ltr'>In</span> <span class='ocrx_word' id='word_1_47' title='bbox 250 1085 397 1160; x_wconf 79' lang='lat' dir='ltr'>plassarii</span> <span class='ocrx_word' id='word_1_48' title='bbox 415 1086 553 1160; x_wconf 84' lang='lat' dir='ltr'>exernplo</span> <span class='ocrx_word' id='word_1_49' title='bbox 569 1083 754 1144; x_wconf 81' lang='lat' dir='ltr'>Einsiaieusi</span> <span class='ocrx_word' id='word_1_50' title='bbox 769 1087 823 1141; x_wconf 84' lang='lat'>293</span> <span class='ocrx_word' id='word_1_51' title='bbox 844 1080 950 1140; x_wconf 81' lang='lat' dir='ltr'>iudea</span> <span class='ocrx_word' id='word_1_52' title='bbox 971 1080 1074 1141; x_wconf 85' lang='lat' dir='ltr'>littera</span> <span class='ocrx_word' id='word_1_53' title='bbox 1096 1079 1236 1152; x_wconf 81' lang='lat' dir='ltr'>Fasque</span> <span class='ocrx_word' id='word_1_54' title='bbox 1258 1077 1301 1136; x_wconf 85' lang='lat' dir='ltr'>ad</span> <span class='ocrx_word' id='word_1_55' title='bbox 1320 1078 1397 1137; x_wconf 89' lang='lat' dir='ltr'>lille·</span> 
     </span>
     <span class='ocr_line' id='line_1_9' title="bbox 107 1185 950 1250; baseline -0.014 0"><span class='ocrx_word' id='word_1_56' title='bbox 107 1205 174 1250; x_wconf 88' lang='lat' dir='ltr'>ram</span> <span class='ocrx_word' id='word_1_57' title='bbox 196 1185 235 1247; x_wconf 85' lang='lat' dir='ltr'>Iri</span> <span class='ocrx_word' id='word_1_58' title='bbox 252 1187 329 1246; x_wconf 80' lang='lat' dir='ltr'>baec</span> <span class='ocrx_word' id='word_1_59' title='bbox 349 1189 467 1248; x_wconf 84' lang='lat' dir='ltr'>inueni:</span> <span class='ocrx_word' id='word_1_60' title='bbox 947 1203 950 1212; x_wconf 90' lang='lat'>·</span> 
     </span>
     <span class='ocr_line' id='line_1_10' title="bbox 191 1279 959 1366; baseline -0.005 -18"><span class='ocrx_word' id='word_1_61' title='bbox 191 1287 277 1349; x_wconf 89' lang='lat' dir='ltr'>Pauli</span> <span class='ocrx_word' id='word_1_62' title='bbox 298 1287 340 1350; x_wconf 78' lang='lat' dir='ltr'>oi.</span> <span class='ocrx_word' id='word_1_63' title='bbox 365 1288 473 1349; x_wconf 83' lang='lat' dir='ltr'>tianius</span> <span class='ocrx_word' id='word_1_64' title='bbox 494 1305 549 1366; x_wconf 84' lang='lat' dir='ltr'>per</span> <span class='ocrx_word' id='word_1_65' title='bbox 572 1305 587 1346; x_wconf 90' lang='lat' dir='ltr'>v</span> <span class='ocrx_word' id='word_1_66' title='bbox 610 1295 640 1347; x_wconf 87' lang='lat' dir='ltr'>cl</span> <span class='ocrx_word' id='word_1_67' title='bbox 661 1287 670 1345; x_wconf 92' lang='lat' dir='ltr'>i</span> <span class='ocrx_word' id='word_1_68' title='bbox 693 1283 885 1346; x_wconf 84' lang='lat' dir='ltr'>scribendum</span> <span class='ocrx_word' id='word_1_69' title='bbox 909 1279 959 1364; x_wconf 81' lang='lat'>(2).</span> 
     </span>
     <span class='ocr_line' id='line_1_11' title="bbox 192 1377 1399 1467; baseline -0.008 -15"><span class='ocrx_word' id='word_1_70' title='bbox 192 1388 287 1452; x_wconf 86' lang='lat' dir='ltr'>Pauli.</span> <span class='ocrx_word' id='word_1_71' title='bbox 309 1389 457 1450; x_wconf 80' lang='lat' dir='ltr'>Hannibal</span> <span class='ocrx_word' id='word_1_72' title='bbox 478 1407 544 1451; x_wconf 89' lang='lat' dir='ltr'>cum</span> <span class='ocrx_word' id='word_1_73' title='bbox 565 1385 792 1450; x_wconf 85' lang='lat' dir='ltr'>hscribendum</span> <span class='ocrx_word' id='word_1_74' title='bbox 809 1383 860 1467; x_wconf 80' lang='lat'><strong>(5).</strong></span> <span class='ocrx_word' id='word_1_75' title='bbox 897 1385 1013 1447; x_wconf 85' lang='lat' dir='ltr'>Harena</span> <span class='ocrx_word' id='word_1_76' title='bbox 1035 1402 1089 1464; x_wconf 85' lang='lat' dir='ltr'>per</span> <span class='ocrx_word' id='word_1_77' title='bbox 1104 1381 1122 1443; x_wconf 90' lang='lat' dir='ltr'>b</span> <span class='ocrx_word' id='word_1_78' title='bbox 1139 1380 1330 1445; x_wconf 86' lang='lat' dir='ltr'>scribendum</span> <span class='ocrx_word' id='word_1_79' title='bbox 1348 1377 1399 1461; x_wconf 89' lang='lat'><strong>(6).</strong></span> 
     </span>
     <span class='ocr_line' id='line_1_12' title="bbox 311 1485 1023 1572; baseline -0.006 -20"><span class='ocrx_word' id='word_1_80' title='bbox 311 1491 416 1552; x_wconf 85' lang='lat' dir='ltr'>Hausil</span> <span class='ocrx_word' id='word_1_81' title='bbox 437 1491 515 1572; x_wconf 85' lang='lat' dir='ltr'>quod</span> <span class='ocrx_word' id='word_1_82' title='bbox 539 1497 584 1552; x_wconf 86' lang='lat' dir='ltr'>est</span> <span class='ocrx_word' id='word_1_83' title='bbox 606 1489 683 1551; x_wconf 82' lang='lat' dir='ltr'>bibit</span> <span class='ocrx_word' id='word_1_84' title='bbox 704 1506 759 1569; x_wconf 87' lang='lat' dir='ltr'>per</span> <span class='ocrx_word' id='word_1_85' title='bbox 780 1488 800 1549; x_wconf 92' lang='lat' dir='ltr'>h</span> <span class='ocrx_word' id='word_1_86' title='bbox 822 1485 1023 1549; x_wconf 84' lang='lat' dir='ltr'>scribendum.</span> 
     </span>
     <span class='ocr_line' id='line_1_13' title="bbox 193 1563 1016 1674; baseline -0.007 -19"><span class='ocrx_word' id='word_1_87' title='bbox 193 1593 289 1656; x_wconf 87' lang='lat' dir='ltr'>Pauli.</span> <span class='ocrx_word' id='word_1_88' title='bbox 313 1592 454 1673; x_wconf 86' lang='lat' dir='ltr'>Hispidus</span> <span class='ocrx_word' id='word_1_89' title='bbox 477 1563 516 1674; x_wconf 73' lang='grc'>(9)</span> <span class='ocrx_word' id='word_1_90' title='bbox 539 1591 677 1653; x_wconf 80' lang='lat' dir='ltr'>homirius</span> <span class='ocrx_word' id='word_1_91' title='bbox 698 1609 752 1672; x_wconf 87' lang='lat' dir='ltr'>per</span> <span class='ocrx_word' id='word_1_92' title='bbox 774 1590 794 1651; x_wconf 92' lang='lat' dir='ltr'>h</span> <span class='ocrx_word' id='word_1_93' title='bbox 816 1588 1016 1652; x_wconf 85' lang='lat' dir='ltr'>scribendum.</span> 
     </span>
     <span class='ocr_line' id='line_1_14' title="bbox 100 1689 817 1776; baseline -0.004 -19"><span class='ocrx_word' id='word_1_94' title='bbox 100 1727 102 1730; x_wconf 95' lang='lat'>·</span> <span class='ocrx_word' id='word_1_95' title='bbox 192 1693 287 1757; x_wconf 88' lang='lat' dir='ltr'>Pauli.</span> <span class='ocrx_word' id='word_1_96' title='bbox 309 1694 411 1756; x_wconf 83' lang='lat' dir='ltr'>Honor</span> <span class='ocrx_word' id='word_1_97' title='bbox 432 1713 488 1776; x_wconf 85' lang='lat' dir='ltr'>por</span> <span class='ocrx_word' id='word_1_98' title='bbox 509 1693 529 1754; x_wconf 91' lang='lat' dir='ltr'><strong>h</strong></span> <span class='ocrx_word' id='word_1_99' title='bbox 551 1691 743 1755; x_wconf 84' lang='lat' dir='ltr'>scribendum</span> <span class='ocrx_word' id='word_1_100' title='bbox 767 1689 817 1770; x_wconf 74' lang='grc'>(9).</span> 
     </span>
     <span class='ocr_line' id='line_1_15' title="bbox 191 1791 816 1875; baseline -0.005 -16"><span class='ocrx_word' id='word_1_101' title='bbox 191 1796 286 1862; x_wconf 83' lang='lat' dir='ltr'>Pauli.</span> <span class='ocrx_word' id='word_1_102' title='bbox 308 1795 521 1859; x_wconf 82' lang='lat' dir='ltr'>Horritandum</span> <span class='ocrx_word' id='word_1_103' title='bbox 544 1795 721 1858; x_wconf 86' lang='lat' dir='ltr'>hortandum</span> <span class='ocrx_word' id='word_1_104' title='bbox 744 1791 816 1875; x_wconf 82' lang='lat'>(10).</span> 
     </span>
     <span class='ocr_line' id='line_1_16' title="bbox 192 1891 1400 1978; baseline -0.005 -17"><span class='ocrx_word' id='word_1_105' title='bbox 192 1899 439 1978; x_wconf 64' lang='lat' dir='ltr'>Pauli.1biaoeric</span> <span class='ocrx_word' id='word_1_106' title='bbox 468 1906 537 1960; x_wconf 86' lang='lat' dir='ltr'>sunt</span> <span class='ocrx_word' id='word_1_107' title='bbox 564 1901 705 1978; x_wconf 72' lang='lat' dir='ltr'>parietes,</span> <span class='ocrx_word' id='word_1_108' title='bbox 724 1897 804 1976; x_wconf 84' lang='lat' dir='ltr'>longi</span> <span class='ocrx_word' id='word_1_109' title='bbox 831 1895 940 1978; x_wconf 89' lang='lat' dir='ltr'>quibus</span> <span class='ocrx_word' id='word_1_110' title='bbox 968 1897 1057 1975; x_wconf 59' lang='lat' dir='ltr'>uinea</span> <span class='ocrx_word' id='word_1_111' title='bbox 1085 1894 1184 1974; x_wconf 66' lang='lat' dir='ltr'>alique</span> <span class='ocrx_word' id='word_1_112' title='bbox 1211 1891 1400 1956; x_wconf 86' lang='lat' dir='ltr'>clauduntur.</span> 
     </span>
     <span class='ocr_line' id='line_1_17' title="bbox 310 1997 918 2081; baseline -0.002 -19"><span class='ocrx_word' id='word_1_113' title='bbox 310 2000 430 2080; x_wconf 82' lang='lat' dir='ltr'>longum</span> <span class='ocrx_word' id='word_1_114' title='bbox 454 2001 534 2062; x_wconf 85' lang='lat' dir='ltr'>onim</span> <span class='ocrx_word' id='word_1_115' title='bbox 556 1997 639 2081; x_wconf 84' lang='lat' dir='ltr'>greci</span> <span class='ocrx_word' id='word_1_116' title='bbox 661 2018 784 2063; x_wconf 85' lang='lat' dir='ltr'>macron</span> <span class='ocrx_word' id='word_1_117' title='bbox 807 1998 918 2061; x_wconf 87' lang='lat' dir='ltr'>dicunt.</span> 
     </span>
     <span class='ocr_line' id='line_1_18' title="bbox 194 2100 1403 2182; baseline -0.006 -16"><span class='ocrx_word' id='word_1_118' title='bbox 194 2105 329 2182; x_wconf 81' lang='lat' dir='ltr'>Denique</span> <span class='ocrx_word' id='word_1_119' title='bbox 355 2105 387 2165; x_wconf 89' lang='lat' dir='ltr'>in</span> <span class='ocrx_word' id='word_1_120' title='bbox 414 2106 551 2181; x_wconf 78' lang='lat' dir='ltr'>camapio</span> <span class='ocrx_word' id='word_1_121' title='bbox 571 2103 767 2179; x_wconf 81' lang='lat' dir='ltr'>Sanpaliensi</span> <span class='ocrx_word' id='word_1_122' title='bbox 787 2108 844 2162; x_wconf 79' lang='lat'>905</span> <span class='ocrx_word' id='word_1_123' title='bbox 865 2118 944 2164; x_wconf 85' lang='lat' dir='ltr'>saec.</span> <span class='ocrx_word' id='word_1_124' title='bbox 967 2101 1013 2175; x_wconf 71' lang='lat' dir='ltr'>a,</span> <span class='ocrx_word' id='word_1_125' title='bbox 1043 2100 1077 2161; x_wconf 86' lang='lat' dir='ltr'>id</span> <span class='ocrx_word' id='word_1_126' title='bbox 1103 2101 1183 2176; x_wconf 81' lang='lat' dir='ltr'>quod</span> <span class='ocrx_word' id='word_1_127' title='bbox 1209 2116 1249 2160; x_wconf 78' lang='lat' dir='ltr'>aa</span> <span class='ocrx_word' id='word_1_128' title='bbox 1277 2100 1403 2162; x_wconf 83' lang='lat' dir='ltr'>Vseneri</span> 
     </span>
     <span class='ocr_line' id='line_1_19' title="bbox 109 2197 940 2286; baseline -0.007 -15"><span class='ocrx_word' id='word_1_129' title='bbox 109 2209 264 2285; x_wconf 77' lang='lat' dir='ltr'><em>excerptis</em></span> <span class='ocrx_word' id='word_1_130' title='bbox 284 2207 426 2280; x_wconf 78' lang='lat' dir='ltr'>capuani,</span> <span class='ocrx_word' id='word_1_131' title='bbox 445 2223 480 2282; x_wconf 90' lang='lat' dir='ltr'>p.</span> <span class='ocrx_word' id='word_1_132' title='bbox 505 2212 585 2265; x_wconf 86' lang='grc'><em>553·</em></span> <span class='ocrx_word' id='word_1_133' title='bbox 606 2197 792 2286; x_wconf 62' lang='lat' dir='ltr'>&amp;euripos</span> <span class='ocrx_word' id='word_1_134' title='bbox 812 2207 940 2280; x_wconf 68' lang='lat' dir='ltr'>lenitur:</span> 
     </span>
     <span class='ocr_line' id='line_1_20' title="bbox 312 2300 1272 2392; baseline -0.004 -24"><span class='ocrx_word' id='word_1_135' title='bbox 312 2305 388 2368; x_wconf 83' lang='lat' dir='ltr'>Maio</span> <span class='ocrx_word' id='word_1_136' title='bbox 410 2306 468 2367; x_wconf 85' lang='lat' dir='ltr'>Per</span> <span class='ocrx_word' id='word_1_137' title='bbox 490 2325 581 2368; x_wconf 81' lang='lat' dir='ltr'>unuin</span> <span class='ocrx_word' id='word_1_138' title='bbox 604 2308 613 2368; x_wconf 89' lang='lat' dir='ltr'>l</span> <span class='ocrx_word' id='word_1_139' title='bbox 636 2306 827 2392; x_wconf 73' lang='lat' dir='ltr'>scribendum</span> <span class='ocrx_word' id='word_1_140' title='bbox 849 2306 916 2384; x_wconf 88' lang='lat' dir='ltr'>quia</span> <span class='ocrx_word' id='word_1_141' title='bbox 938 2314 981 2367; x_wconf 86' lang='lat' dir='ltr'>est</span> <span class='ocrx_word' id='word_1_142' title='bbox 1004 2306 1098 2384; x_wconf 80' lang='lat' dir='ltr'>magis</span> <span class='ocrx_word' id='word_1_143' title='bbox 1119 2303 1188 2366; x_wconf 89' lang='lat' dir='ltr'>uolo</span> <span class='ocrx_word' id='word_1_144' title='bbox 1212 2300 1272 2384; x_wconf 83' lang='lat'>(12)</span> 
     </span>
     <span class='ocr_line' id='line_1_21' title="bbox 113 2397 594 2486; baseline -0.015 -12"><span class='ocrx_word' id='word_1_145' title='bbox 113 2413 168 2474; x_wconf 81' lang='lat' dir='ltr'>sed</span> <span class='ocrx_word' id='word_1_146' title='bbox 187 2411 304 2473; x_wconf 86' lang='lat' dir='ltr'>nominc</span> <span class='ocrx_word' id='word_1_147' title='bbox 324 2409 428 2470; x_wconf 78' lang='lat' dir='ltr'>addila</span> <span class='ocrx_word' id='word_1_148' title='bbox 445 2425 480 2486; x_wconf 93' lang='lat' dir='ltr'>p.</span> <span class='ocrx_word' id='word_1_149' title='bbox 504 2397 594 2468; x_wconf 64' lang='lat'><strong><em>551⁶?</em></strong></span> 
     </span>
     <span class='ocr_line' id='line_1_22' title="bbox 312 2509 596 2591; baseline 0 -19"><span class='ocrx_word' id='word_1_150' title='bbox 312 2509 386 2572; x_wconf 83' lang='lat' dir='ltr'>Male</span> <span class='ocrx_word' id='word_1_151' title='bbox 408 2529 463 2591; x_wconf 87' lang='lat' dir='ltr'>per</span> <span class='ocrx_word' id='word_1_152' title='bbox 486 2509 544 2572; x_wconf 91' lang='lat' dir='ltr'>duo</span> <span class='ocrx_word' id='word_1_153' title='bbox 565 2511 596 2573; x_wconf 89' lang='lat' dir='ltr'>ii.</span> 
     </span>
     <span class='ocr_line' id='line_1_23' title="bbox 197 2595 1097 2694; baseline -0.004 -18"><span class='ocrx_word' id='word_1_154' title='bbox 197 2611 281 2676; x_wconf 87' lang='lat' dir='ltr'>Pauli</span> <span class='ocrx_word' id='word_1_155' title='bbox 302 2595 385 2677; x_wconf 63' lang='lat' dir='ltr'>aba.</span> <span class='ocrx_word' id='word_1_156' title='bbox 429 2613 625 2676; x_wconf 85' lang='lat' dir='ltr'>Scribendum</span> <span class='ocrx_word' id='word_1_157' title='bbox 649 2616 718 2694; x_wconf 86' lang='lat' dir='ltr'>qnia</span> <span class='ocrx_word' id='word_1_158' title='bbox 742 2622 786 2674; x_wconf 86' lang='lat' dir='ltr'>est</span> <span class='ocrx_word' id='word_1_159' title='bbox 808 2614 903 2691; x_wconf 82' lang='lat' dir='ltr'>magis</span> <span class='ocrx_word' id='word_1_160' title='bbox 925 2611 1001 2673; x_wconf 86' lang='lat' dir='ltr'>uelle</span> <span class='ocrx_word' id='word_1_161' title='bbox 1025 2611 1097 2691; x_wconf 87' lang='lat' dir='ltr'>(ll).</span> 
     </span>
    </p>
   </div>
   <div class='ocr_carea' id='block_1_4' title="bbox 0 2731 1404 3422">
    <p class='ocr_par' dir='ltr' id='par_1_4' title="bbox 0 2731 1404 3422">
     <span class='ocr_line' id='line_1_24' title="bbox 195 2731 1401 2807; baseline -0.004 -11"><span class='ocrx_word' id='word_1_162' title='bbox 195 2733 326 2806; x_wconf 67' lang='lat' dir='ltr'>stiuam</span> <span class='ocrx_word' id='word_1_163' title='bbox 347 2751 388 2796; x_wconf 76' lang='lat' dir='ltr'>ea</span> <span class='ocrx_word' id='word_1_164' title='bbox 409 2751 534 2796; x_wconf 85' lang='lat' dir='ltr'>numero</span> <span class='ocrx_word' id='word_1_165' title='bbox 556 2751 616 2796; x_wconf 89' lang='lat' dir='ltr'>nan</span> <span class='ocrx_word' id='word_1_166' title='bbox 639 2735 757 2803; x_wconf 82' lang='lat' dir='ltr'>dabira,</span> <span class='ocrx_word' id='word_1_167' title='bbox 780 2735 852 2807; x_wconf 80' lang='lat' dir='ltr'>quin</span> <span class='ocrx_word' id='word_1_168' title='bbox 874 2735 936 2794; x_wconf 86' lang='lat' dir='ltr'>loci</span> <span class='ocrx_word' id='word_1_169' title='bbox 955 2733 1071 2807; x_wconf 78' lang='lat' dir='ltr'>aliquot</span> <span class='ocrx_word' id='word_1_170' title='bbox 1086 2748 1105 2790; x_wconf 93' lang='lat' dir='ltr'>a</span> <span class='ocrx_word' id='word_1_171' title='bbox 1119 2731 1216 2792; x_wconf 87' lang='lat' dir='ltr'>Paulo</span> <span class='ocrx_word' id='word_1_172' title='bbox 1230 2733 1288 2792; x_wconf 85' lang='lat' dir='ltr'>islo</span> <span class='ocrx_word' id='word_1_173' title='bbox 1302 2731 1401 2792; x_wconf 80' lang='lat' dir='ltr'>arlio-</span> 
     </span>
     <span class='ocr_line' id='line_1_25' title="bbox 110 2832 1400 2916; baseline -0.002 -20"><span class='ocrx_word' id='word_1_174' title='bbox 110 2837 229 2914; x_wconf 76' lang='lat' dir='ltr'>prapbo</span> <span class='ocrx_word' id='word_1_175' title='bbox 258 2839 354 2897; x_wconf 89' lang='lat' dir='ltr'>alieni</span> <span class='ocrx_word' id='word_1_176' title='bbox 378 2853 440 2897; x_wconf 88' lang='lat' dir='ltr'>esse</span> <span class='ocrx_word' id='word_1_177' title='bbox 462 2838 659 2898; x_wconf 80' lang='lat' dir='ltr'>existimandi</span> <span class='ocrx_word' id='word_1_178' title='bbox 683 2837 755 2905; x_wconf 88' lang='lat' dir='ltr'>sint,</span> <span class='ocrx_word' id='word_1_179' title='bbox 780 2837 832 2916; x_wconf 86' lang='lat' dir='ltr'>illi</span> <span class='ocrx_word' id='word_1_180' title='bbox 857 2837 986 2902; x_wconf 84' lang='lat' dir='ltr'>scilicet,</span> <span class='ocrx_word' id='word_1_181' title='bbox 1014 2832 1121 2910; x_wconf 81' lang='lat' dir='ltr'>quibas</span> <span class='ocrx_word' id='word_1_182' title='bbox 1148 2849 1208 2894; x_wconf 91' lang='lat' dir='ltr'>non</span> <span class='ocrx_word' id='word_1_183' title='bbox 1236 2834 1274 2893; x_wconf 86' lang='lat' dir='ltr'>cic</span> <span class='ocrx_word' id='word_1_184' title='bbox 1302 2833 1400 2894; x_wconf 75' lang='lat' dir='ltr'>orlaa</span> 
     </span>
     <span class='ocr_line' id='line_1_26' title="bbox 110 2935 1401 3016; baseline -0.003 -18"><span class='ocrx_word' id='word_1_185' title='bbox 110 2939 241 3016; x_wconf 81' lang='lat' dir='ltr'>prapbia</span> <span class='ocrx_word' id='word_1_186' title='bbox 264 2939 378 3012; x_wconf 83' lang='lat' dir='ltr'>apilur,</span> <span class='ocrx_word' id='word_1_187' title='bbox 402 2939 456 2998; x_wconf 81' lang='lat' dir='ltr'>seri</span> <span class='ocrx_word' id='word_1_188' title='bbox 478 2939 515 2998; x_wconf 81' lang='lat' dir='ltr'>eie</span> <span class='ocrx_word' id='word_1_189' title='bbox 537 2936 609 2998; x_wconf 80' lang='lat' dir='ltr'>aliis</span> <span class='ocrx_word' id='word_1_190' title='bbox 630 2939 718 2999; x_wconf 86' lang='lat' dir='ltr'>rebus</span> <span class='ocrx_word' id='word_1_191' title='bbox 739 2940 829 3012; x_wconf 80' lang='lat' dir='ltr'>lonpe</span> <span class='ocrx_word' id='word_1_192' title='bbox 843 2939 981 2998; x_wconf 82' lang='lat' dir='ltr'>diuersis.</span> <span class='ocrx_word' id='word_1_193' title='bbox 1011 2937 1079 2996; x_wconf 89' lang='lat' dir='ltr'>Iam</span> <span class='ocrx_word' id='word_1_194' title='bbox 1094 2952 1172 3011; x_wconf 81' lang='lat' dir='ltr'>quae</span> <span class='ocrx_word' id='word_1_195' title='bbox 1186 2937 1272 3011; x_wconf 76' lang='lat' dir='ltr'>apua</span> <span class='ocrx_word' id='word_1_196' title='bbox 1286 2935 1401 2995; x_wconf 88' lang='lat' dir='ltr'>Maium</span> 
     </span>
     <span class='ocr_line' id='line_1_27' title="bbox 112 3040 1401 3116; baseline -0.003 -16"><span class='ocrx_word' id='word_1_197' title='bbox 112 3043 250 3116; x_wconf 68' lang='lat' dir='ltr'>acuatur</span> <span class='ocrx_word' id='word_1_198' title='bbox 272 3041 375 3100; x_wconf 82' lang='lat' dir='ltr'>rriiimo</span> <span class='ocrx_word' id='word_1_199' title='bbox 395 3040 462 3100; x_wconf 87' lang='lat' dir='ltr'>loco</span> <span class='ocrx_word' id='word_1_200' title='bbox 477 3057 525 3100; x_wconf 85' lang='lat' dir='ltr'>nr.</span> <span class='ocrx_word' id='word_1_201' title='bbox 546 3047 670 3114; x_wconf 85' lang='lat'><em>13—-15‚</em></span> <span class='ocrx_word' id='word_1_202' title='bbox 696 3057 736 3101; x_wconf 83' lang='lat' dir='ltr'>erc</span> <span class='ocrx_word' id='word_1_203' title='bbox 756 3041 929 3101; x_wconf 85' lang='lat' dir='ltr'>commentis</span> <span class='ocrx_word' id='word_1_204' title='bbox 949 3040 1135 3112; x_wconf 80' lang='lat' dir='ltr'>Verpilianis</span> <span class='ocrx_word' id='word_1_205' title='bbox 1148 3045 1295 3114; x_wconf 80' lang='lat' dir='ltr'>excerpta</span> <span class='ocrx_word' id='word_1_206' title='bbox 1314 3044 1401 3106; x_wconf 63' lang='lat' dir='ltr'>sunm</span> 
     </span>
     <span class='ocr_line' id='line_1_28' title="bbox 0 3138 1404 3234; baseline -0.003 -33"><span class='ocrx_word' id='word_1_207' title='bbox 0 3209 1 3234; x_wconf 15' lang='grc' dir='ltr'><strong>χ</strong></span> <span class='ocrx_word' id='word_1_208' title='bbox 113 3144 212 3216; x_wconf 74' lang='lat' dir='ltr'>apitrar</span> <span class='ocrx_word' id='word_1_209' title='bbox 232 3138 312 3200; x_wconf 86' lang='lat' dir='ltr'>enim</span> <span class='ocrx_word' id='word_1_210' title='bbox 334 3143 372 3200; x_wconf 82' lang='lat' dir='ltr'>de</span> <span class='ocrx_word' id='word_1_211' title='bbox 393 3142 483 3217; x_wconf 79' lang='lat' dir='ltr'>Verp.</span> <span class='ocrx_word' id='word_1_212' title='bbox 501 3143 575 3202; x_wconf 77' lang='lat' dir='ltr'>Aen.</span> <span class='ocrx_word' id='word_1_213' title='bbox 599 3142 618 3201; x_wconf 95' lang='lat' dir='ltr'><em>I</em></span> <span class='ocrx_word' id='word_1_214' title='bbox 640 3147 718 3211; x_wconf 77' lang='grc'><em>554;</em></span> <span class='ocrx_word' id='word_1_215' title='bbox 740 3143 775 3203; x_wconf 81' lang='grc' dir='ltr'><em>Χ</em></span> <span class='ocrx_word' id='word_1_216' title='bbox 787 3147 860 3210; x_wconf 82' lang='lat'><strong><em>902;</em></strong></span> <span class='ocrx_word' id='word_1_217' title='bbox 889 3141 937 3201; x_wconf 89' lang='lat' dir='ltr'>VI</span> <span class='ocrx_word' id='word_1_218' title='bbox 956 3147 1019 3200; x_wconf 83' lang='lat'><strong><em>112.</em></strong></span> <span class='ocrx_word' id='word_1_219' title='bbox 1064 3139 1207 3200; x_wconf 82' lang='lat' dir='ltr'>Similiter</span> <span class='ocrx_word' id='word_1_220' title='bbox 1232 3146 1248 3198; x_wconf 87' lang='lat'><em>7</em></span> <span class='ocrx_word' id='word_1_221' title='bbox 1270 3147 1299 3200; x_wconf 85' lang='lat' dir='ltr'>cl</span> <span class='ocrx_word' id='word_1_222' title='bbox 1321 3145 1340 3197; x_wconf 85' lang='lat'><em>8</em></span> <span class='ocrx_word' id='word_1_223' title='bbox 1361 3138 1404 3198; x_wconf 85' lang='lat' dir='ltr'>ad</span> 
     </span>
     <span class='ocr_line' id='line_1_29' title="bbox 0 3242 1403 3323; baseline -0.001 -19"><span class='ocrx_word' id='word_1_224' title='bbox 0 3251 1 3304; x_wconf 62' lang='grc' dir='ltr'><strong>ἴ</strong></span> <span class='ocrx_word' id='word_1_225' title='bbox 120 3245 243 3320; x_wconf 74' lang='lat' dir='ltr'>Verpiiii</span> <span class='ocrx_word' id='word_1_226' title='bbox 262 3245 355 3304; x_wconf 83' lang='lat' dir='ltr'>uerba</span> <span class='ocrx_word' id='word_1_227' title='bbox 376 3245 610 3320; x_wconf 79' lang='lat' dir='ltr'>interpretanda</span> <span class='ocrx_word' id='word_1_228' title='bbox 627 3247 797 3323; x_wconf 82' lang='lat' dir='ltr'>pertinent,</span> <span class='ocrx_word' id='word_1_229' title='bbox 821 3259 900 3319; x_wconf 83' lang='lat' dir='ltr'>qaae</span> <span class='ocrx_word' id='word_1_230' title='bbox 920 3245 1064 3318; x_wconf 73' lang='lat' dir='ltr'>lepuntar</span> <span class='ocrx_word' id='word_1_231' title='bbox 1085 3243 1161 3302; x_wconf 83' lang='lat' dir='ltr'>Aen.</span> <span class='ocrx_word' id='word_1_232' title='bbox 1178 3242 1272 3301; x_wconf 78' lang='grc'><em>1545</em></span> <span class='ocrx_word' id='word_1_233' title='bbox 1285 3249 1316 3302; x_wconf 86' lang='lat' dir='ltr'>cl</span> <span class='ocrx_word' id='word_1_234' title='bbox 1329 3242 1403 3302; x_wconf 91' lang='lat' dir='ltr'><em>IIII</em></span> 
     </span>
     <span class='ocr_line' id='line_1_30' title="bbox 114 3343 1403 3422; baseline -0.002 -17"><span class='ocrx_word' id='word_1_235' title='bbox 114 3353 179 3407; x_wconf 82' lang='lat'><em>257.</em></span> <span class='ocrx_word' id='word_1_236' title='bbox 222 3347 326 3422; x_wconf 84' lang='lat' dir='ltr'>Neque</span> <span class='ocrx_word' id='word_1_237' title='bbox 352 3347 450 3406; x_wconf 88' lang='lat' dir='ltr'>minus</span> <span class='ocrx_word' id='word_1_238' title='bbox 471 3343 589 3406; x_wconf 76' lang='lat' dir='ltr'>alienu</span> <span class='ocrx_word' id='word_1_239' title='bbox 611 3346 649 3406; x_wconf 84' lang='lat' dir='ltr'>al</span> <span class='ocrx_word' id='word_1_240' title='bbox 671 3349 725 3406; x_wconf 88' lang='lat' dir='ltr'>islo</span> <span class='ocrx_word' id='word_1_241' title='bbox 747 3346 843 3406; x_wconf 85' lang='lat' dir='ltr'>Paulo</span> <span class='ocrx_word' id='word_1_242' title='bbox 864 3353 907 3405; x_wconf 88' lang='lat' dir='ltr'>est</span> <span class='ocrx_word' id='word_1_243' title='bbox 928 3345 1001 3406; x_wconf 80' lang='lat' dir='ltr'>libri</span> <span class='ocrx_word' id='word_1_244' title='bbox 1021 3343 1184 3406; x_wconf 85' lang='lat' dir='ltr'>Bernensis</span> <span class='ocrx_word' id='word_1_245' title='bbox 1211 3345 1310 3405; x_wconf 87' lang='lat' dir='ltr'>locus:</span> <span class='ocrx_word' id='word_1_246' title='bbox 1338 3344 1403 3402; x_wconf 86' lang='lat' dir='ltr'>‘Cir</span> 
     </span>
    </p>
   </div>
   <div class='ocr_carea' id='block_1_5' title="bbox 0 3445 1403 3523">
    <p class='ocr_par' dir='ltr' id='par_1_5' title="bbox 0 3445 1403 3523">
     <span class='ocr_line' id='line_1_31' title="bbox 0 3445 1403 3523; baseline -0.002 -15"><span class='ocrx_word' id='word_1_247' title='bbox 0 3459 1 3462; x_wconf 74' lang='grc'>’</span> <span class='ocrx_word' id='word_1_248' title='bbox 111 3449 181 3509; x_wconf 84' lang='lat' dir='ltr'>urbs</span> <span class='ocrx_word' id='word_1_249' title='bbox 201 3449 412 3510; x_wconf 81' lang='lat' dir='ltr'>Mauritaniae</span> <span class='ocrx_word' id='word_1_250' title='bbox 437 3449 674 3523; x_wconf 80' lang='lat' dir='ltr'>antiquissima&#39;,</span> <span class='ocrx_word' id='word_1_251' title='bbox 705 3448 822 3508; x_wconf 80' lang='lat' dir='ltr'>‘Cirta’</span> <span class='ocrx_word' id='word_1_252' title='bbox 845 3449 974 3520; x_wconf 86' lang='lat' dir='ltr'>scilicet,</span> <span class='ocrx_word' id='word_1_253' title='bbox 1004 3455 1034 3507; x_wconf 88' lang='lat' dir='ltr'>el</span> <span class='ocrx_word' id='word_1_254' title='bbox 1054 3447 1185 3520; x_wconf 79' lang='lat' dir='ltr'>exempli</span> <span class='ocrx_word' id='word_1_255' title='bbox 1206 3445 1403 3505; x_wconf 84' lang='lat' dir='ltr'>Einsidlensis</span> 
     </span>
    </p>
   </div>
   <div class='ocr_carea' id='block_1_6' title="bbox 111 3548 1405 3936">
    <p class='ocr_par' dir='ltr' id='par_1_6' title="bbox 111 3548 1405 3936">
     <span class='ocr_line' id='line_1_32' title="bbox 113 3548 1402 3628; baseline -0.004 -17"><span class='ocrx_word' id='word_1_256' title='bbox 113 3559 301 3628; x_wconf 78' lang='lat' dir='ltr'>excerptum,</span> <span class='ocrx_word' id='word_1_257' title='bbox 328 3551 411 3625; x_wconf 79' lang='lat' dir='ltr'>quaa</span> <span class='ocrx_word' id='word_1_258' title='bbox 438 3552 542 3611; x_wconf 83' lang='lat' dir='ltr'>ultimo</span> <span class='ocrx_word' id='word_1_259' title='bbox 568 3551 635 3611; x_wconf 88' lang='lat' dir='ltr'>loco</span> <span class='ocrx_word' id='word_1_260' title='bbox 660 3552 817 3626; x_wconf 89' lang='lat' dir='ltr'>proposui.</span> <span class='ocrx_word' id='word_1_261' title='bbox 861 3549 940 3609; x_wconf 81' lang='lat' dir='ltr'>Nam</span> <span class='ocrx_word' id='word_1_262' title='bbox 966 3550 1093 3623; x_wconf 82' lang='lat' dir='ltr'>simpulis</span> <span class='ocrx_word' id='word_1_263' title='bbox 1115 3548 1161 3608; x_wconf 85' lang='lat' dir='ltr'>Iris</span> <span class='ocrx_word' id='word_1_264' title='bbox 1183 3563 1257 3622; x_wconf 81' lang='lat' dir='ltr'>quos</span> <span class='ocrx_word' id='word_1_265' title='bbox 1278 3563 1402 3608; x_wconf 89' lang='lat' dir='ltr'>camme-</span> 
     </span>
     <span class='ocr_line' id='line_1_33' title="bbox 111 3649 1403 3728; baseline -0.002 -17"><span class='ocrx_word' id='word_1_266' title='bbox 111 3655 230 3713; x_wconf 87' lang='lat' dir='ltr'>moraai</span> <span class='ocrx_word' id='word_1_267' title='bbox 254 3654 329 3712; x_wconf 89' lang='lat' dir='ltr'>iocis</span> <span class='ocrx_word' id='word_1_268' title='bbox 356 3653 447 3712; x_wconf 87' lang='lat' dir='ltr'>Pauli</span> <span class='ocrx_word' id='word_1_269' title='bbox 471 3668 577 3712; x_wconf 86' lang='lat' dir='ltr'>nomen</span> <span class='ocrx_word' id='word_1_270' title='bbox 605 3669 625 3711; x_wconf 91' lang='lat' dir='ltr'>a</span> <span class='ocrx_word' id='word_1_271' title='bbox 651 3652 781 3713; x_wconf 84' lang='lat' dir='ltr'>librario</span> <span class='ocrx_word' id='word_1_272' title='bbox 802 3666 969 3728; x_wconf 80' lang='lat' dir='ltr'>perperam</span> <span class='ocrx_word' id='word_1_273' title='bbox 1003 3651 1173 3726; x_wconf 81' lang='lat' dir='ltr'>adpositam</span> <span class='ocrx_word' id='word_1_274' title='bbox 1205 3666 1268 3710; x_wconf 84' lang='lat' dir='ltr'>esse</span> <span class='ocrx_word' id='word_1_275' title='bbox 1295 3649 1403 3718; x_wconf 83' lang='lat' dir='ltr'>uideri,</span> 
     </span>
     <span class='ocr_line' id='line_1_34' title="bbox 111 3753 1403 3832; baseline -0.001 -19"><span class='ocrx_word' id='word_1_276' title='bbox 111 3755 168 3814; x_wconf 82' lang='lat' dir='ltr'>bac</span> <span class='ocrx_word' id='word_1_277' title='bbox 183 3756 367 3832; x_wconf 68' lang='lat' dir='ltr'>praesertin</span> <span class='ocrx_word' id='word_1_278' title='bbox 389 3771 424 3814; x_wconf 89' lang='lat' dir='ltr'>re</span> <span class='ocrx_word' id='word_1_279' title='bbox 451 3754 637 3832; x_wconf 85' lang='lat' dir='ltr'>comprobari</span> <span class='ocrx_word' id='word_1_280' title='bbox 658 3757 769 3830; x_wconf 85' lang='lat' dir='ltr'>possit,</span> <span class='ocrx_word' id='word_1_281' title='bbox 803 3755 886 3831; x_wconf 79' lang='lat' dir='ltr'>quoa</span> <span class='ocrx_word' id='word_1_282' title='bbox 916 3755 1006 3829; x_wconf 73' lang='lat' dir='ltr'>lonae</span> <span class='ocrx_word' id='word_1_283' title='bbox 1037 3753 1172 3813; x_wconf 79' lang='lat' dir='ltr'>maxima</span> <span class='ocrx_word' id='word_1_284' title='bbox 1199 3767 1275 3827; x_wconf 90' lang='lat' dir='ltr'>pars</span> <span class='ocrx_word' id='word_1_285' title='bbox 1301 3768 1403 3813; x_wconf 88' lang='lat' dir='ltr'>eorum</span> 
     </span>
     <span class='ocr_line' id='line_1_35' title="bbox 111 3854 1405 3936; baseline -0.002 -20"><span class='ocrx_word' id='word_1_286' title='bbox 111 3873 187 3932; x_wconf 83' lang='lat' dir='ltr'>quae</span> <span class='ocrx_word' id='word_1_287' title='bbox 208 3863 327 3916; x_wconf 81' lang='lat' dir='ltr'>restant</span> <span class='ocrx_word' id='word_1_288' title='bbox 348 3857 380 3917; x_wconf 88' lang='lat' dir='ltr'>in</span> <span class='ocrx_word' id='word_1_289' title='bbox 401 3857 599 3918; x_wconf 71' lang='lat' dir='ltr'>absimillima</span> <span class='ocrx_word' id='word_1_290' title='bbox 621 3863 801 3932; x_wconf 79' lang='lat' dir='ltr'>arpumenlo</span> <span class='ocrx_word' id='word_1_291' title='bbox 822 3863 971 3936; x_wconf 84' lang='lat' dir='ltr'>uersatur.</span> <span class='ocrx_word' id='word_1_292' title='bbox 1018 3854 1107 3926; x_wconf 79' lang='lat' dir='ltr'>Quem</span> <span class='ocrx_word' id='word_1_293' title='bbox 1129 3871 1202 3914; x_wconf 85' lang='lat' dir='ltr'>uero</span> <span class='ocrx_word' id='word_1_294' title='bbox 1223 3854 1303 3915; x_wconf 82' lang='lat' dir='ltr'>bunc</span> <span class='ocrx_word' id='word_1_295' title='bbox 1324 3854 1405 3914; x_wconf 86' lang='lat' dir='ltr'>Pau-</span> 
     </span>
    </p>
   </div>
   <div class='ocr_carea' id='block_1_7' title="bbox 1 3947 1403 4035">
    <p class='ocr_par' dir='ltr' id='par_1_7' title="bbox 1 3947 1403 4035">
     <span class='ocr_line' id='line_1_36' title="bbox 1 3947 1403 4035; baseline -0.004 -16"><span class='ocrx_word' id='word_1_296' title='bbox 1 3947 2 4030; x_wconf 34' lang='grc' dir='ltr'>ᾗ</span> <span class='ocrx_word' id='word_1_297' title='bbox 108 3960 168 4020; x_wconf 90' lang='lat' dir='ltr'>lum</span> <span class='ocrx_word' id='word_1_298' title='bbox 184 3957 286 4032; x_wconf 74' lang='lat' dir='ltr'>[uisse</span> <span class='ocrx_word' id='word_1_299' title='bbox 306 3959 457 4029; x_wconf 80' lang='lat' dir='ltr'>dicamus,</span> <span class='ocrx_word' id='word_1_300' title='bbox 480 3958 666 4033; x_wconf 81' lang='lat' dir='ltr'>difficillima</span> <span class='ocrx_word' id='word_1_301' title='bbox 688 3956 823 4035; x_wconf 82' lang='lat' dir='ltr'>quaestio</span> <span class='ocrx_word' id='word_1_302' title='bbox 844 3965 896 4018; x_wconf 87' lang='lat' dir='ltr'>est.</span> <span class='ocrx_word' id='word_1_303' title='bbox 935 3957 1014 4018; x_wconf 83' lang='lat' dir='ltr'>Nam</span> <span class='ocrx_word' id='word_1_304' title='bbox 1036 3964 1151 4018; x_wconf 74' lang='lat' dir='ltr'>caimos</span> <span class='ocrx_word' id='word_1_305' title='bbox 1172 3956 1282 4017; x_wconf 88' lang='lat' dir='ltr'>Paulos</span> <span class='ocrx_word' id='word_1_306' title='bbox 1301 3971 1403 4031; x_wconf 83' lang='lat' dir='ltr'>pram-</span> 
     </span>
    </p>
   </div>
   <div class='ocr_carea' id='block_1_8' title="bbox 109 4058 1405 4342">
    <p class='ocr_par' dir='ltr' id='par_1_8' title="bbox 109 4058 1405 4342">
     <span class='ocr_line' id='line_1_37' title="bbox 109 4058 1405 4138; baseline -0.004 -17"><span class='ocrx_word' id='word_1_307' title='bbox 109 4063 233 4122; x_wconf 85' lang='lat' dir='ltr'>malicos</span> <span class='ocrx_word' id='word_1_308' title='bbox 264 4062 523 4138; x_wconf 81' lang='lat' dir='ltr'>circumspicienti</span> <span class='ocrx_word' id='word_1_309' title='bbox 551 4063 720 4123; x_wconf 85' lang='lat' dir='ltr'>Diaconum</span> <span class='ocrx_word' id='word_1_310' title='bbox 751 4063 867 4122; x_wconf 87' lang='lat' dir='ltr'>scilieet</span> <span class='ocrx_word' id='word_1_311' title='bbox 894 4066 923 4120; x_wconf 85' lang='lat' dir='ltr'>ei</span> <span class='ocrx_word' id='word_1_312' title='bbox 950 4060 1331 4136; x_wconf 74' lang='lat' dir='ltr'>Coriolanlinopoliianum,</span> <span class='ocrx_word' id='word_1_313' title='bbox 1366 4058 1405 4116; x_wconf 80' lang='lat' dir='ltr'>cie</span> 
     </span>
     <span class='ocr_line' id='line_1_38' title="bbox 110 4161 1403 4240; baseline -0.003 -16"><span class='ocrx_word' id='word_1_314' title='bbox 110 4181 168 4238; x_wconf 79' lang='lat' dir='ltr'>qao</span> <span class='ocrx_word' id='word_1_315' title='bbox 196 4165 345 4224; x_wconf 86' lang='lat' dir='ltr'>Vserreras</span> <span class='ocrx_word' id='word_1_316' title='bbox 371 4163 510 4224; x_wconf 82' lang='lat' dir='ltr'>disseruit</span> <span class='ocrx_word' id='word_1_317' title='bbox 537 4180 635 4240; x_wconf 87' lang='lat' dir='ltr'>nuper</span> <span class='ocrx_word' id='word_1_318' title='bbox 661 4180 735 4224; x_wconf 91' lang='lat' dir='ltr'>mus.</span> <span class='ocrx_word' id='word_1_319' title='bbox 758 4163 855 4224; x_wconf 83' lang='lat' dir='ltr'>Bben.</span> <span class='ocrx_word' id='word_1_320' title='bbox 878 4162 997 4223; x_wconf 82' lang='lat' dir='ltr'><em>XXIII</em></span> <span class='ocrx_word' id='word_1_321' title='bbox 1011 4179 1047 4238; x_wconf 85' lang='lat' dir='ltr'>p.</span> <span class='ocrx_word' id='word_1_322' title='bbox 1073 4167 1131 4222; x_wconf 79' lang='grc'>497</span> <span class='ocrx_word' id='word_1_323' title='bbox 1151 4178 1224 4236; x_wconf 77' lang='lat' dir='ltr'>seq..</span> <span class='ocrx_word' id='word_1_324' title='bbox 1253 4161 1331 4220; x_wconf 85' lang='lat' dir='ltr'>nibil</span> <span class='ocrx_word' id='word_1_325' title='bbox 1356 4175 1403 4220; x_wconf 90' lang='lat' dir='ltr'>oc·</span> 
     </span>
     <span class='ocr_line' id='line_1_39' title="bbox 109 4265 1202 4342; baseline -0.001 -17"><span class='ocrx_word' id='word_1_326' title='bbox 109 4269 220 4341; x_wconf 85' lang='lat' dir='ltr'>currit,</span> <span class='ocrx_word' id='word_1_327' title='bbox 245 4281 304 4341; x_wconf 76' lang='lat' dir='ltr'>aaa</span> <span class='ocrx_word' id='word_1_328' title='bbox 326 4266 405 4326; x_wconf 83' lang='lat' dir='ltr'>banc</span> <span class='ocrx_word' id='word_1_329' title='bbox 426 4266 477 4326; x_wconf 85' lang='lat' dir='ltr'>uel</span> <span class='ocrx_word' id='word_1_330' title='bbox 497 4266 580 4327; x_wconf 88' lang='lat' dir='ltr'>illum</span> <span class='ocrx_word' id='word_1_331' title='bbox 602 4267 773 4340; x_wconf 76' lang='lat' dir='ltr'>siqnificari</span> <span class='ocrx_word' id='word_1_332' title='bbox 788 4281 848 4342; x_wconf 88' lang='lat' dir='ltr'>pro</span> <span class='ocrx_word' id='word_1_333' title='bbox 869 4273 953 4326; x_wconf 89' lang='lat' dir='ltr'>cerlo</span> <span class='ocrx_word' id='word_1_334' title='bbox 973 4265 1081 4324; x_wconf 79' lang='lat' dir='ltr'>baberi</span> <span class='ocrx_word' id='word_1_335' title='bbox 1093 4265 1202 4339; x_wconf 88' lang='lat' dir='ltr'>possit.</span> 
     </span>
    </p>
   </div>
   <div class='ocr_carea' id='block_1_9' title="bbox 186 4481 1325 4670">
    <p class='ocr_par' dir='ltr' id='par_1_9' title="bbox 186 4481 1325 4670">
     <span class='ocr_line' id='line_1_40' title="bbox 680 4481 949 4554; baseline -0.007 -4"><span class='ocrx_word' id='word_1_336' title='bbox 680 4483 764 4554; x_wconf 76' lang='lat' dir='ltr'>Car.</span> <span class='ocrx_word' id='word_1_337' title='bbox 786 4481 833 4548; x_wconf 95' lang='grc' dir='ltr'>ΙΙ.</span> <span class='ocrx_word' id='word_1_338' title='bbox 942 4534 949 4548; x_wconf 95' lang='grc'><strong>.</strong></span> 
     </span>
     <span class='ocr_line' id='line_1_41' title="bbox 186 4599 1325 4670; baseline -0.003 -1"><span class='ocrx_word' id='word_1_339' title='bbox 186 4603 246 4669; x_wconf 84' lang='lat' dir='ltr'>DE</span> <span class='ocrx_word' id='word_1_340' title='bbox 269 4601 716 4670; x_wconf 82' lang='lat' dir='ltr'><strong>ORTHOGRAPHIARVM</strong></span> <span class='ocrx_word' id='word_1_341' title='bbox 739 4600 1059 4670; x_wconf 85' lang='lat' dir='ltr'><strong>ANONYMARVM</strong></span> <span class='ocrx_word' id='word_1_342' title='bbox 1082 4599 1325 4668; x_wconf 78' lang='lat' dir='ltr'>CODIOIBVS.</span> 
     </span>
    </p>
   </div>
   <div class='ocr_carea' id='block_1_10' title="bbox 1 4727 1454 4943">
    <p class='ocr_par' dir='ltr' id='par_1_10' title="bbox 1 4727 1454 4943">
     <span class='ocr_line' id='line_1_42' title="bbox 1 4727 1454 4858; baseline -0.001 -36"><span class='ocrx_word' id='word_1_343' title='bbox 1 4841 2 4858; x_wconf 12' lang='grc' dir='ltr'>ἵ</span> <span class='ocrx_word' id='word_1_344' title='bbox 195 4763 333 4825; x_wconf 72' lang='lat' dir='ltr'>Cadmem</span> <span class='ocrx_word' id='word_1_345' title='bbox 348 4764 444 4838; x_wconf 78' lang='lat' dir='ltr'>ipilur</span> <span class='ocrx_word' id='word_1_346' title='bbox 460 4763 641 4823; x_wconf 86' lang='lat' dir='ltr'>Beruensem</span> <span class='ocrx_word' id='word_1_347' title='bbox 658 4769 725 4833; x_wconf 85' lang='lat'><em>522,</em></span> <span class='ocrx_word' id='word_1_348' title='bbox 742 4763 822 4824; x_wconf 81' lang='lat' dir='ltr'>ande</span> <span class='ocrx_word' id='word_1_349' title='bbox 844 4760 1161 4836; x_wconf 80' lang='lat' dir='ltr'>ortioprapbiam</span> <span class='ocrx_word' id='word_1_350' title='bbox 1178 4760 1405 4821; x_wconf 81' lang='lat' dir='ltr'>Beruenscm</span> <span class='ocrx_word' id='word_1_351' title='bbox 1450 4727 1454 4736; x_wconf 30' lang='grc' dir='ltr'>Ι</span> 
     </span>
     <span class='ocr_line' id='line_1_43' title="bbox 111 4862 1404 4943; baseline 0 -18"><span class='ocrx_word' id='word_1_352' title='bbox 111 4868 268 4940; x_wconf 91' lang='lat' dir='ltr'>primam</span> <span class='ocrx_word' id='word_1_353' title='bbox 279 4868 384 4943; x_wconf 80' lang='lat' dir='ltr'>pelini,</span> <span class='ocrx_word' id='word_1_354' title='bbox 400 4883 496 4942; x_wconf 89' lang='lat' dir='ltr'>supra</span> <span class='ocrx_word' id='word_1_355' title='bbox 511 4866 661 4942; x_wconf 77' lang='lat' dir='ltr'>descripsi</span> <span class='ocrx_word' id='word_1_356' title='bbox 668 4883 703 4942; x_wconf 93' lang='lat' dir='ltr'>p.</span> <span class='ocrx_word' id='word_1_357' title='bbox 714 4864 880 4926; x_wconf 75' lang='lat' dir='ltr'><em>XXXVII</em></span> <span class='ocrx_word' id='word_1_358' title='bbox 892 4879 952 4939; x_wconf 80' lang='lat' dir='ltr'>seq.</span> <span class='ocrx_word' id='word_1_359' title='bbox 981 4863 1118 4924; x_wconf 82' lang='lat' dir='ltr'>Eandem</span> <span class='ocrx_word' id='word_1_360' title='bbox 1134 4864 1166 4924; x_wconf 89' lang='lat' dir='ltr'>in</span> <span class='ocrx_word' id='word_1_361' title='bbox 1177 4862 1318 4924; x_wconf 86' lang='lat' dir='ltr'>Parisino</span> <span class='ocrx_word' id='word_1_362' title='bbox 1333 4879 1404 4939; x_wconf 81' lang='lat' dir='ltr'>qno-</span> 
     </span>
    </p>
   </div>
   <div class='ocr_carea' id='block_1_11' title="bbox 0 0 1703 5550">
    <p class='ocr_par' dir='ltr' id='par_1_11' title="bbox 0 0 1703 5550">
     <span class='ocr_line' id='line_1_44' title="bbox 0 0 1703 5550; baseline 0 0"><span class='ocrx_word' id='word_1_363' title='bbox 0 0 1703 5550; x_wconf 95' lang='lat' dir='ltr'> </span> 
     </span>
    </p>
   </div>
  </div>
 </body>
</html>
