3352 5556
486 265 561 316 CVM
575 263 784 329 {uxcuuP'rls
801 264 976 317 INEDI'I'IS.
1213 277 1372 325 CCXXXIII

13 465 14 490 t
88 453 260 534 probrcui,
285 452 387 514 etubi
410 471 530 516 necesse
553 463 610 524 est.
641 452 766 516 habetur
793 452 967 534 prolonga.
1013 452 1053 514 Ila
1076 450 1129 514 ubi
1152 453 1296 534 accipitur
1319 471 1375 532 pro

13 545 15 640 p
88 540 175 618 longa.

345 612 348 618 ¹
454 625 527 685 lloc
551 633 645 693 crat.
670 625 762 687 alma
787 643 934 704 pareus.

13 775 14 798 p
88 711 123 770 lla
145 711 197 772 ubi
221 712 259 771 sit
282 710 392 772 breuis.

251 795 359 856 Solus
381 794 443 858 bic
466 794 620 856 inflexit
642 814 778 857 sensus
800 795 999 857 Brauionis
1021 793 1062 854 ad
1085 813 1216 855 amnes.

109 957 126 1040 J
165 963 310 1026 Dicebant
330 972 414 1028 atttea
438 972 565 1035 ueteres,
589 966 666 1047 quotl
692 975 761 1028 tunc
785 974 863 1027 esset
884 983 971 1046 asper
993 965 1124 1046 spiritus,
1149 965 1268 1042 quando
1283 983 1373 1025 unum

87 1053 170 1111 semis
194 1058 247 1112 aut
270 1051 328 1112 duo
351 1055 440 1113 semis
462 1061 512 1112 aut
534 1052 588 1112 tcio
613 1061 745 1131 tempora
768 1050 955 1121 habuissent;
980 1050 1096 1131 quando
1119 1069 1191 1110 uero
1211 1069 1302 1110 unum
1325 1057 1377 1110 aut

87 1137 138 1196 duo
165 1145 301 1216 tempora
333 1136 522 1203 habuissent,
552 1146 623 1197 tuuc
652 1145 730 1198 essct
757 1136 832 1197 lonis
858 1137 989 1216 spiritus.
1035 1134 1207 1206 Quomodo?
1251 1135 1321 1196 Puta
1351 1137 1375 1195 si
1400 1173 1407 1188 ·

87 1221 174 1282 dicam
205 1224 281 1290 ἠν,
312 1223 368 1282 boc
396 1239 534 1282 sermone
563 1221 700 1283 dicebant
729 1230 847 1283 uictores
874 1220 955 1283 illam
985 1220 1117 1282 uocalcm
1145 1238 1235 1281 unum
1260 1230 1376 1300 tempus

13 1351 15 1382 ,
60 1307 212 1377 ultobere,
241 1307 319 1368 illam
349 1315 561 1368 consonantem
592 1326 664 1369 uero
694 1308 822 1369 medium
846 1318 875 1368 et
897 1317 968 1367 tunc
990 1305 1127 1367 dicebaut
1150 1325 1213 1367 esse
1235 1323 1374 1385 asperum

13 1407 14 1420 ¹
87 1394 231 1472 spiritum.
278 1391 430 1463 Quomodo
453 1393 560 1453 dicitur
582 1395 705 1471 spiritus
730 1411 793 1453 esso
816 1392 909 1454 leuis?
954 1391 1024 1453 Puta
1054 1392 1078 1452 si
1101 1391 1196 1452 dicam
1220 1393 1306 1452 ‘ars’:
1331 1390 1375 1452 di·

13 1439 15 1536 l
87 1477 189 1538 cebant
213 1475 293 1537 illam
318 1477 449 1538 uocalem
474 1497 563 1538 unum
582 1487 698 1557 tempus
715 1478 825 1538 babere
848 1486 877 1538 et
892 1475 958 1538 illas
973 1477 1046 1538 duas
1061 1485 1257 1537 consonantes
1273 1494 1374 1542 unum,

89 1572 112 1622 ct
132 1570 207 1623 tuuc
230 1561 369 1623 dicebant
391 1581 457 1624 esse
481 1561 577 1624 lenem
600 1565 756 1642 spiritum,
779 1563 829 1624 scd
854 1581 912 1623 non
936 1571 981 1624 est
1003 1566 1052 1632 ita,
1077 1565 1135 1622 uisi
1158 1560 1244 1640 longa
1267 1559 1375 1642 syllaba

87 1649 138 1708 duo
161 1656 299 1727 tempora
323 1647 420 1717 babet,
445 1646 546 1708 breuis
567 1667 670 1709 unnim.

60 1897 76 1934 2⁵
568 1885 616 1947 DE
644 1886 885 1948 ACCEN'IIBVS.

164 2052 323 2137 ll58bl
346 2056 488 2117 Ilisccetio
517 2059 681 2134 conrumpit
708 2054 837 2135 regulam
868 2063 1054 2116 accentuum.
1093 2055 1265 2128 Quomodo?
1303 2055 1374 2115 Puta

87 2143 108 2200 si
127 2142 224 2202 dicam
249 2143 350 2219 ‘poue’
375 2150 403 2200 et
425 2142 532 2218 ‘engo’.
579 2141 657 2202 loten
679 2146 780 2221 ‘pone'
806 2151 835 2200 et
856 2143 956 2221 ‘poue'
980 2140 1049 2218 quid
1066 2141 1173 2202 distatl
1218 2143 1249 2201 Si
1272 2139 1376 2200 dixero

87 2227 181 2302 ‘pono‘
208 2233 239 2286 et
262 2226 442 2304 paenultimo
458 2225 523 2286 loco
539 2225 676 2288 babuerit
691 2234 859 2298 accentum,
885 2229 941 2286 ecit
956 2226 1081 2288 uerbum
1099 2225 1268 2304 imperatiui
1284 2225 1374 2285 modi.

88 2310 121 2369 lla
144 2313 209 2372 eius
235 2308 413 2388 exeuiplum.

59 2405 77 2444 2⁰
252 2395 349 2457 Pone
371 2395 633 2475 supercilium,
657 2399 686 2457 si
709 2404 743 2457 te
766 2397 965 2476 cognoscis
987 2397 1157 2457 amicum.

87 2479 152 2540 llam
176 2483 202 2541 si
226 2479 330 2540 ultimo
352 2479 417 2541 loco
440 2481 576 2542 babuerit
599 2489 754 2542 accentum
779 2490 808 2541 ot
830 2481 1020 2543 subsecutum
1045 2480 1135 2541 luerit
1158 2499 1266 2542 nomeu
1290 2497 1377 2540 accu-

88 2569 167 2627 satiui
191 2583 289 2632 casus.
313 2569 369 2626 ecit
391 2569 583 2646 praepositio.
631 2568 669 2628 [la
694 2570 758 2628 cius
781 2565 956 2648 exemplum.

253 2651 351 2712 Pone
373 2653 472 2712 laces
495 2652 625 2712 caudis
648 2653 905 2732 circumligat,
929 2655 964 2712 in
988 2661 1065 2713 sata
1089 2652 1213 2712 mittit.

88 2736 115 2796 Si
136 2735 267 2797 uerbum
290 2735 480 2798 subsecutum
502 2737 594 2798 luerit
615 2746 645 2798 et
667 2739 698 2798 in
721 2739 784 2817 ipsa
807 2737 908 2799 ultima
931 2736 1041 2818 syllaba
1059 2735 1194 2798 babuerit
1212 2743 1376 2806 accentum,

60 2823 139 2882 serit
160 2819 340 2882 aduerbium
364 2820 430 2891 loci,
454 2823 531 2902 quod
554 2823 699 2900 siguificat
722 2825 825 2884 ‘retro’
850 2825 962 2903 ‘pone’.
1006 2822 1049 2882 Da
1073 2825 1137 2883 eius
1159 2819 1336 2901 exemplum.

253 2921 354 2985 Pone
376 2923 477 2985 subit
498 2923 650 2995 coniux,
675 2924 835 2986 lenimur
857 2943 923 3004 pec
945 2941 1058 3004 opaca
1081 2922 1257 2984 locorum.

117 3209 345 3248 sluttmmtm.

88 3301 133 3356 pro
163 3285 252 3342 breui.
303 3286 336 3342 llo
366 3284 411 3342 ubi
440 3287 476 3342 sit
504 3285 595 3359 longa.
640 3285 710 3343 ‘lloc
737 3293 795 3342 crat
824 3285 893 3342 alma
923 3285 1042 3360 parens?
1084 3286 1119 3342 lla
1148 3285 1240 3343 breue.
1285 3283 1377 3342 ‘Solus

13 3421 14 3450 p
88 3369 126 3426 bic
147 3371 254 3427 iollcxit
276 3369 408 3428 sensum!

13 3455 14 3482 ³
166 3456 186 3513 6
208 3456 342 3513 Iulianus
353 3473 387 3527 p.
405 3460 454 3513 13.-
477 3455 604 3513 lliccbant
619 3466 738 3529 ueteres,
762 3457 834 3530 quod
852 3463 916 3512 tuno
931 3466 1004 3512 essct
1019 3473 1100 3530 asper
1114 3456 1246 3530 spiritus,
1270 3456 1376 3531 quando

88 3555 164 3596 unum
195 3540 296 3612 semis,
324 3549 371 3596 aut
400 3541 469 3598 duos
498 3543 579 3598 semis
601 3550 647 3597 aut
672 3544 720 3598 trio
745 3549 867 3616 tempora
892 3539 1044 3606 imbuissot;
1074 3541 1180 3615 quoodo
1204 3557 1270 3597 uero
1295 3558 1377 3597 unum

13 3621 14 3658 ἶ
88 3635 128 3680 aut
156 3626 212 3682 duo
243 3633 362 3700 tempora
386 3625 484 3696 babet,
508 3635 572 3683 tunc
594 3634 635 3681 est
661 3627 729 3682 lonis
752 3629 874 3700 spiritus.
919 3624 1078 3692 Quomodo?
1102 3626 1134 3680 Vt
1157 3634 1221 3699 puto
1245 3628 1267 3682 si
1291 3626 1376 3682 «licam

89 3707 148 3764 'et’z
179 3713 206 3766 iu
236 3711 290 3767 boc
318 3727 444 3766 sermone
466 3741 508 3751 -
532 3720 638 3786 tempus
667 3711 782 3782 babere,
810 3719 1003 3768 consonantem
1027 3727 1093 3767 uero
1116 3712 1232 3766 modium
1255 3720 1284 3766 et
1313 3720 1378 3766 tunc

13 3807 15 3820 ·
88 3811 209 3868 asperum
232 3797 359 3869 spiritum
383 3813 444 3853 esse
466 3795 601 3853 dicebant.
645 3795 757 3874 Quando
780 3797 880 3854 dicitur
901 3796 1016 3870 spiritus
1039 3812 1099 3852 esse
1127 3796 1213 3852 lonisl
1259 3795 1290 3851 vt
1312 3805 1377 3871 putu

89 3881 107 3932 si
122 3881 207 3937 dicam
224 3879 310 3936 ‘ars'z
333 3881 459 3938 dicebant
480 3881 552 3938 illam
576 3882 699 3938 uocalem
721 3881 820 3938 bebere
843 3899 931 3938 unum.
950 3890 1067 3956 tempus,
1091 3890 1118 3938 ct
1140 3882 1199 3938 illas
1224 3879 1291 3938 duas
1313 3891 1378 3939 con-

89 3975 213 4022 sonantes
244 3983 342 4038 onum,
366 3975 394 4022 et
417 3975 482 4024 tunc
505 3975 547 4023 est
569 3965 637 4024 lenls
660 3968 783 4040 spiritus.
828 3965 879 4024 Sed
901 3984 957 4024 non
980 3976 1021 4024 ost
1044 3970 1080 4024 itu
1104 3997 1145 4008 -
1167 3965 1259 4024 breuis
1283 3983 1376 4023 unum.

168 4051 208 4109 16
230 4051 365 4108 Iulianus
385 4070 415 4122 p.
435 4057 489 4108 58.-
512 4051 653 4122 Quomodo
677 4052 823 4109 discnetlo?
859 4053 935 4109 SIcut
957 4071 1028 4126 poue
1051 4063 1077 4109 et
1100 4070 1174 4126 argo.
1211 4051 1379 4125 Interpone

90 4143 112 4188 ct
132 4153 200 4210 crgo
224 4136 288 4211 quid
312 4136 414 4194 distat?
450 4137 478 4194 Si
501 4137 593 4193 dixero
615 4134 697 4210 pone,
720 4145 748 4192 et
770 4137 921 4211 penultimo
945 4167 985 4176 -
1008 4154 1068 4194 nam
1091 4139 1113 4194 si
1136 4136 1233 4194 ultimo
1256 4136 1328 4207 loco,
1352 4145 1380 4193 ot

90 4220 259 4278 subsecutum
282 4221 366 4278 luerit
389 4253 427 4262 —-
452 4224 475 4278 si
497 4221 610 4278 uerbum
634 4222 809 4278 subsecutum
833 4222 932 4294 locuit,
956 4225 1008 4278 erit
1030 4220 1186 4279 aducrbium
1210 4221 1281 4292 loci,
1305 4221 1378 4295 quod

13 4325 14 4380 p
90 4305 219 4378 significat
242 4317 325 4363 retro.
370 4307 404 4362 lla
428 4309 487 4364 eius
510 4307 670 4382 exemplum.
715 4307 799 4364 ‘Pone
820 4335 862 4346 -
885 4324 968 4381 opoca
991 4305 1135 4364 locorum'

91 4571 197 4608 comens
215 4572 370 4610 cucusum
388 4559 438 4610 207
455 4571 603 4611 vunssans.

153 4644 165 4692 l
186 4643 261 4693 breite
311 4641 410 4710 3lloc]
435 4644 593 4710 Verp.Aeu.
611 4645 707 4694 11664
739 4645 843 4694 alumna
861 4658 954 4710 parens
1007 4642 1133 4695 obicum.
1188 4645 1218 4694 iu
1238 4644 1377 4709 penultimo

91 4709 120 4760 20
135 4709 204 4760 Pone
221 4707 396 4778 supercilium]
420 4713 519 4763 Seducit
537 4714 623 4778 praes.
645 4716 670 4762 t'n
692 4729 734 4778 op.
756 4713 846 4778 pascit.
869 4731 892 4764 u.
914 4715 1006 4762 diem.
1029 4711 1070 4761 VI
1091 4729 1118 4776 p.
1138 4714 1188 4762 459
1208 4713 1229 4761 G
1251 4714 1293 4764 cd.
1312 4713 1377 4764 Beo.

92 4777 120 4826 23
136 4779 204 4828 Pone
222 4777 302 4846 loces]
322 4781 458 4832 Pindeotii
474 4782 611 4833 cncbet'rid.
630 4799 654 4831 u.
675 4783 706 4831 70
774 4782 807 4832 26
825 4781 895 4832 Pone
914 4778 994 4845 subit]
1018 4779 1097 4846 Vcrp.
1117 4780 1184 4832 Aen.
1203 4779 1238 4831 II
1257 4785 1307 4833 725
