3354 5580
604 1413 817 1494 VIIII.

65 1641 495 1743 COMMENTVM
526 1644 963 1746 EINSIDLENSE
995 1643 1070 1740 IN
1099 1643 1359 1742 DONATI
1421 1791 1423 1796 Ι

413 1815 647 1914 ΑΒΤΕΜ
671 1813 1002 1914 MAIOREM.

617 2329 665 2389 DE
694 2327 803 2390 VOOE.

152 2440 163 2525 ll
180 2463 209 2524 p.
228 2441 288 2506 138
305 2445 382 2508 med.
400 2440 413 2526 ll
443 2443 609 2507 Locuturus
631 2447 761 2508 Donatus
784 2445 819 2507 de
840 2448 1032 2524 grammatica
1056 2444 1255 2525 disputatione
1283 2444 1358 2506 berre

71 2545 216 2609 incohauit
238 2567 254 2608 a
277 2566 365 2620 uoce,
395 2552 464 2626 quia
492 2567 549 2608 uox
578 2559 624 2608 ost
650 2548 874 2610 tundamentum
904 2551 1034 2610 omniurn
1063 2548 1181 2608 artium.
1226 2547 1359 2608 Nabide

72 2663 140 2708 uoce
162 2647 326 2710 formantur
350 2651 481 2720 litterae,
506 2668 541 2710 ex
564 2650 674 2710 litteris
696 2649 826 2730 syllabae
848 2659 878 2710 et
901 2669 936 2710 ex
952 2649 1072 2730 syllabis
1087 2657 1188 2729 partes
1204 2658 1234 2710 et
1248 2658 1358 2710 cetera.

73 2747 225 2812 Sciendum
248 2760 346 2813 autern
369 2751 419 2812 XV
441 2752 628 2812 definitiones
652 2769 714 2812 esse
737 2750 814 2832 apud
837 2752 988 2821 rhetores,
1013 2750 1172 2831 exquibus
1195 2751 1269 2812 dnac
1292 2760 1361 2812 suot

52 2851 260 2930 oprineipales,
289 2853 473 2917 substantiae
502 2853 644 2914 uidelicet
666 2861 696 2914 et
718 2853 929 2922 accidentium,
958 2871 1031 2932 quae
1060 2852 1161 2913 anrbas
1189 2851 1236 2912 bic
1266 2855 1360 2930 tangit

75 2947 205 3014 Donatus.
249 2955 320 3015 Cum
350 2957 430 3016 eninr
459 2956 547 3016 dicit:
576 2957 652 3015 ‘uox
675 2963 721 3014 est
742 2971 794 3016 aer
815 2955 917 3024 ictus',
946 2954 1149 3016 definitionem
1178 2953 1358 3014 substantiae

75 3055 204 3116 ostendit.
250 3055 286 3115 Et
308 3057 338 3116 ia
362 3055 417 3116 bac
440 3058 534 3136 prirna
557 3056 728 3118 delinitione
743 3056 802 3117 duo
819 3055 997 3134 requirenda
1013 3064 1096 3125 sont,
1121 3054 1264 3116 uidelicet
1279 3073 1359 3116 cour-

76 3157 167 3216 muido
190 3165 219 3216 et
240 3161 416 3237 proprietas.
462 3160 708 3220 communionem
731 3175 858 3239 namque
887 3157 976 3218 babet
1004 3175 1060 3218 uox
1084 3175 1149 3218 curn
1174 3157 1280 3218 litteris
1302 3157 1360 3237 syl·

45 3305 49 3314 .
76 3251 142 3316 labis
170 3257 352 3339 pedibusque
383 3279 417 3319 ac
445 3260 568 3339 reliquis
594 3259 730 3339 partibus
753 3263 782 3321 in
806 3279 855 3328 eo,
881 3259 959 3338 (ruod
982 3259 1102 3319 dicitur:
1141 3260 1216 3318 ‘uox
1240 3267 1285 3319 est
1308 3277 1359 3319 aer

47 3357 166 3419 uictus’.
211 3359 285 3421 Narn
314 3363 433 3422 nomina
463 3361 574 3422 litteras
603 3360 787 3443 syllabasque
818 3363 1004 3442 prolerentes
1037 3379 1135 3422 aerenr
1167 3362 1358 3439 percutimus.

77 3456 235 3544 Proprietal¹
256 3459 316 3524 139
334 3460 407 3546 lltern
423 3463 453 3522 in
469 3481 519 3532 eo,
543 3463 622 3540 quod
639 3463 795 3542 subiungit
809 3462 996 3532 ‘sensibilis’,
1013 3461 1116 3523 auditu
1131 3471 1244 3523 tanturn
1261 3462 1359 3532 modo,
1448 3501 1451 3506 ·

78 3577 128 3620 non
150 3565 229 3632 uisu,
253 3566 332 3625 sicut
354 3563 461 3626 littera.
508 3565 648 3636 Quamuis
672 3567 749 3625 enim
773 3565 888 3627 litterae
905 3573 934 3624 et
949 3573 1048 3644 partos
1070 3563 1236 3632 audiantur,
1260 3571 1360 3625 tamen

79 3662 206 3725 uidentur
234 3676 264 3725 et
291 3668 373 3744 tangi
402 3675 526 3746 possunt
553 3667 582 3726 in
610 3666 698 3728 libro.
743 3668 816 3728 Cunr
845 3685 917 3726 uero
945 3666 1017 3726 dicit
1044 3664 1208 3726 ‘sensibilis
1231 3664 1360 3734 audiant

79 3765 264 3826 accidentium
288 3767 491 3828 definitionem
513 3769 618 3845 turigii.
663 3767 776 3829 Accidit
799 3770 877 3829 enini
902 3787 959 3828 uox
974 3766 1096 3828 auditui.
1134 3767 1271 3846 Quinque
1292 3776 1362 3828 sunt

51 3869 203 3944 occuperis
230 3886 346 3928 accisus:
378 3871 460 3930 nisus
487 3869 604 3930 auduus
632 3877 735 3946 gustus
762 3869 901 3930 odoratus
930 3879 959 3930 et
981 3877 1092 3939 tactus,
1123 3871 1172 3946 qui
1201 3887 1236 3928 ex
1264 3889 1296 3929 se
1324 3870 1360 3931 de

79 3966 192 4028 cerebro
207 3986 262 4048 per
277 3969 388 4030 listulas
412 3969 447 4029 ad
471 3989 523 4032 cor·
539 3969 723 4031 descendunt
738 3979 768 4032 et
784 3990 858 4032 unns
874 3974 998 4051 quisque
1021 3970 1140 4032 illorurn
1164 3989 1249 4032 suum
1273 3971 1360 4032 babet

79 4069 212 4131 accidens.
258 4071 330 4131 Nara
360 4073 455 4133 cordis
483 4073 592 4133 accidit
621 4074 702 4132 uisus
731 4081 760 4132 et
786 4070 889 4132 oculus
918 4073 1008 4141 uisui,
1038 4071 1154 4134 auditus
1182 4072 1303 4133 auribus
1332 4082 1361 4133 et

79 4185 156 4230 aures
176 4173 302 4242 auditui,
332 4183 435 4252 gustus
458 4175 503 4234 ori
527 4182 555 4234 ct
577 4194 610 4235 os
632 4176 746 4252 gustui,
777 4175 903 4236 ollactus
926 4174 1047 4235 naribus
1069 4184 1209 4236 eineres
1231 4174 1359 4250 olfactui,

79 4277 164 4332 tactus
184 4293 255 4335 uero
280 4276 393 4354 reliquo
416 4294 542 4355 (corpore
565 4277 734 4337 dimittitur.
778 4279 902 4336 ‚inlotae
925 4296 1041 4356 quoqne
1066 4295 1170 4338 sensus
1192 4277 1214 4335 V
1237 4295 1359 4338 enume-

51 4379 184 4436 urantur:
207 4378 413 4438 intellectualis
442 4376 626 4440 rationabilis
659 4377 819 4440 irascibilis
852 4379 1091 4458 concupiscibilis
1125 4378 1230 4439 uitalis.
1276 4379 1361 4438 Nunc

79 4492 127 4552 per
151 4478 264 4556 singula
295 4479 458 4540 uideanrus.
509 4478 581 4541 Vox
611 4488 667 4541 est
693 4499 756 4542 aer
784 4482 892 4542 lctus.
943 4480 1022 4541 lctus
1051 4481 1081 4541 id
1115 4487 1159 4540 est
1191 4493 1449 4559 percussuS.³6⁷‚5

138 4732 197 4783 Cori.
215 4731 326 4784 nimici.
346 4737 396 4784 172
412 4751 439 4798 p.
459 4737 604 4798 138—150,
624 4737 674 4785 201
681 4735 768 4791 -208,
790 4737 923 4784 151-195
991 4731 1152 4783 uincebatur
1231 4732 1362 4783 adiloni-

81 4797 219 4935 tioueffi‚f;rr'e
233 4817 336 4918 ¹aerrrper
405 4800 518 4870 rtrtjores
598 4804 629 4854 lo
648 4804 786 4865 odoratus,
807 4818 940 4866 suprascr.
960 4803 983 4852 ·i·
1004 4801 1112 4853 ollactus
1217 4803 1248 4853 16
1266 4803 1361 4852 cerebri

82 4878 120 4928 per
191 4881 270 4920 strae
