3378 5550
273 347 315 394 ω,
611 331 662 380 ou
681 327 1003 418 onnuuurrcoavu
1020 325 1228 380 caruoouls

357 522 436 581 Huic
458 523 599 594 calalaeo
613 520 720 579 Petrus
735 519 845 579 Daniel
852 525 962 596 pastea
978 515 1101 580 addidit
1115 519 1209 579 baec:
1236 513 1351 578 Veliam
1375 513 1508 594 Longum
1530 514 1569 576 de

273 622 483 702 orthographia
503 617 509 702 Ι
529 631 559 682 et
580 620 786 682 Adauraotium
810 619 980 700 Martyrium
1008 620 1046 681 dc
1069 639 1085 680 v
1108 626 1139 680 et
1160 618 1178 680 b
1202 619 1335 697 integros
1356 619 1489 698 repperit
1511 619 1567 679 Ve-

274 727 361 786 netiis
383 723 425 786 ΕΙ.
449 723 606 784 Puteanus.
630 718 800 784 Posterieri
820 709 913 783 etiam
934 730 1069 800 tempore
1089 721 1215 782 bisalta
1230 738 1322 782 mana
1343 723 1492 784 adiectum
1505 730 1568 782 est:

275 827 480 890 adamantium
503 827 568 886 siue
590 823 762 904 Martyrium
785 824 821 885 de
845 823 867 886 B
891 835 970 886 muta
994 834 1023 885 et
1046 824 1069 885 V
1093 824 1197 885 uocati.

358 929 391 990 Is
413 931 507 1003 initur
526 930 795 1003 eranrmatieorum
817 926 1022 1006 catatoeus*),
1045 943 1131 1004 quern
1153 943 1194 986 ee
1216 934 1316 987 uetere
1336 927 1442 988 codice
1455 925 1569 988 deseri-

271 1041 358 1109 ptum
380 1047 443 1092 esse
465 1032 588 1091 notulae
609 1031 681 1090 illue
695 1030 733 1090 ab
749 1031 814 1106 ipso
828 1029 920 1091 Petra
934 1030 1062 1090 Daniele
1076 1031 1210 1103 marrini
1223 1031 1366 1107 adpictac
1386 1027 1570 1102 manifestis-

273 1139 346 1194 sime
367 1125 567 1209 comprobant)
590 1133 797 1208 macimopcre
818 1128 958 1206 caremril
980 1148 1047 1191 eum
1071 1130 1265 1226 Bononiensi,
1290 1128 1344 1207 aui
1364 1139 1409 1192 est
1430 1133 1496 1192 bie:

360 1235 398 1296 ΙΝ
422 1233 524 1295 ROMA
551 1231 886 1294 aurnuns-bonnus
915 1231 1084 1292 Priscianus
1113 1232 1281 1292 Victorinus
1304 1231 1454 1293 Fothicius
1477 1232 1569 1309 (Euti-

276 1338 349 1412 oins)
373 1335 533 1396 Flauianus
556 1343 586 1395 et
608 1333 842 1395 Commiuiunus.
889 1334 918 1395 in
942 1334 1051 1412 Spania
1067 1335 1163 1414 Caper
1177 1343 1207 1394 et
1222 1333 1361 1412 Ogretins
1384 1336 1568 1414 (Agroetius).

275 1439 308 1498 ln
337 1438 514 1516 Carthagine
543 1436 702 1516 Pompeius
731 1434 884 1496 Misidorus
912 1436 1053 1513 Sor-egias
1082 1443 1223 1497 tractator
1253 1445 1283 1496 et
1304 1433 1491 1515 Augustinus.
1537 1435 1570 1496 in

278 1539 375 1600 Sicilia
399 1539 568 1599 Honoratus
591 1547 620 1599 et
648 1536 722 1598 alter
745 1537 866 1616 Sergius
890 1521 981 1616 (corr.
1004 1537 1154 1617 Seregius)
1184 1538 1329 1600 Maximus
1352 1549 1381 1600 et
1402 1539 1569 1601 Metrorius.

359 1643 429 1702 Iam
450 1644 532 1718 quod
553 1649 694 1718 quattuor
710 1638 822 1702 Donati
842 1641 916 1702 libri
935 1656 999 1700 esse
1020 1642 1174 1716 dicuntur,
1199 1644 1242 1702 ita
1265 1645 1332 1718 quis
1353 1645 1569 1717 enucleauerit,

277 1753 309 1806 ul
330 1751 492 1806 tractatam
516 1745 553 1804 dc
574 1740 692 1817 littera,
722 1744 761 1803 de
780 1741 898 1820 syllaba
920 1749 977 1804 etc.
1006 1760 1069 1802 ana
1090 1759 1158 1803 cum
1180 1751 1248 1804 arte
1268 1747 1384 1805 minore
1405 1752 1434 1805 et
1456 1747 1571 1806 maiore

277 1856 367 1923 utque
388 1846 577 1907 barbarismo
598 1843 704 1922 quarti
726 1843 800 1906 libri
819 1845 935 1906 nomine
956 1845 1090 1905 babilam
1118 1861 1181 1906 esse
1203 1843 1303 1920 dieat,
1333 1863 1515 1923 quamquam
1536 1865 1572 1907 eo

278 1966 395 2026 quaerre
424 1947 592 2024 causabere
615 1965 792 2024 possumus,
821 1954 869 2020 ut,
900 1950 954 2022 qui
979 1947 1082 2007 Seruii
1107 1951 1227 2008 nomine
1254 1949 1292 2008 de
1319 1952 1430 2010 ultimis
1450 1949 1573 2026 syllabis

280 2057 431 2112 tractatus
458 2067 479 2109 a
507 2050 649 2110 Pulsebia
670 2047 776 2126 priori
801 2051 865 2109 loeo
889 2067 922 2124 p.
950 2055 1149 2108 laub—leta
1169 2051 1268 2111 editus
1288 2059 1346 2125 est,
1375 2060 1484 2126 quarto
1506 2053 1573 2112 laco

278 2153 416 2228 inlelleei
434 2151 639 2228 suspicemur:
661 2153 710 2212 bic
732 2154 809 2211 enim
829 2151 946 2212 libellus
960 2151 1081 2211 Donato
1095 2152 1236 2212 tribuitur
1257 2161 1285 2214 el
1299 2170 1320 2211 a
1334 2153 1456 2218 Iuliano
1469 2170 1572 2229 arum-

279 2258 390 2316 matico
411 2262 440 2314 cl
460 2257 572 2330 teritur
594 2256 674 2314 inter
695 2253 811 2314 Donati
829 2255 945 2328 scripta
968 2255 999 2312 in
1021 2251 1126 2314 cudae
1148 2253 1300 2314 Beruenst'
1317 2263 1384 2329 207,
1408 2255 1452 2328 cs.
1476 2273 1573 2333 saura

275 2377 308 2435 p.
325 2358 358 2418 X
364 2358 453 2418 l'IlI.
491 2356 608 2415 Deinde
622 2357 772 2415 Honorati
792 2357 925 2428 nomine,
950 2355 984 2414 id
996 2356 1079 2430 qaod
1093 2354 1226 2417 Maximi
1249 2357 1398 2422 Victorini
1403 2355 1436 2438 *)
1460 2368 1487 2417 el
1509 2358 1572 2418 Me-

280 2462 368 2522 trorie'
389 2461 532 2520 societate
553 2455 714 2530 cuinullur,
738 2456 841 2517 Seruii
861 2464 1011 2520 tractatus
1032 2459 1182 2533 metricas,
1206 2457 1347 2535 inprimis
1367 2463 1573 2522 centimetrum

279 2563 414 2636 relatori
435 2566 544 2620 auctor
566 2559 749 2620 intellexisse
771 2560 893 2620 uidetur
899 2578 910 2628 ;
932 2567 961 2618 et
983 2560 1065 2633 quod
1085 2561 1127 2620 ad
1142 2563 1279 2635 alterum,
1304 2563 1356 2636 qui
1376 2571 1504 2623 uocatur
1519 2564 1574 2624 leuc

279 2668 355 2734 loeo,
379 2663 493 2722 Donati
513 2658 694 2736 decipulum
717 2663 823 2722 attinet
844 2659 1000 2738 Seruium,
1029 2663 1068 2721 dc
1094 2663 1196 2722 littera
1219 2664 1257 2722 dc
1284 2665 1402 2738 syllaba
1425 2665 1462 2724 de
1485 2665 1572 2740 pedi-

280 2769 332 2828 bus
359 2772 414 2826 ele.
441 2764 549 2824 librum
579 2765 644 2823 dici
669 2766 778 2839 optime
806 2765 921 2824 Keilias
950 2759 1028 2823 uidit
1053 2781 1084 2840 p.
1116 2771 1162 2828 27.
1213 2767 1346 2826 Alterius
1374 2784 1446 2827 aero
1474 2767 1578 2842 Seruii

279 2869 372 2929 libros
395 2883 500 2926 rruuem
522 2866 572 2924 ‘de
593 2867 694 2925 littero
716 2872 745 2925 el
765 2867 803 2925 de
824 2863 1026 2941 barbarismo’
1049 2867 1093 2925 ad
1109 2865 1221 2926 Donati
1239 2866 1472 2929 commentarios
1493 2868 1574 2941 rese-

280 2972 389 3030 rendus
410 2985 473 3029 csse
488 2974 585 3046 patet,
610 2985 801 3044 quamquam,
825 2969 900 3044 qaid
922 2967 960 3026 de
975 2969 1141 3028 nouerrarto
1162 2965 1308 3030 librarum
1322 2987 1447 3030 numero
1463 2973 1570 3045 dicam,

281 3089 341 3134 nort
363 3073 435 3132 salis
456 3077 582 3143 cerastae,
607 3066 669 3129 nisi
681 3070 764 3143 quoa
777 3067 849 3130 inde
870 3069 1015 3144 eflicitur,
1039 3072 1092 3130 sub
1107 3071 1211 3146 Seruii
1223 3073 1344 3132 nominc
1364 3075 1576 3148 multoplures

281 3175 510 3238 commentarios
523 3168 617 3232 medii
639 3173 710 3231 aeui
723 3173 903 3248 temporibus
919 3170 1112 3233 cirrumlalas·
1130 3172 1238 3246 fnisse,
1262 3191 1352 3248 quam
1374 3177 1458 3235 nabis
1473 3176 1575 3235 adbuc

282 3282 485 3338 innotuerunt.
529 3275 637 3348 Itaque
659 3291 720 3334 non
742 3275 854 3347 dubito,
879 3277 952 3349 quire
975 3283 1003 3334 et
1018 3277 1069 3334 ille
1083 3275 1185 3350 Seruii
1204 3282 1364 3349 tractatus,
1387 3294 1472 3352 quem
1487 3277 1575 3337 buius

281 3381 352 3440 libri
369 3395 403 3452 ρ.
429 3381 597 3434 tta-158
618 3377 750 3450 primum
771 3376 868 3450 edidi,
898 3381 990 3451 alque
1016 3379 1056 3450 is,
1087 3380 1173 3437 cuites
1197 3377 1376 3452 fraumenta
1403 3379 1575 3439 exaudiris

285 3487 339 3539 123
360 3486 425 3538 urle
445 3479 540 3554 petila
562 3476 649 3549 infra
671 3480 772 3554 cernite
801 3478 847 3537 VI
860 3480 1073 3554 propositurus
1094 3496 1173 3554 sum,
1205 3481 1247 3540 ad
1268 3482 1465 3540 nouellarium
1486 3479 1574 3540 istum

282 3597 437 3642 numeram
453 3581 668 3656 perdurarint.
712 3579 866 3640 Prisciani
886 3595 959 3640 uera
979 3581 1051 3640 libri
1072 3584 1182 3656 uiainti
1207 3598 1243 3641 eo
1263 3584 1367 3657 effecti
1385 3599 1448 3641 esse
1469 3580 1575 3642 uiden-

283 3691 341 3750 tur,
364 3683 445 3758 quod
466 3683 510 3741 ud
531 3679 742 3754 duodeuieiati
763 3684 839 3742 artis
859 3686 1081 3757 arammalieae
1108 3685 1203 3745 libros
1230 3691 1420 3744 accesserunt
1440 3685 1517 3744 liber
1538 3684 1577 3742 dc

283 3786 441 3845 duodecim
478 3784 605 3857 Verailii
636 3785 783 3844 Aeneidos
809 3786 920 3861 primis
953 3783 1089 3846 uersibus
1121 3794 1211 3860 atquc
1243 3786 1281 3843 dc
1313 3783 1433 3845 nomine
1459 3801 1573 3861 prono
1681 3843 1682 3856 ,

283 3889 363 3947 mine
383 3895 438 3946 etc.
460 3886 585 3946 libellus.

289 4031 292 4040 r
377 3989 480 4047 Vtrum
508 3993 607 4047 aulem
635 3989 783 4064 Asperum
809 3988 996 4051 intellexerit
1027 3988 1165 4066 calderi
1190 3993 1337 4067 scriptor,
1372 3989 1573 4062 Iunioremne,

284 4088 338 4167 qen
360 4089 487 4162 dieitur,
513 4107 554 4149 an
574 4105 658 4159 eam,
688 4107 773 4166 quem
801 4092 888 4152 buius
915 4090 987 4151 libri
1002 4109 1039 4167 p.
1062 4097 1180 4150 39-61
1201 4091 1299 4160 edidi,
1322 4077 1435 4152 certius
1457 4093 1579 4162 deliniri

284 4195 395 4268 nequit.
441 4193 538 4266 Atque
564 4193 737 4269 Pompeiam
765 4211 824 4268 aaa
851 4191 918 4254 iure
946 4193 1058 4267 Afrum
1087 4196 1215 4269 dicerit,
1247 4189 1322 4254 iam'
1338 4191 1457 4255 Keilius
1477 4212 1513 4270 p.
1540 4199 1575 4252 27

353 4477 380 4542 *)
403 4480 536 4544 Perpernm
560 4483 628 4529 euim
651 4480 775 4530 Sirurerus
799 4481 858 4530 otim
882 4484 954 4532 catal.
974 4497 1051 4534 mser.
1070 4481 1144 4536 Beru.
1164 4483 1173 4531 1
1192 4497 1218 4548 p.
1236 4484 1287 4532 422
1305 4497 1358 4532 rem
1377 4483 1412 4531 ita
1429 4483 1576 4548 explicante,

286 4559 312 4597 ut
330 4563 418 4596 omnes
441 4549 504 4596 istos
529 4547 606 4597 libros
631 4549 731 4598 Petrum
756 4549 884 4598 Manieiem
907 4551 1028 4600 habuisse
1045 4551 1122 4612 idque
1140 4550 1189 4600 illis
1210 4551 1293 4600 uerbis
1312 4555 1448 4600 ‘uenerunt
1465 4551 1498 4600 ad
1517 4555 1576 4600 nos’

285 4618 511 4732 ipsrffimmutum
535 4633 592 4666 esse
615 4616 717 4666 diecret.
755 4618 848 4668 Eodem
873 4620 934 4668 uitio
958 4620 1046 4684 tapsus
1073 4629 1113 4668 cst
1135 4617 1285 4669 Strenberus
1310 4618 1437 4684 Philologi
1460 4630 1520 4673 tom.
1543 4619 1576 4668 111

287 4700 302 4748 p
353 4747 397 4811 ss)
416 4751 476 4800 iride
494 4753 563 4816 quod
583 4753 604 4800 is
624 4767 672 4801 rron
692 4753 820 4804 Maximus
839 4755 986 4804 Victorinus
1006 4755 1081 4820 plenu
1100 4756 1219 4812 nomine,
1247 4755 1292 4804 sed
1311 4755 1438 4804 Maximus
1462 4767 1574 4812 utaentur,

286 4818 408 4884 explicari
426 4831 523 4884 potest,
542 4821 585 4883 qm
604 4820 697 4870 iactum
716 4823 762 4880 sit,
783 4837 809 4871 m
827 4823 892 4872 medi
911 4824 978 4872 aeuii
997 4824 1112 4872 homines
1132 4823 1311 4872 ‘Maximiani’
1332 4838 1424 4872 nonren
1444 4823 1575 4889 bergerent.
