3354 5580
290 380 352 446 180
673 379 927 444 Qvtcsutortus
947 381 1214 434 GRAMMATIGAE

288 591 305 632 o
329 573 358 631 in
382 589 400 631 u
422 573 568 640 uertitur,
592 568 709 651 quando
731 577 930 632 consonantes
951 569 1027 630 duae
1049 577 1223 650 sequuntur,
1247 577 1280 630 ut
1301 567 1383 630 ‘uolo
1405 568 1492 638 nult’,
1515 571 1574 627 ‘uo-
1605 623 1622 660 ·

287 672 386 735 lomus
410 671 522 742 uultis’,
545 670 672 733 ‘uultus’
696 690 712 732 a
728 669 880 732 uoluntate
895 671 991 733 dictos
1006 690 1061 752 pro
1075 669 1213 740 ‘uoltus’;
1237 670 1314 733 ‘eolo
1330 668 1440 732 cultns’
1455 669 1576 748 ‘uulpes’

289 794 343 855 pro
367 773 505 854 ‘uotpest
536 791 572 834 eo
595 772 672 852 qnod
695 773 734 834 sit
756 771 894 833 uolubilis
916 771 1056 850 pedibus:
1080 773 1192 834 ‘ursus’
1215 791 1271 854 pro
1294 775 1425 843 ‘orsus',
1449 771 1575 851 eoquod

288 893 340 937 ore
362 893 431 936 suos
452 875 565 936 iormet
585 874 697 944 ioetus;
728 873 910 952 ‘iuglandis'
932 889 988 951 pro
1011 873 1174 953 ‘iuglandis
1183 878 1203 944 ’,
1227 874 1304 936 idest
1326 876 1428 936 ‘iocus
1450 874 1575 952 glandis'.

288 978 338 1038 Sic
361 986 391 1038 et
413 976 451 1038 ab
472 974 564 1037 ‘olco'
587 978 619 1038 in
642 973 866 1036 ‘adolescente'
890 973 939 1036 uel
960 973 1167 1038 ‘adoliscente'
1188 975 1444 1038 ‘adoliscentiori’
1467 973 1595 1038 ‘addis-³

288 1077 427 1140 centuio‘
461 1077 687 1138 ‘adoliscentia’
711 1087 849 1138 manente
876 1077 1055 1154 regulariter
1081 1097 1114 1149 o,
1149 1081 1260 1160 quippe
1288 1097 1356 1142 cum
1385 1078 1459 1138 haec
1486 1077 1575 1139 omnia

290 1181 396 1240 uenire
419 1187 536 1240 constet
558 1177 594 1240 ab
617 1177 777 1247 adolendo;
801 1185 932 1239 mutatur
955 1186 1053 1240 umen
1075 1199 1093 1240 o
1118 1179 1129 1260 ll
1145 1180 1165 1239 i.
1183 1177 1221 1241 9·
1237 1177 1250 1260 ll
1274 1182 1304 1240 in
1328 1199 1361 1250 n,
1385 1199 1453 1242 cum
1476 1179 1577 1240 dicitur

290 1281 441 1350 ‘aduitus’,
467 1281 635 1342 necessario
656 1288 780 1361 propter
802 1287 966 1358 sequentes
985 1280 1123 1342 uidelicet
1147 1281 1220 1342 duas
1241 1290 1441 1344 consonantes
1456 1289 1576 1343 tanmm·

271 1381 393 1454 modo,
424 1401 483 1443 non
512 1381 551 1444 oh
569 1383 650 1443 aliud
681 1381 844 1450 ullomodo,
874 1381 951 1460 quod
975 1385 1007 1443 in
1029 1385 1138 1445 ceteris
1160 1384 1323 1464 participiis
1344 1382 1382 1444 ah
1405 1383 1511 1445 olendo
1533 1400 1576 1442 ue·

290 1483 439 1548 olentibus
468 1493 496 1546 et
524 1476 611 1545 u'narn
641 1492 708 1564 post
736 1502 753 1543 o
781 1499 992 1544 consonantem
1021 1483 1199 1546 habentibus
1227 1484 1255 1547 id
1283 1486 1376 1564 liquet
1402 1486 1504 1566 patulo
1531 1499 1605 1544 seuo

232 1587 235 1594 '
290 1596 370 1668 patet
392 1587 520 1668 liquido,
545 1585 684 1648 uidelicet
706 1587 734 1646 in
759 1583 899 1647 ‘abolete’
923 1586 970 1646 nel
993 1584 1129 1647 ‘abolito’
1153 1596 1182 1649 et
1206 1587 1367 1658 ‘exoleto’,
1396 1605 1431 1648 ac
1453 1607 1507 1668 per
1527 1585 1577 1646 hoe

290 1689 449 1768 diligenter
472 1696 501 1750 et
522 1686 731 1766 intellegenter
753 1686 936 1750 intuentibus
963 1687 1056 1750 claret
1077 1687 1106 1748 id
1130 1689 1194 1751 siue
1216 1690 1371 1770 scrupulo,
1401 1689 1479 1769 quod
1508 1690 1577 1750 sicut

289 1809 343 1872 per
365 1811 382 1852 o
404 1793 461 1853 rite
483 1789 634 1872 profertur
657 1788 816 1850 ‘aboletus'
839 1788 1000 1851 ‘abolitus’
1024 1788 1202 1862 ‘exoletus’,
1232 1793 1272 1853 ita
1299 1789 1493 1854 nihilominus
1514 1807 1576 1870 pro·

289 1892 364 1955 ierri
387 1891 477 1955 dehet
492 1890 689 1953 ‘adolescens’
704 1899 733 1952 et
749 1891 948 1960 ‘aduliscens’‚
972 1890 1040 1952 iicet
1063 1895 1232 1955 necessario
1254 1902 1379 1974 propter
1401 1891 1575 1974 praedictam

290 1997 435 2056 rationem
458 2013 518 2056 non
542 2001 643 2054 seruet
664 1993 693 2054 id
717 1991 868 2054 ‘adultus’.
1588 2003 1607 2042 ¹⁵

374 2096 430 2168 Qui
452 2093 639 2157 solummodo
660 2097 882 2174 grammaticam
906 2103 1059 2172 angustam
1084 2103 1113 2156 et
1134 2105 1227 2158 artam
1257 2105 1350 2158 artem
1380 2101 1451 2168 seit,
1479 2098 1577 2157 ‘nemo

289 2199 424 2258 uirorum
447 2196 576 2267 illorum,
592 2198 643 2278 qui
666 2199 762 2258 uocati
784 2205 862 2267 sunt,
886 2197 1016 2276 gustabit
1038 2217 1142 2260 cenam
1167 2201 1275 2260 meam’
1298 2199 1357 2260 dici
1379 2199 1490 2262 dehere
1511 2215 1576 2260 con·
1659 2201 1660 2278 l

290 2303 342 2362 icit
368 2307 412 2373 et,
440 2301 523 2380 quasi
551 2316 639 2361 secus
666 2298 724 2358 dici
754 2307 893 2379 nequeat,
918 2317 1006 2378 quam
1034 2302 1223 2363 securissime
1252 2301 1337 2371 dicit,
1371 2301 1449 2362 idest
1476 2305 1576 2363 ‘nenio

289 2401 440 2482 gustabit’.
492 2401 629 2462 Ceterum
658 2401 708 2479 qui
735 2401 914 2462 rhetoricam
948 2403 1159 2481 amplissimam
1187 2402 1371 2465 latitudinem
1402 2405 1449 2465 uel
1478 2401 1577 2462 latissi-

290 2521 367 2564 mam
391 2501 614 2582 amplitudinem
637 2501 748 2579 attigit,
772 2503 866 2582 ipsam
889 2503 1013 2565 licenter
1028 2523 1063 2565 ac
1083 2503 1262 2583 regulariter
1283 2503 1478 2566 litteraturam
1501 2501 1606 2584 quasin

289 2603 473 2684 neglegendo
495 2603 706 2684 praetermittit
726 2610 755 2664 et
776 2602 813 2664 ad
837 2623 955 2665 sensum
979 2625 1011 2667 se
1033 2607 1133 2684 potius
1162 2605 1344 2666 transferens
1372 2615 1497 2688 propter
1520 2602 1577 2684 plu·

290 2707 398 2776 nalem,
428 2708 478 2784 qni
507 2706 648 2786 sequitur,
678 2723 851 2781 numerum,
881 2706 970 2767 idest:
1000 2708 1151 2768 ‘uirorum
1180 2708 1297 2768 iliorum
1322 2709 1371 2787 qui
1395 2709 1492 2768 uocati
1513 2709 1575 2766 snut

289 2807 462 2889 gustabunt’
485 2807 707 2871 auctorabiliter
730 2825 784 2887 per
806 2808 928 2886 liguram
952 2808 1034 2869 dicit.
1069 2809 1159 2870 Scitis
1181 2810 1306 2880 etenim,
1330 2810 1409 2889 quod
1432 2809 1574 2870 schemata

290 2911 430 2973 ‹lianoeas
457 2910 493 2972 ad
522 2919 656 2971 oratores
683 2912 847 2990 pertinent,
882 2909 918 2972 ad
947 2913 1156 2988 grammaticos
1183 2911 1292 2973 lexeos.
1344 2911 1447 2990 Legite
1481 2911 1575 2972 Pom·

290 3015 410 3093 peinm
434 3021 464 3073 et
486 3015 550 3093 ipse
565 3011 651 3073 nohis
665 3011 736 3073 illud
759 3013 847 3072 laciet
865 3011 952 3092 plene
969 3013 1171 3092 perspicuum.
1216 3012 1350 3092 Namque
1372 3015 1451 3074 sicut
1473 3013 1605 3094 optimu

289 3117 321 3176 iit
342 3115 461 3176 scbema
484 3132 538 3194 per
560 3131 674 3183 casum.
698 3121 731 3174 ut

598 3215 728 3276 Vrbem
752 3233 858 3294 quam
881 3222 1023 3285 statuo,
1048 3223 1174 3276 uestra
1199 3223 1254 3276 est
1331 3215 1335 3228 “

290 3319 366 3398 quod
392 3319 468 3380 male
492 3317 655 3380 Donatus
678 3319 812 3398 exposuit
832 3318 895 3378 siue
918 3318 1072 3378 Seruius
1095 3327 1124 3378 ct
1141 3315 1466 3388 benePriscianus‚
1491 3322 1575 3378 etot:

288 3421 444 3500 ‘lapidem
473 3438 560 3500 quem
584 3417 820 3501 reprobaberunt
842 3439 869 3479 e.
893 3417 922 3479 b.
946 3418 965 3480 i.
989 3420 1039 3488 a.',
1063 3426 1105 3480 et:
1135 3421 1316 3481 ‘sermonem
1345 3438 1433 3500 quem
1462 3417 1576 3481 audistis

290 3541 348 3584 nou
372 3531 417 3584 est
440 3523 546 3584 meus'.
591 3521 628 3582 Et
653 3539 708 3601 per
729 3538 839 3599 genus,
864 3528 909 3581 ut:
933 3521 1054 3582 ‘omnes
1075 3529 1180 3599 gentes
1202 3523 1384 3583 circuierunt
1405 3528 1435 3582 et
1456 3522 1476 3581 i.
1500 3541 1528 3581 n.
1550 3516 1606 3576 du

289 3645 318 3706 q.
342 3641 385 3686 ns.
409 3627 429 3685 i.
454 3623 473 3685 Ι.
497 3631 541 3684 et:
564 3622 686 3684 ‘euntes
713 3623 817 3684 docete
845 3639 949 3683 omnes
977 3631 1080 3702 gentes
1108 3622 1292 3703 baptizantes
1314 3625 1382 3685 eos'
1406 3631 1451 3684 et:
1478 3625 1577 3699 ‘reges
1658 3667 1659 3670 ,

288 3729 421 3805 gentium
445 3725 637 3787 dominantur
659 3728 775 3786 eorum'
800 3732 829 3784 et
851 3732 948 3784 cetera
964 3724 1072 3795 multa,
1096 3727 1139 3786 sic
1160 3727 1249 3788 etiam
1273 3725 1322 3787 bic
1344 3724 1458 3786 dimisit
1480 3739 1575 3786 nume·
1658 3709 1659 3784 l

289 3845 354 3888 ruxn
376 3827 557 3905 singularem
580 3834 610 3886 et
631 3843 664 3888 se
685 3825 763 3886 licite
792 3826 942 3888 transtulit
964 3825 1091 3907 Spiritus
1113 3826 1239 3888 Sanctus
1260 3828 1296 3888 ad
1319 3827 1480 3908 pluralem.
1509 3835 1576 3887 tam·

289 3945 376 4010 quam
405 3927 547 3989 uidelicet
574 3927 684 3988 dictum
712 3926 829 3989 luisset:
859 3927 950 3989 ‘nulli
978 3928 1027 4008 qui
1056 3931 1153 3990 uocati
1182 3936 1251 3991 sunt
1277 3928 1460 4008 gustabunt’.
1505 3929 1575 3989 Sane

287 4029 440 4092 sciendum
464 4039 523 4099 est,
551 4029 629 4108 quod
657 4032 836 4109 quicumque
864 4028 937 4090 dicit
964 4032 1069 4090 ‘nemo
1091 4029 1248 4108 gustabit’‚
1277 4049 1336 4092 nou
1358 4037 1458 4112 potest
1480 4031 1605 4110 repre-²b

289 4133 377 4194 bendi
400 4132 439 4192 ita
463 4132 628 4202 dumtaxat,
651 4134 677 4192 si
698 4129 882 4210 ‘gustabunt'
905 4129 963 4192 dici
986 4149 1074 4211 posse
1098 4150 1156 4193 non
1180 4139 1277 4211 negat.

374 4335 386 4418 l¹
404 4338 423 4398 l.
437 4333 478 4398 9¹>
496 4331 509 4418 il
532 4335 588 4396 ‘Si'
611 4337 680 4398 lieet
702 4337 886 4414 frequentius
908 4333 1006 4396 trahat
1027 4333 1264 4406 subiunctiuum‚
1288 4335 1463 4416 frequentor
1485 4343 1573 4398 tarmn

355 4558 436 4607 daun
454 4557 545 4607 iormet
595 4557 667 4608 loeus
686 4557 788 4624 glandis
839 4554 900 4606 out
918 4556 995 4606 modo
1066 4559 1097 4609 te
1115 4555 1230 4607 exoletus
1248 4573 1280 4608 m.
1300 4556 1333 4606 ΙΙ
1349 4573 1482 4620 suprascr.
1550 4551 1575 4602 ll

288 4623 437 4675 adolescens
454 4626 619 4689 suprolinea
637 4643 668 4676 m.
687 4625 720 4676 11
790 4626 822 4676 ts
840 4621 929 4690 quam]
949 4625 1023 4688 quasi
1102 4627 1133 4675 19
1152 4623 1320 4674 rhethoricam
1389 4627 1420 4676 21
1440 4623 1574 4674 tranferam

288 4695 321 4742 23
339 4703 450 4742 scemata
501 4693 586 4744 lexeos
655 4695 688 4744 25
707 4695 800 4744 obtime
817 4708 902 4743 scema
954 4696 987 4744 2¹1
1006 4689 1368 4758 orbeleerp.Aen.1573
1431 4693 1574 4744 sescentos

286 4762 341 4810 siue
359 4762 497 4825 antiptorin
518 4764 574 4811 aiae
592 4777 693 4826 zeupma
710 4777 766 4813 erse
784 4769 865 4827 putat.
935 4757 1090 4828 Priscianus]
1112 4760 1143 4810 II
1160 4777 1186 4826 p.
1205 4764 1263 4822 187,
1283 4764 1315 4810 18
1393 4764 1427 4812 30
1444 4761 1574 4810 circuirent

286 4859 320 4914 34
338 4859 382 4923 qui
400 4857 494 4926 trocntl]
513 4877 578 4914 man.
597 4861 612 4912 I
631 4863 674 4926 qui
692 4863 741 4916 cuti
817 4864 850 4914 36
869 4837 953 4932 hgssat.
