3316 5566
834 367 903 421 Ans
923 367 1098 420 rnorem

404 558 503 618 Genus
526 557 674 637 quomodo
697 556 854 618 delinitur?
891 558 943 619 lta:
967 575 1060 636 genus
1083 566 1130 620 est
1151 557 1291 618 indicatio
1313 557 1433 619 creandi
1455 577 1596 638 corporum

318 661 485 739 agniturum
515 668 543 720 et
571 677 672 720 rerum
701 661 877 738 a'gnitarum.
927 659 988 720 Alia
1017 660 1149 722 delinitio
1177 669 1238 730 est,
1267 670 1298 721 ut
1328 659 1498 722 isidorus
1523 660 1595 719 dixit:

318 762 439 824 Genus
468 780 484 822 a
511 762 700 840 gignendo
734 761 886 832 dictum,
923 763 983 822 cui
1017 763 1263 824 diriuatiuum
1292 781 1422 824 nomen
1451 783 1466 822 a
1495 772 1595 828 terra,

317 882 357 923 ex
381 881 450 943 qua
473 865 593 925 omnia
616 865 835 943 gignentum
864 861 907 944 γῆ
930 865 1026 924 euim
1049 864 1192 925 Graece
1220 875 1320 925 terra
1344 864 1492 925 dicitur.
1532 863 1594 932 (luet

245 959 249 968 '
317 973 387 1026 srrut
408 983 517 1043 genera
540 967 713 1027 nominum?
740 965 864 1046 Proprie
887 963 945 1026 duo
968 973 1052 1034 suut:
1075 965 1145 1026 inde
1168 965 1335 1027 isidorus
1358 967 1443 1029 dicit:
1468 967 1616 1026 Generaa

316 1067 414 1127 dicta
437 1074 539 1135 sunt,
564 1066 657 1147 quod
681 1075 865 1146 generant
888 1067 946 1127 uel
969 1075 1215 1146 generantur,
1245 1075 1283 1130 ut
1311 1066 1548 1129 masculinum
1567 1075 1597 1124 et
1640 1057 1641 1096 l

316 1171 550 1231 femininum.
601 1169 734 1231 Cetera
771 1171 919 1230 nonrine
954 1187 1022 1230 non
1052 1177 1138 1230 sunt
1170 1187 1323 1247 genera,
1358 1168 1426 1230 sed
1455 1169 1520 1230 hoc
1545 1187 1595 1228 oo·

316 1274 451 1332 minum
480 1273 577 1332 ratio
607 1282 641 1332 et
668 1273 878 1333 auctoritas
906 1270 1038 1332 uoluit.
1083 1271 1184 1332 Genus
1213 1271 1293 1332 unde
1321 1271 1596 1334 diriuaturllienus
1640 1283 1641 1363 p

315 1375 448 1434 oritura
472 1372 566 1433 uerbo
588 1389 698 1451 genero
722 1370 769 1434 uel
792 1375 881 1451 gigno
903 1381 952 1433 aut
975 1375 1061 1434 etiam
1086 1389 1184 1449 genno
1208 1373 1255 1435 nel
1279 1375 1399 1453 antique
1414 1391 1500 1452 geno.
1532 1370 1595 1443 Ouid
1640 1379 1641 1450 t

315 1478 439 1537 interest
468 1477 547 1536 inter
574 1489 669 1553 genus
698 1474 784 1535 uerbi
813 1483 843 1536 et
870 1475 999 1537 nominis
1022 1483 1051 1536 et
1073 1477 1260 1554 pronominis
1286 1484 1315 1535 et
1337 1477 1502 1555 participiil
1542 1473 1641 1550 llocul

314 1569 453 1639 interest:
483 1593 576 1654 genus
604 1576 689 1637 uerbi
717 1576 826 1638 dicitur
854 1576 1016 1657 exploratio
1046 1584 1127 1636 aetus
1153 1577 1215 1638 siue
1242 1576 1375 1656 patiendi
1404 1579 1468 1637 siue
1495 1575 1598 1636 habitus

314 1697 472 1758 personam
495 1681 641 1740 comitans
664 1687 693 1740 et
716 1688 848 1757 tempus,
876 1680 955 1757 quod
978 1680 1099 1759 proprie
1122 1679 1295 1756 significatio
1317 1682 1347 1739 in
1372 1677 1466 1740 uerbo
1488 1677 1597 1742 diuitum
1640 1693 1641 1728 l

314 1800 407 1860 genus
430 1783 617 1861 pronominis
640 1791 684 1842 est
707 1789 804 1843 certae
828 1799 972 1862 personae
995 1788 1025 1842 et
1047 1782 1176 1842 incertae
1205 1788 1339 1861 tompore
1362 1784 1491 1842 carentis
1512 1789 1597 1841 osten·
1640 1785 1641 1788 ’

313 1887 375 1953 sio;
413 1901 509 1962 genus
536 1884 684 1964 participii
713 1893 833 1963 tompus
860 1893 889 1944 et
916 1879 1008 1964 signill
1033 1881 1082 1943 iol.
1106 1879 1166 1944 89·
1190 1879 1372 1964 ljllcationem
1402 1881 1512 1962 absque
1539 1899 1595 1960 per·
1640 1881 1641 1910 l

313 2003 384 2046 sona
417 1985 577 2046 indiscrete
611 1989 716 2064 iungit.
767 1985 868 2046 Genus
902 2002 975 2046 uero
1009 1987 1165 2044 nominum
1194 2003 1305 2065 corpus
1332 1986 1397 2046 siue
1426 2003 1548 2064 persona
1574 1991 1641 2066 eto

311 2090 375 2148 sine
405 2096 542 2167 tompore
571 2106 605 2148 ac
633 2089 697 2149 siue
726 2088 956 2166 significatione,
984 2085 1134 2166 quomodo
1165 2095 1308 2163 generant
1340 2093 1391 2147 aut
1420 2095 1597 2164 generantur,

311 2189 505 2250 domonstrat.
551 2189 651 2250 Genus
679 2207 749 2266 ergo
779 2191 901 2268 proprie
930 2197 1053 2248 uocatur
1080 2189 1111 2248 in
1134 2187 1272 2248 omnibus
1300 2189 1508 2257 animantium,
1540 2187 1597 2263 quia
1640 2209 1641 2258 ss

310 2293 373 2371 ipsa
403 2309 549 2368 generare
578 2301 608 2351 ut
636 2292 774 2367 generari
802 2299 937 2370 possunt
988 2289 1237 2368 interrogandum
1266 2297 1327 2357 est,
1361 2308 1416 2350 cur
1444 2308 1502 2350 non
1530 2289 1599 2348 ueris
1640 2309 1641 2340 r

201 2443 208 2454 .
310 2391 463 2453 uocabulis
487 2392 559 2452 haec
583 2409 691 2470 genera
715 2401 869 2461 uocantur,
893 2392 970 2452 idest
991 2410 1054 2452 mas
1077 2400 1106 2453 et
1128 2390 1251 2462 lemine,
1281 2392 1332 2451 sed
1362 2390 1553 2452 masculinum
1575 2397 1599 2446 et
1640 2413 1641 2460 r

309 2494 503 2563 femininum,
531 2493 609 2554 idest
631 2493 745 2554 mediae
767 2495 993 2572 significationis
1021 2492 1206 2560 nominibus,
1235 2491 1315 2570 quod
1343 2497 1455 2573 optime
1483 2475 1641 2569 gericine}

309 2597 449 2675 quoniam
474 2597 592 2656 nomina
616 2614 675 2658 non
704 2603 866 2673 gerrerant,
894 2594 947 2656 sed
974 2612 1116 2675 corpora,
1145 2612 1271 2674 qnorum
1300 2593 1348 2654 illa
1377 2603 1447 2654 sunt
1474 2595 1597 2655 nomina:
1640 2645 1641 2708 t

310 2698 422 2758 idcirco
445 2716 503 2758 non
528 2700 609 2758 ueris
631 2695 784 2759 uocabulis
807 2716 880 2757 usos
902 2704 960 2766 est;
984 2715 1043 2758 non
1067 2700 1146 2759 enim
1169 2713 1294 2774 corpora
1318 2705 1387 2757 sunt
1403 2699 1530 2765 nomina,
1552 2693 1597 2754 sed
1640 2711 1641 2720 ¹

309 2801 429 2880 corpori
458 2799 628 2880 subiacent,
657 2801 737 2861 idest
764 2806 908 2860 uocantur
937 2797 974 2859 ab
1002 2801 1054 2860 eis.
1099 2798 1232 2860 Tertium
1260 2815 1356 2875 genus
1384 2805 1521 2860 neutrum
1550 2805 1597 2855 est.

309 2892 455 2964 Neutrum
477 2919 572 2980 genus
595 2920 687 2980 quare
711 2901 836 2962 dicitur?
859 2901 1038 2979 Propterea,
1062 2901 1130 2980 quia
1147 2919 1202 2962 nec
1225 2901 1422 2962 masculinum
1447 2919 1502 2962 nee
1523 2899 1598 2958 iemi-
1640 2917 1641 2928 ³

308 3007 421 3065 ninum.
467 3003 538 3064 lude
565 3004 737 3065 isidorus
767 3003 851 3063 dicit:
886 3002 1063 3064 Neutrum
1097 3020 1213 3080 genus
1247 3004 1387 3064 dictum
1422 3012 1492 3070 cst,
1525 2989 1641 3077 quiae}

308 3125 374 3168 nec
397 3107 466 3168 lroc
489 3123 555 3166 noc
578 3103 690 3175 illud,
722 3105 790 3166 hoc
819 3112 963 3165 estnec
986 3102 1246 3180 masculinnm,
1276 3123 1344 3166 nec
1372 3105 1596 3165 femininum.
1640 3089 1641 3112 ¹

308 3209 420 3269 Deinde
450 3205 635 3284 Virgilius
673 3207 831 3268 Asianus
865 3205 939 3266 dixit
971 3206 1007 3267 ad
1040 3205 1147 3267 lulium
1181 3205 1360 3268 Diaconum:
1405 3205 1478 3266 lloc
1510 3207 1598 3265 intur
1640 3211 1641 3228 ¹

307 3318 433 3372 cetera
464 3309 617 3370 maxime
647 3307 866 3385 requisisti,
896 3325 962 3368 cur
990 3306 1236 3368 mascnlinum
1266 3316 1301 3368 et
1328 3308 1547 3370 femininum
1568 3313 1598 3363 et
1640 3367 1641 3370 ,

307 3419 478 3473 neutrum
502 3413 539 3470 in
562 3429 627 3470 usu
651 3407 803 3470 dicendi
827 3407 1037 3469 habeamus.
1083 3409 1237 3480 Quidam
1261 3409 1487 3489 simpliciter
1510 3409 1597 3480 dire·
1640 3475 1641 3492 ἢ

306 3524 406 3583 runt,
430 3513 524 3592 quod
554 3511 799 3573 masculinum
827 3512 863 3572 in
893 3508 959 3570 lroc
990 3528 1071 3570 esse
1101 3510 1246 3579 debuit,
1278 3511 1372 3590 quod
1403 3511 1641 3580 secundum-u}

305 3614 567 3676 habitudinem
592 3613 764 3692 corporis
787 3611 1075 3682 ostenderetur,
1100 3613 1205 3674 etita
1229 3615 1464 3682 femininum,
1487 3612 1599 3673 utuir
1640 3625 1641 3674 ξ

306 3724 342 3775 ot
373 3715 522 3786 mulier,
555 3722 686 3776 taurus
709 3721 744 3774 et
772 3733 899 3782 uacca,
932 3715 1033 3773 aries
1062 3720 1097 3773 et
1124 3715 1219 3783 ouis,
1254 3716 1360 3775 canis
1392 3723 1429 3776 et
1462 3723 1543 3776 cata
1570 3720 1599 3770 et
1640 3739 1641 3748 κ

306 3825 432 3877 cetera
456 3815 647 3878 animalia.
692 3814 825 3876 Omnes
847 3822 967 3876 antem
990 3834 1050 3876 res
1073 3815 1307 3886 materiales,
1338 3825 1375 3878 ut
1403 3815 1549 3894 lapides
1569 3822 1599 3873 et

305 3917 463 3980 arlrores
486 3921 576 3979 etsi
600 3935 666 3995 qua
690 3925 775 3978 sunt
804 3915 957 3986 similia,
988 3917 1218 3978 neutraliter
1246 3919 1323 3978 dici
1351 3916 1492 3978 debere
1520 3933 1598 3976 cen·

305 4027 475 4090 suerunt,
499 4020 594 4080 unde
617 4018 791 4080 dicebant
813 4019 871 4080 lric
894 4020 952 4079 uir
976 4027 1009 4079 et
1032 4015 1123 4080 lraec
1146 4017 1281 4080 mulier
1305 4028 1340 4079 et
1362 4018 1430 4080 lroc
1453 4017 1548 4098 lapis
1568 4009 1641 4076 cte

395 4193 479 4198 --...
492 4191 537 4198 --

373 4309 497 4358 liuditio
549 4310 699 4358 intrerum
744 4303 871 4372 isidorus]
896 4307 978 4357 Valde
996 4307 1027 4356 ab
1045 4308 1084 4356 dir
1101 4307 1454 4374 dinerralraderapndlrid.
1469 4305 1560 4376 oripi
1577 4307 1597 4364 ὅ,

305 4380 351 4434 33,
370 4377 404 4438 cf.
422 4378 509 4441 praes.
577 4375 801 4441 ilngignendum
853 4377 993 4440 iproprle
1045 4373 1170 4440 isidorus]
1190 4376 1291 4441 oripl
1309 4381 1334 4440 6,
1354 4381 1391 4428 33
1444 4379 1537 4428 dsunt
1554 4391 1597 4437 quc

306 4447 336 4495 10
355 4445 443 4508 uerbo,
461 4445 613 4496 corunelli
683 4446 714 4495 13
733 4454 799 4492 certe
818 4457 928 4508 persone
946 4445 1082 4492 etiuoertc
1152 4445 1184 4494 15
1195 4445 1279 4510 iungit
1349 4446 1381 4494 16
1393 4457 1520 4512 temporo,
1532 4460 1596 4494 corr.
1640 4483 1641 4492 ,

304 4529 331 4560 re
399 4509 636 4580 generunt1gnnnt
705 4514 736 4562 17
754 4513 860 4578 proprie
929 4510 961 4560 18
978 4522 1003 4560 et
1020 4525 1142 4575 gerremre
1212 4514 1244 4562 19
1261 4513 1329 4562 idest
1346 4509 1403 4563 mis
1471 4517 1506 4564 20
1522 4511 1597 4560 medie
1640 4535 1641 4538 =

304 4581 337 4628 ‘25
355 4577 480 4645 isidorus]
500 4583 564 4645 orip.
586 4581 641 4642 lo,
662 4583 699 4629 33
790 4580 822 4629 tt
841 4579 960 4628 assianus
1013 4579 1146 4628 diacouem
1200 4580 1325 4644 Virgilius
1345 4578 1474 4648 Asianus]
1495 4583 1528 4632 Α.
1547 4579 1598 4630 Mai
1640 4619 1641 4622 ,

305 4653 372 4698 auct.
390 4649 464 4698 clare.
488 4649 546 4698 Vct.
566 4655 622 4698 tom.
647 4649 678 4702 V.
697 4665 724 4711 p.
745 4651 770 4695 7:
808 4647 879 4696 ltlulti
902 4647 933 4696 de
953 4648 1109 4696 rrominntiuo
1132 4662 1195 4696 casu
1218 4649 1298 4698 multa
1322 4651 1464 4714 scripsere,
1493 4648 1539 4698 sed
1556 4647 1596 4696 lror
1640 4677 1641 4684 κ

304 4715 469 4764 interrorem
487 4727 533 4764 etc,
614 4715 648 4765 28
665 4715 802 4776 requesisti
869 4716 903 4764 29
920 4714 1022 4764 dicendi
1039 4731 1086 4769 om,
1105 4715 1193 4764 Maius
1278 4719 1311 4767 30
1330 4717 1354 4766 ln
1374 4716 1432 4780 lrncl
1452 4718 1501 4766 lroc
1519 4717 1641 4768 altini

303 4781 336 4830 32
356 4795 418 4830 uoce
479 4784 543 4832 oudo
628 4785 660 4832 33
679 4783 772 4830 Omnes
792 4797 852 4832 uero
871 4781 957 4831 Maius
1025 4783 1162 4834 mutiriules
1249 4787 1282 4835 34
1301 4781 1459 4851 neunnliter]
1481 4784 1595 4834 neutralia
1640 4799 1641 4810 ¹

305 4847 391 4898 Maius
459 4851 491 4900 35
510 4846 588 4912 trudo]
605 4849 663 4898 inde
682 4849 767 4898 Μαίης
818 4861 843 4898 et
860 4849 908 4898 lroe
926 4850 1002 4898 urlror
1019 4861 1043 4899 et
1061 4850 1109 4900 lroo
1126 4849 1186 4899 lrern
1206 4861 1230 4901 et
1248 4851 1296 4901 lroc
1315 4853 1390 4916 panis
1409 4869 1457 4904 om.
1477 4851 1563 4903 Maior
