3354 5580
475 429 481 440 .
499 398 549 448 ne
567 396 706 450 nouam
725 397 929 451 ειιιοειιινε.
1299 396 1358 462 157

144 583 302 663 Expletiua
318 583 497 655 coniunctio,
520 603 597 664 quae
612 582 709 646 addita
725 591 820 654 ornat,
844 584 974 646 detracta
993 629 999 645 .
1016 629 1024 646 .
1043 630 1050 645 .
1068 631 1086 656 .,
1109 594 1142 646 ut
1156 593 1202 647 εει
1216 586 1241 646 si
1256 584 1359 646 dixero

67 686 111 748 ‘ad
132 685 256 748 domum
280 685 355 747 uade
378 685 503 747 saltim':
532 685 626 748 ‘uade
648 685 684 748 ad
707 685 842 748 domum'
866 685 983 746 ornabit
1011 684 1211 767 eloquutlonis
1239 703 1358 749 sensum

66 797 93 848 et
112 787 255 868 ponderis
277 786 386 865 aliquid
410 785 500 849 addet
520 783 649 868 †minus
665 790 695 848 ·i·
711 805 745 849 ae
768 791 792 848 si
815 786 948 850 dixisset:
973 792 1125 867 ‘magnum
1141 787 1254 850 esttibi
1270 790 1357 850 etiam

66 890 169 951 domus
184 899 232 951 tua
247 885 272 970 †
287 899 416 960 tantum,
440 889 511 950 dum
527 890 623 952 omnis
638 897 688 953 tua
703 887 871 952 substantie
886 888 1025 952 distracta
1042 897 1088 952 εει
1102 900 1222 971 praeter
1238 890 1359 952 domum

44 995 167 1052 stuam’.
194 999 205 1020 ¹

146 1091 279 1154 Causalis
302 1102 361 1164 εει,
385 1095 525 1174 quotiens
547 1093 584 1155 de
606 1111 695 1155 causa
717 1093 861 1170 loquitur.
906 1093 1000 1155 Causa
1024 1102 1068 1154 est
1091 1092 1177 1165 baec,
1202 1095 1240 1156 ‘si
1264 1092 1359 1155 debeo

69 1194 201 1257 occidere
224 1193 323 1264 illum,
348 1203 398 1256 aot
419 1203 453 1256 ιιι
475 1192 575 1256 ιοΙΙειιι
598 1195 625 1254 ei
647 1193 842 1256 hereditatem
866 1203 916 1257 aut
937 1181 1019 1272 quod
1040 1197 1178 1258 inimicus
1200 1195 1272 1257 mibi
1296 1203 1359 1257 est:

67 1297 141 1357 hunc
163 1297 189 1358 si
214 1295 365 1366 occidero,
389 1304 419 1357 ει
441 1296 549 1358 carebo
572 1297 714 1358 inimico’.
739 1295 809 1358 ldeo
832 1296 941 1358 dicitnr
964 1296 1100 1369 causalis,
1123 1296 1202 1378 quod
1226 1316 1262 1358 eo
1285 1304 1359 1358 tem·

68 1417 134 1477 pore
156 1401 294 1478 ponitur,
317 1397 438 1476 quando
459 1398 496 1459 de
519 1417 606 1460 eausa
628 1397 788 1476 loquimur.

38 1517 57 1556 n
145 1497 321 1584 Rationalis.
351 1499 469 1579 quando
495 1499 605 1578 aliquid
635 1497 784 1579 loquimur
811 1499 848 1560 de
876 1501 1002 1562 ratione.
1047 1499 1148 1580 Longe
1177 1501 1255 1562 enim
1278 1499 1357 1562 aliud
1441 1567 1444 1574 Δ

69 1608 107 1661 εει
127 1620 230 1671 eausa,
259 1599 337 1663 aliud
360 1601 450 1670 ratio,
479 1591 556 1662 idest
577 1619 637 1681 quo
660 1601 729 1681 quid
752 1598 906 1681 conpellor
928 1601 1036 1664 iacere.
1082 1601 1176 1665 Causa
1199 1610 1260 1670 εει,
1283 1621 1358 1682 quae

67 1722 116 1764 uos
142 1703 232 1764 trabit
260 1702 297 1764 ad
325 1703 502 1765 ledendum.
547 1701 632 1763 Ratio
655 1709 699 1764 εει
722 1702 827 1764 modus
849 1703 991 1774 faciendi,
1018 1703 1096 1766 idest
1117 1720 1176 1780 qao
1198 1702 1269 1782 quid
1293 1703 1356 1764 eld-

69 1805 170 1874 εἰειιιι,
197 1812 231 1866 ιιι
257 1814 327 1884 puta
354 1805 503 1866 ‘inimicus
531 1822 616 1866 meus
644 1813 702 1872 est:
735 1803 838 1866 occido
865 1803 948 1865 illum
979 1813 1102 1885 propter
1130 1805 1354 1888 hereditatem’:

69 1907 136 1968 baec
165 1925 269 1975 cauea:
292 1905 354 1968 ‘sed
378 1904 460 1968 solus
481 1905 578 1967 debeo
600 1904 755 1979 oecidere;
779 1923 902 1990 uereor,
926 1908 951 1966 si
975 1923 1034 1966 non
1056 1909 1137 1968 solus
1159 1905 1255 1968 debeo
1278 1891 1356 1968 ocei-

38 2006 148 2078 alere,
173 2025 211 2068 ιιε
234 2006 472 2087 deprehendar’:
496 2006 570 2068 haec
593 2025 653 2068 non
676 2025 781 2078 causa,
805 2006 857 2068 sed
880 2009 957 2070 ratio
979 2015 1033 2072 est.

146 2109 224 2188 Ergo
246 2108 365 2191 quaudo
387 2108 425 2170 de
447 2111 562 2171 ratione
576 2107 735 2189 loquimur,
757 2108 932 2170 rationalem
948 2111 1086 2189 ponimus
1101 2109 1357 2181 coniunctionem;

71 2210 178 2288 quando
204 2210 241 2272 de
270 2227 373 2282 eausa,
408 2209 540 2272 causales
568 2211 804 2272 coniunctiones.
853 2210 911 2272 Sed
939 2213 1016 2273 seire
1045 2210 1151 2282 debes,
1182 2212 1261 2292 quod
1289 2211 1359 2272 licet

71 2311 151 2373 uobis
178 2333 232 2394 pro
260 2310 453 2374 rationalibus
479 2311 739 2374 coniunctionibus
762 2313 803 2373 oti
825 2309 973 2382 causalem
1002 2331 1058 2393 pro
1080 2311 1249 2375 causalibus
1271 2331 1357 2375 nerm-

71 2430 151 2491 quam
168 2417 215 2502 pti
236 2413 403 2475 rationales.
449 2412 610 2476 Rationalis
633 2422 679 2475 εει
699 2415 800 2494 igilur,
830 2411 881 2475 ubi
904 2423 948 2476 est
969 2416 1061 2484 ratio;
1090 2414 1219 2478 causalis
1241 2424 1301 2485 est.
1331 2419 1358 2477 si

40 2515 117 2576 nubi
141 2525 184 2578 est
211 2534 316 2586 caesar
343 2513 463 2597 †igitur
491 2524 588 2597 potest
615 2517 686 2598 poni
707 2517 733 2576 si
755 2513 804 2576 ubi
828 2516 854 2578 si
876 2533 936 2577 uon
959 2525 1058 2596 potest
1080 2518 1165 2598 poni;
1192 2517 1283 2596 igilur
1307 2516 1358 2578 ubi

72 2626 110 2678 est
135 2635 235 2688 eausa,
264 2618 504 2680 coniunctionem
532 2615 706 2706 rationalem
734 2635 794 2678 uon
823 2627 907 2698 potes
930 2637 1057 2697 ponere:
1088 2617 1215 2698 quodsi
1238 2617 1289 2680 ubi
1312 2627 1360 2680 est

73 2720 148 2790 ratio,
170 2717 318 2781 causalem
341 2737 454 2801 ponere
476 2727 570 2800 potes.
607 2719 769 2800 Elquere?
803 2718 898 2790 Quod,
921 2720 1039 2800 quando
1055 2721 1166 2782 utimur
1181 2719 1219 2782 de
1234 2721 1357 2805 ratione,

72 2821 122 2882 iam
143 2821 305 2901 praecessit
326 2839 429 2891 εειιεες
458 2821 576 2901 quando
597 2821 636 2890 de
658 2839 745 2882 causa
768 2822 888 2896 utimur,
912 2840 972 2883 non
994 2823 1092 2884 statim
1115 2821 1249 2904 sequitur
1272 2823 1358 2883 ratio.

73 2922 231 3004 ‘Occidam
254 2930 287 2985 ut
309 2921 409 2984 tollam
437 2922 654 2993 hereditatam',
685 2940 782 2985 causa
808 2931 867 2992 est;
896 2925 923 2985 si
951 2931 1049 2985 autem
1078 2923 1157 2985 dico:
1190 2922 1255 2984 ‘sed
1278 2923 1385 2996 solus·

41 3023 158 3086 redebeo
183 3025 322 3086 occidere
349 3022 446 3092 illurn,
481 3041 519 3085 ne
549 3024 779 3106 deprelrendar’,
814 3027 890 3087 ratio
918 3033 973 3086 est.
1023 3023 1091 3086 ldeo
1119 3024 1171 3087 ubi
1199 3033 1245 3086 est
1271 3026 1357 3094 ratio,

73 3127 174 3188 utimur
195 3135 225 3188 et
247 3143 349 3193 causa:
380 3124 432 3186 ubi
454 3134 500 3187 est
521 3143 624 3197 cause,
653 3145 712 3188 non
737 3128 836 3188 statim
858 3127 970 3189 utimur
991 3127 1121 3198 ratione,
1150 3125 1230 3205 quod
1260 3132 1359 3208 potest

73 3245 149 3289 eausa
171 3230 241 3309 poni
264 3229 329 3288 sine
351 3229 483 3298 ratione,
514 3229 590 3290 ratio
613 3237 729 3298 autem,
754 3229 811 3291 nisi
833 3246 919 3290 eausa
941 3229 1156 3309 praecesserit,
1178 3247 1239 3290 non
1261 3235 1359 3310 potest

76 3329 133 3392 dici
148 3365 191 3376 -
212 3329 390 3392 Coniunctio
407 3329 537 3410 simplex
561 3333 669 3402 ἰιιιιιιι
694 3331 847 3412 conposita
869 3333 1032 3410 mamque&
1075 3330 1197 3393 Accedit
1220 3339 1250 3392 et
1272 3331 1357 3392 ordo.

74 3430 140 3492 Sunt
160 3433 398 3504 coniunctiones,
421 3449 498 3512 quae
520 3451 640 3513 semper
662 3441 902 3513 praeponuntur:
926 3479 1018 3496 .....
1034 3441 1103 3494 sunt
1125 3432 1256 3503 mediae,
1280 3449 1357 3513 quae

44 3544 65 3584 ε
78 3550 238 3596 communes
254 3533 402 3595 dicuntur.
427 3533 665 3614 Praeponuntur‚
683 3541 715 3596 ιιι
727 3543 772 3594 εει
785 3542 822 3602 at.
837 3543 882 3596 ut:
907 3538 955 3595 ‘at
969 3542 1075 3614 pater
1091 3535 1356 3618 omnipotens’,

76 3637 133 3696 ‘ast
152 3641 241 3716 ego',
264 3635 343 3716 quod
367 3633 497 3697 medium
519 3635 662 3713 numquid
686 3638 833 3716 possimus
856 3636 956 3698 dicere
976 3639 1073 3716 ‘pater
1094 3642 1124 3698 al
1144 3637 1355 3716 omnipotens’.

76 3735 143 3816 Ergo
163 3743 232 3801 ‘ast’
256 3737 401 3816 numquid
424 3737 556 3802 medium
580 3745 634 3799 ast.
680 3736 763 3808 Quae
785 3737 1025 3818 postponuntur?
1060 3738 1165 3799 liutem
1189 3755 1262 3818 que:
1287 3741 1356 3817 ‘ego

133 3925 270 3974 lditracre
286 3933 372 3974 otest
451 3923 553 3974 buado
571 3923 655 3974 saltim
724 3919 858 3974 adlomum
877 3923 979 3972 ornauit
995 3922 1183 3987 eloquutionem
1252 3925 1359 3976 beddit

77 3989 149 4042 minos
160 3995 198 4042 ·i·
217 4008 247 4042 ac
264 3991 288 4042 sl
305 3985 426 4058 dixisset]
451 3989 537 4043 Locus
555 3998 692 4056 corruptus
709 3993 747 4042 ita
761 3992 877 4054 sortasse
899 3990 991 4058 reflnpi
1012 3997 1107 4056 poartt:
1132 3991 1270 4058 Expletiua
1292 4007 1357 4044 con-

77 4056 170 4124 iunctio,
188 4074 253 4124 quea
269 4058 358 4110 addita
376 4068 462 4116 ornat.
480 4060 593 4110 deuecta
611 4060 716 4124 minuit,
737 4070 763 4108 ut
780 4069 820 4108 εει
837 4059 859 4108 si
877 4058 965 4110 dixero
983 4060 1028 4109 ‘ad
1041 4059 1145 4110 domum
1165 4060 1229 4111 uode
1247 4061 1356 4111 aeltim’:

78 4128 163 4178 amabit
179 4127 351 4192 elnqoutionie
369 4141 474 4178 sensum
494 4138 519 4177 et
535 4127 658 4192 ponderis
675 4127 773 4190 aliquid
790 4127 879 4187 addet,
907 4128 1019 4178 detracta
1045 4137 1130 4179 autem
1155 4129 1262 4187 minuet,
1285 4143 1316 4177 ec
1333 4129 1357 4178 ai

77 4193 171 4246 dixisset
186 4204 234 4248 etr.
270 4196 363 4246 aetiam
413 4195 508 4245 taum
528 4192 569 4246 om
616 4195 863 4246 lillnmadtollam
910 4192 1044 4262 autquod]
1064 4191 1093 4250 εἰ
1143 4195 1241 4246 abaco
1282 4193 1356 4262 et]r'r

79 4261 186 4330 idaliud]
203 4263 301 4327 aliquid
355 4263 534 4328 lleonpellim
587 4260 809 4330 tequoquthq
864 4265 896 4313 14
908 4263 931 4314 ei
943 4279 994 4313 non
1008 4262 1088 4314 debeo
1141 4262 1271 4316 lblhaec
1325 4265 1356 4314 ta

77 4331 222 4383 adorabiles
240 4331 400 4382 rationabilis
419 4340 459 4381 est
475 4331 542 4381 idest
558 4333 624 4380 ratio
642 4332 721 4398 igitur
737 4330 848 4382 causalis
867 4341 906 4380 est
962 4332 1091 4397 diligitur
1108 4342 1194 4397 potest
1211 4329 1271 4397 ete]
1291 4331 1359 4382 Lori

77 4395 141 4455 laede
156 4402 271 4466 ronupti
291 4414 381 4450 aenam
397 4399 421 4450 ιε
437 4406 488 4454 eat:
516 4399 594 4465 igitur
616 4398 726 4449 causalis
748 4410 835 4464 potest
854 4399 930 4465 poni,
957 4399 981 4448 ai
999 4399 1042 4448 ubi
1060 4400 1124 4450 ratio
1144 4410 1196 4466 εει,
1224 4400 1357 4450 rationalis

79 4477 140 4525 itero,
158 4469 179 4517 si
196 4469 239 4519 nbi
256 4482 336 4518 eausa
354 4477 405 4526 eat,
425 4482 475 4517 non
493 4477 579 4533 potest
595 4468 656 4533 poni
760 4467 791 4518 21
815 4464 903 4532 cause]
925 4465 1037 4516 catrsalis
1105 4467 1281 4518 rationabilem
1304 4483 1356 4518 uon

79 4543 150 4594 potest
165 4550 258 4601 ponere
275 4536 320 4600 qui
338 4536 361 4585 ei
374 4536 416 4585 nbi
428 4535 635 4586 estrationabilia
688 4535 721 4584 22
739 4545 826 4600 potest
875 4537 909 4585 24
927 4535 1041 4585 occidam
1059 4534 1174 4586 attollam
1191 4535 1356 4586 hereditatem

78 4601 114 4648 sed
130 4603 195 4654 solue
212 4604 293 4655 debeo
313 4603 393 4654 occidi
412 4602 483 4654 illum
501 4617 534 4653 ιιε
550 4603 729 4669 deprehendar
745 4603 768 4652 si
786 4613 871 4653 autem
883 4603 941 4654 dico
953 4601 1025 4652 eolus
1038 4603 1125 4653 oceido
1138 4603 1203 4654 ratio
1216 4613 1256 4654 est
1323 4605 1356 4655 27

78 4667 128 4733 εἰει]
146 4671 198 4722 sine
265 4673 299 4723 28
317 4666 441 4738 simplex]
461 4668 516 4722 εειῑι
594 4672 627 4722 29
645 4667 835 4736 proponuntur]
860 4671 925 4722 Post
941 4671 989 4722 boc
1007 4669 1137 4722 excidisse
1156 4673 1269 4723 uidetur·
1297 4682 1358 4722 aunt

77 4749 131 4796 quae
147 4755 246 4807 semper
264 4751 453 4807 postponuntur
469 4742 511 4790 uel
525 4741 605 4790 abnile
622 4741 691 4858 prid.
763 4742 797 4790 30
814 4748 991 4804 preponuntur
1042 4750 1069 4788 at
1084 4736 1168 4805 pater]
1192 4740 1270 4804 Verp.
1290 4742 1356 4791 Aen.

80 4803 176 4857 Vim
242 4805 410 4875 blastego]
439 4809 603 4874 Vernden.

78 4883 129 4923 sunt
173 4885 342 4941 actamquae

656 4809 690 4858 lo·
757 4809 790 4858 32
813 4807 936 4870 numquid
955 4807 1067 4858 medium
1085 4805 1135 4873 est]
1155 4809 1226 4872 quod
1243 4809 1355 4860 medium
