3308 5542
699 329 749 380 DE
768 329 890 381 LIBRIS
908 329 1182 384 TVRICENSIBVS.

687 513 786 554 silianum
863 513 955 556 litteram
969 519 993 556 ut
1007 527 1065 556 emar
1079 516 1149 556 amnui

446 565 483 620 As
502 564 530 621 in
549 565 699 634 praeterito
719 567 746 622 ui
765 566 885 674 suscipit¹
899 585 915 642 s¹
931 568 1107 624 remouendo.
1131 575 1137 588 '

818 646 870 686 quin
887 646 940 674 eram

446 681 505 739 Non
523 683 563 739 aie
582 684 737 741 formantur
755 687 951 756 ternumque,
970 695 1013 742 aet
1031 687 1214 756 excipiuntur.

496 779 525 822 po
565 781 599 810 nro
634 769 673 810 dar
705 781 730 810 eo
765 781 793 810 uo
846 776 891 810 atae
926 785 930 794 ·
1001 782 1026 812 eo
1071 783 1099 811 no
1138 783 1163 812 ro
1203 779 1224 814 to
1259 783 1287 813 rto
1323 785 1347 814 eo
1393 773 1420 814 bo
1453 786 1480 814 uo

295 819 1473 892 ‹nerant-ardreatratummsto-plicotrinoneuen-secuto·

446 904 489 945 dno
504 905 568 945 trebrt
582 906 695 959 praeterita
721 906 838 946 secundam
916 905 1024 956 alterium)
1039 918 1081 948 non
1096 907 1202 960 excipitur

445 955 478 1012 Et
496 973 578 1020 neco.
596 957 672 1027 quod
691 959 770 1015 necui
790 958 854 1014 iacit
874 967 901 1016 et
917 958 1086 1028 quandoque
1104 961 1208 1016 neeaui.

482 1046 505 1081 ut
519 1040 659 1093 multiplicant
836 1043 911 1084 i.rurn
925 1044 1011 1084 nomine
1024 1044 1160 1096 conpositum
1169 1074 1175 1084 .
1184 1042 1313 1097 multiplicer

412 1091 497 1149 aaut
516 1095 694 1162 praeteritum
713 1094 786 1163 plico
806 1094 852 1151 dat
869 1111 931 1152 cum
951 1096 1061 1152 nomine
1078 1095 1210 1152 iunctum.

470 1177 545 1218 inane
559 1178 644 1218 nomino
733 1177 815 1219 diuisae
829 1185 853 1219 ut
867 1178 943 1232 apiieui
958 1181 1009 1231 quia
1025 1169 1129 1232 repe'ritur
1143 1181 1251 1235 appiicani

445 1229 503 1285 Hoc
518 1231 579 1286 sine
598 1229 710 1300 praebet
730 1231 770 1294 ui.
790 1240 880 1287 tamen
899 1241 926 1288 et
944 1232 1083 1301 reperitur
1101 1233 1129 1287 in
1147 1233 1200 1289 aui.

921 1315 1021 1369 rupinum
1037 1315 1087 1356 iacit

447 1365 550 1434 Regula
568 1368 749 1437 praeteritum
768 1367 911 1424 tornando
930 1368 1041 1436 supinat
1059 1369 1087 1423 in
1105 1376 1188 1425 atum.
1223 1368 1325 1436 Regula
1345 1369 1379 1427 de
1397 1371 1503 1440 supinis
1524 1370 1552 1425 ΙΙ.

484 1451 504 1492 in
520 1463 544 1492 eo
559 1453 609 1504 (icy.
622 1453 656 1501 eo)
671 1451 791 1492 desinenda
803 1451 817 1495 i.
833 1449 888 1504 piieo
902 1450 960 1504 quod
974 1450 1024 1492 iecit
1039 1450 1134 1516 plicitum
1148 1458 1170 1492 et
1183 1453 1237 1493 inico
1251 1453 1310 1505 quod
1323 1459 1382 1495 caret
1395 1453 1473 1508 supino

446 1503 499 1560 ista
519 1504 696 1610 supinantur,
715 1502 799 1572 plicat
817 1512 845 1559 et
862 1504 944 1559 rnieat
962 1503 1139 1573 excipiantur.

600 1582 665 1612 turrea
1453 1605 1459 1623 ‚

445 1623 525 1691 Quod
544 1622 590 1680 dat
608 1623 650 1686 ui,
669 1623 714 1678 dat
732 1623 814 1685 itum,
833 1622 885 1678 nisi
904 1622 1010 1679 destant
1028 1623 1055 1678 iu
1073 1639 1121 1688 eo,
1139 1623 1188 1680 sed
1206 1624 1233 1679 in
1253 1633 1326 1681 otum
1345 1626 1418 1690 (eod.
1438 1627 1523 1694 etum)

538 1707 599 1747 nerui
612 1711 697 1748 nectum
714 1707 765 1746 sarit
778 1713 799 1746 et
813 1706 898 1758 quando
913 1711 999 1747 necetur

396 1764 427 1812 tt)
445 1759 545 1829 sicque
563 1775 630 1815 neco
650 1767 760 1814 nectum
780 1758 844 1815 iacit
862 1767 889 1814 et
906 1757 1072 1828 quandoque
1090 1767 1225 1816 necatum.

493 1849 518 1884 ut
531 1841 754 1885 moue0.ui.moturn
928 1843 948 1882 in
963 1843 1020 1882 omni
1034 1843 1186 1895 coniugatione
1204 1882 1272 1888 ,-

442 1896 492 1952 liat
510 1912 562 1952 ueo
582 1895 610 1951 ui
629 1912 679 1964 per
696 1903 767 1958 turn.
786 1895 814 1951 ui
834 1894 934 1951 format
952 1896 1037 1964 nique
1055 1896 1166 1965 supinat
1203 1896 1258 1962 iiii·

607 1991 632 2020 eo
671 1991 712 2019 ereo
731 1991 771 2020 ueo
792 1979 833 2020 deo
852 1991 879 2020 uo
927 1990 955 2018 uo
1008 1989 1036 2020 uo
1075 1989 1141 2018 norro
1240 1979 1375 2033 miciopeiio

443 2029 1333 2102 Excipepas·ra·ia·se·la·sol·uol·ag·eog·etase·

444 2118 475 2172 vt
493 2126 551 2173 tum
571 2117 652 2172 dante
670 2117 743 2186 perit
760 2115 865 2172 uocalis
885 2132 940 2173 non
959 2115 1090 2173 breuiata.

493 2206 537 2242 tum
559 2208 604 2242 tum
631 2206 676 2241 tum
704 2207 748 2242 turn
766 2206 866 2241 tumtum
1095 2200 1238 2254 i.reupoaita

443 2253 495 2322 Qui
515 2280 520 2290 ·
540 2252 770 2310 si·oi·sa·li
789 2282 795 2292 ·
814 2251 822 2306 i
842 2279 846 2290 ·
866 2253 1010 2310 demantur
1029 2262 1057 2308 et
1074 2252 1137 2309 inde
1155 2262 1254 2310 ereata.

493 2337 514 2381 i.
523 2336 605 2378 uocalis
620 2342 643 2378 ut
656 2336 716 2376 rideo
725 2369 731 2380 .
740 2336 759 2376 ri
767 2365 773 2379 .
781 2335 846 2378 ardeo
854 2368 860 2380 .
869 2336 901 2376 ai.

394 2394 425 2442 ld
444 2388 533 2445 Litana
553 2388 635 2457 ionga
654 2387 698 2444 uei
717 2407 748 2445 ar
765 2414 772 2427 ·
791 2389 842 2445 deo
861 2389 885 2444 si
903 2387 982 2454 iacit,
1003 2387 1096 2458 excipe
1115 2387 1202 2446 stridi.

696 2479 719 2514 ut
733 2473 798 2514 redeo
807 2473 841 2514 .di
850 2505 855 2516 .
864 2473 929 2513 uideo
937 2501 943 2514 .
952 2473 974 2512 di
985 2502 990 2514 .

443 2525 471 2582 Si
490 2525 582 2582 breuia
599 2533 643 2582 est
661 2543 676 2582 e
694 2525 739 2582 uel
758 2527 780 2588 i.
799 2524 963 2595 producitur
981 2524 1070 2594 adque
1090 2523 1154 2581 iacit
1172 2524 1208 2580 di.

570 2616 594 2651 ut
609 2610 691 2662 pendeo
706 2616 727 2650 et
740 2609 837 2664 rpondao

443 2665 512 2718 dnte
531 2661 582 2718 deo
601 2663 715 2719 ueniens
735 2679 749 2718 e
768 2662 812 2719 uei
833 2679 848 2718 o
867 2660 971 2731 liquida
989 2661 1124 2718 mediante

493 2747 659 2812 i.praeteritum
673 2752 696 2786 ut
710 2745 793 2799 pendeo
809 2745 901 2798 pependi
915 2743 1012 2797 apondeo
1027 2745 1134 2798 spopondi

442 2799 610 2869 Principium
629 2799 762 2867 geminat,
782 2797 805 2853 si
822 2805 897 2853 muta
916 2797 959 2853 uel
980 2813 1005 2852 m
1025 2797 1101 2853 uenit
1119 2806 1191 2852 ante.

746 2881 892 2922 diciturenim
907 2881 1008 2934 suspendi
1023 2892 1064 2921 non
1079 2880 1214 2934 respondidi.

442 2935 471 2991 Si
489 2944 671 3005 conponatur.
692 2935 827 3003 geminata
846 2951 901 2990 non
919 2934 1101 3000 geminantur.

366 3020 504 3070 regeneratio
518 3019 593 3072 raguta
606 3021 627 3059 in
641 3020 699 3060 omni
712 3017 865 3070 coniugatione
892 3018 952 3069 porei
997 3017 1011 3058 ti
1077 3017 1099 3056 di
1138 3016 1180 3056 diri

394 3078 427 3126 20
445 3071 499 3129 Lex
518 3073 570 3129 erit
589 3073 655 3128 haec
674 3071 793 3133 eunetis,
813 3069 860 3126 sed
880 3087 916 3139 po
936 3097 942 3108 ·
961 3077 1003 3126 ste
1022 3096 1027 3108 ·
1047 3069 1080 3124 de
1100 3094 1105 3104 ·
1126 3069 1208 3139 dique
1227 3071 1349 3126 remotis.

430 3171 431 3174 ¹
699 3155 782 3195 dietam
1012 3153 1045 3194 uei
1060 3165 1152 3207 pransus
1168 3165 1269 3205 pronaum

441 3209 512 3264 liaee
531 3215 641 3276 praeter
658 3209 708 3277 p'er
726 3208 754 3262 ui
773 3206 817 3262 die
835 3206 978 3275 praeterit:
999 3206 1092 3274 excipe
1110 3206 1218 3276 prandi.

398 3339 400 3346 Ι
467 3291 723 3334 uirideo.siuideo.di
751 3289 834 3332 totondi
946 3291 1196 3331 risumuisumtonrum

441 3345 510 3401 [iaus
530 3345 581 3400 deo
601 3345 623 3399 si
643 3344 686 3398 uei
707 3342 733 3398 di
752 3343 930 3411 geminansne
949 3343 1047 3411 supina
1065 3342 1111 3397 dat
1129 3345 1157 3398 in
1176 3360 1235 3398 sum

468 3429 487 3472 i.
496 3428 575 3470 iaciens
589 3429 727 3482 praeteritum
742 3428 763 3467 in
776 3427 799 3467 ui
813 3426 895 3467 diuisas
905 3433 928 3467 ut
937 3427 1014 3466 candui
1024 3427 1041 3466 ri
1052 3425 1141 3467 heberet
1150 3427 1251 3480 supinum
1261 3426 1359 3478 regulare
1369 3434 1425 3469 erret
1435 3428 1543 3469 canditum

442 3480 597 3537 irenaeus
616 3481 643 3534 in
662 3481 695 3536 ui·
709 3479 774 3535 dant
793 3480 861 3534 itum
880 3478 1023 3534 nullumne
1042 3479 1180 3548 supinum.

468 3564 614 3608 ineundum
629 3562 725 3612 regulum
739 3575 811 3604 aarum
965 3568 1039 3604 contra
1053 3561 1150 3614 regulam

442 3617 487 3673 Sia
505 3617 588 3674 sedeo
608 3617 697 3673 reddit
715 3632 834 3679 sessum,
855 3624 975 3672 tamena
994 3615 1152 3683 geminauit.

519 3701 583 3741 etiern
598 3705 672 3740 contra
686 3699 783 3752 regulam
889 3697 891 3700 ’

390 3759 423 3806 25
442 3753 552 3808 Gaudeo
570 3753 695 3820 gauisum
714 3752 839 3822 praebet,
858 3752 919 3807 uuit
937 3751 1032 3820 regula
1052 3767 1175 3820 gausum.

462 3839 483 3877 in
499 3839 613 3890 praeterito
627 3837 634 3877 i
649 3843 671 3876 nt
684 3835 758 3889 turgeo
772 3835 823 3877 tutat
838 3843 912 3888 tergeo
927 3837 978 3876 terri
992 3835 1056 3888 lugeo
1072 3837 1116 3878 iuni
1130 3836 1241 3878 tuorum
1256 3836 1321 3888 longa
1336 3836 1465 3891 praerodens

442 3890 468 3945 Si
488 3890 552 3945 iacit
570 3889 579 3945 1
598 3889 642 3946 uel
663 3906 676 3945 r
694 3899 757 3945 ante
775 3905 827 3957 geo
846 3890 871 3944 xi
890 3889 982 3944 littera
1000 3886 1083 3957 longa

478 3980 502 4015 ut
515 3985 585 4026 augeo
600 3973 649 4014 auxi
828 3973 911 4014 diuisae
925 3978 948 4012 ut
963 3972 1024 4024 rigeo
1039 3973 1097 4024 rigui

440 4026 486 4082 Vel
506 4025 665 4095 dyptougus
684 4025 777 4087 habet,
796 4027 823 4080 iu
843 4024 870 4082 ui
889 4040 941 4092 geo
960 4033 1051 4081 cetera
1070 4023 1178 4081 format.

465 4112 556 4151 uerbum
569 4110 589 4149 in
605 4110 626 4150 ui
644 4109 722 4150 iaciens
736 4108 873 4164 praeteritum
888 4121 929 4149 non
945 4108 1008 4149 habet
1022 4109 1123 4162 supinum

440 4162 540 4220 Probet
558 4163 586 4218 ui
606 4161 711 4218 nulium
730 4163 752 4216 si
771 4177 882 4230 parsum
902 4161 962 4228 (tea.
982 4162 1137 4228 supinum).
1155 4161 1181 4216 xi
1200 4161 1264 4217 iaeit
1282 4162 1309 4216 iu
1328 4169 1411 4218 ctum.

451 4254 476 4288 ut
489 4253 580 4298 torqueo
594 4246 646 4288 torri
663 4251 744 4286 tonsum
923 4251 947 4284 ut
961 4251 1040 4286 tortum
1054 4245 1088 4286 uei
1103 4245 1217 4286 dirtortum

442 4300 470 4355 Si
488 4316 561 4369 queo
580 4315 696 4368 suntque
715 4297 779 4355 iacit
798 4308 886 4354 tamen
905 4297 932 4351 in
954 4305 1009 4352 tum
1028 4297 1164 4367 pluraque
1184 4297 1280 4354 reddit.

440 4385 460 4423 in
476 4383 551 4424 eadem
565 4381 643 4423 ailioira
657 4389 680 4422 ut
694 4380 735 4423 ileo
749 4381 800 4422 ileui
815 4381 906 4434 suppleo
921 4393 961 4434 nup
979 4381 1020 4422 leui
1034 4387 1059 4422 ut
1072 4380 1145 4423 dotum
1159 4382 1283 4438 suppletum

391 4441 423 4490 30
443 4436 539 4491 audita
558 4442 632 4490 muta
652 4433 696 4491 leo
716 4433 779 4490 iaeit
799 4435 842 4491 eui
861 4435 945 4503 uique
975 4435 1028 4489 aeit
1046 4443 1112 4490 tum.

490 4518 523 4560 leo
537 4517 567 4559 ier
582 4517 623 4559 leui
657 4517 704 4560 oleo
719 4518 774 4560 oiuui
901 4522 962 4558 etex
976 4517 1007 4556 eia
1021 4517 1134 4570 conponita
1148 4517 1246 4559 timiiiter

440 4571 485 4626 Sic
503 4572 558 4634 leo,
579 4571 619 4628 sio
638 4571 699 4628 oleo
718 4571 753 4628 de
771 4587 801 4628 se
820 4571 884 4626 iacit
903 4587 982 4627 omne
1001 4579 1131 4626 creatum.

465 4655 544 4698 hirtis
558 4655 678 4696 terminatio
763 4655 844 4695 diuisae
873 4660 896 4694 ut
910 4653 972 4695 doleo
987 4653 1045 4695 dolui

441 4707 535 4764 Cetera
554 4708 637 4764 uerba
656 4709 700 4764 leo
720 4725 769 4778 per
787 4707 815 4763 ui
835 4707 899 4762 iacit
917 4706 1021 4776 absque
1039 4705 1149 4775 supino.

771 4786 811 4814 neo
838 4774 878 4814 beo
919 4787 931 4814 o
1010 4773 1070 4814 iueeo
1084 4785 1122 4813 reo
1161 4785 1198 4814 roo
1263 4786 1300 4815 ero
1361 4775 1387 4815 be

441 4829 535 4886 Cetera
553 4837 618 4885 sunt
637 4829 663 4884 in
682 4829 711 4884 ui
730 4845 771 4884 ma
791 4856 796 4868 ·
816 4827 844 4882 iu
863 4854 868 4865 ·
888 4845 922 4884 ne
941 4855 946 4866 ·
966 4826 1012 4896 poi
1034 4855 1039 4866 ·
1058 4826 1087 4883 iu
1106 4852 1113 4864 ·
1132 4827 1166 4882 ire
1185 4853 1190 4864 ·
1209 4826 1266 4882 mul
1286 4856 1292 4865 ·
1311 4844 1367 4885 sor.
