3308 5542
753 381 792 392 -
838 359 901 404 v111
944 380 986 388 -

225 535 401 594 ceterarum
417 550 544 612 quoque
559 527 727 593 Heluetiae
742 527 870 593 urbium
883 527 1095 593 bibliothecas
1115 527 1194 612 adii,
1217 527 1526 615 sangallensem
1635 557 1642 567 ·

225 639 313 723 dico,
335 638 622 721 Basileensem,
645 637 936 705 Geneuensem:
963 660 1039 706 nam
1054 637 1300 723 illiusclaustri,
1322 641 1525 726 cuiAnge·

224 750 352 816 lorum
374 747 485 814 Mons
507 770 626 814 nomen
648 751 710 832 ost,
740 747 891 814 Fbowino
919 749 998 814 duce
1026 749 1153 814 saeculo
1180 749 1367 815 duodecimo
1390 749 1528 832 conditi,
1647 790 1652 800 -

226 881 299 926 cum
318 859 403 925 Galli
419 857 547 925 Moralii
568 857 782 924 Einsidlensis
804 858 935 924 schedas
957 859 1229 945 bibliographicas
1251 860 1426 926 liberaliter
1447 883 1528 926 con·
1630 923 1637 928 .

225 993 329 1036 cessas
355 973 559 1055 perscrutans
588 991 655 1034 non
682 970 746 1034 nisi
773 993 874 1035 unum
901 970 1020 1036 librum
1041 970 1237 1036 inuenissem
1260 973 1402 1036 extremo
1424 971 1530 1036 medii
1616 1003 1644 1044 ·.

225 1081 296 1146 aeui
318 1083 382 1146 fine
403 1081 615 1165 perscriptum
631 1079 725 1166 (plut.
741 1079 803 1166 VI,
822 1081 878 1146 27:
906 1080 988 1146 liber
1002 1081 1251 1166 gmmmaticalis
1267 1080 1404 1147 Georius
1419 1081 1531 1147 dictus

227 1213 307 1257 saec.
330 1190 424 1278 XV),
451 1213 523 1255 meo
551 1191 620 1256 iure
645 1191 769 1256 nullam
790 1192 949 1258 rationem
970 1191 1078 1257 habui.
1123 1190 1185 1258 Sed
1206 1191 1286 1257 haec
1307 1195 1436 1277 postero
1457 1193 1532 1258 for·
1634 1263 1642 1270 ,

225 1303 318 1368 tasms
345 1305 504 1387 tempore,
533 1323 606 1366 cum
633 1323 702 1366 non
728 1302 838 1366 uiuere
866 1302 986 1386 solum,
1013 1303 1069 1367 sed
1095 1303 1294 1388 peregrinari
1321 1325 1448 1386 quoque
1472 1303 1532 1368 lit-
1641 1359 1644 1370 .

225 1417 365 1478 terarm
388 1434 483 1476 causa
504 1434 562 1496 per
583 1435 732 1477 nummos
753 1412 895 1496 licuerit,
918 1411 1060 1496 expediri
1083 1416 1245 1497 poterunt.
1283 1412 1433 1479 Ceterum
1447 1414 1530 1480 libri
1626 1475 1630 1480 .

226 1499 444 1608 sangallensis
466 1543 542 1606 prae
564 1522 678 1587 ceteris
699 1523 837 1588 maxime
859 1523 1091 1606 memorabilis,
1117 1546 1181 1608 quo
1204 1523 1352 1589 Dosithei
1375 1524 1532 1610 Magistri
1621 1573 1634 1600 ·.

225 1637 395 1717 praecepta
422 1633 645 1716 continentur,
673 1632 735 1698 hoc
764 1634 835 1718 ipso
863 1655 949 1698 anno
977 1633 1126 1718 prmceps
1153 1656 1235 1718 quae
1264 1637 1399 1700 uocatur
1424 1635 1533 1702 editio
1651 1727 1652 1730 Ἴ

226 1743 332 1808 Keilio
354 1747 485 1808 auctore
507 1742 599 1808 Halis
624 1743 754 1827 prodiit.

309 1852 378 1918 Nec
393 1855 462 1918 fieri
477 1854 611 1920 omnino
626 1857 767 1939 poterat,
790 1858 827 1919 ut
848 1876 886 1920 ea
906 1855 991 1939 ipsa,
1015 1877 1097 1939 qnae
1119 1878 1157 1921 ex
1178 1856 1298 1940 tribus,
1321 1879 1400 1940 quas
1420 1859 1534 1922 nomi-

225 1965 317 2049 naui,
344 1963 558 2030 bibliothecis
594 1964 801 2050 collegeram,
842 1965 952 2030 omnia
986 1965 1107 2049 publici
1143 1966 1222 2032 iuris
1258 1967 1413 2052 lacerem,
1449 1989 1533 2034 cum

225 2078 425 2140 accrescente
454 2075 489 2139 in
511 2074 577 2140 dies
600 2075 860 2160 apographorum
882 2079 1167 2161 excerptorumque
1189 2077 1334 2162 cumulo,
1362 2100 1404 2143 ne
1432 2078 1533 2144 fasci·
1622 2143 1634 2166 ,Ι

226 2185 372 2250 culorum
400 2185 540 2269 spatium
567 2184 785 2270 abibliopola
811 2185 1035 2252 liberalissimo
1065 2207 1250 2252 concessum
1278 2187 1408 2274 longius
1436 2211 1534 2254 exce·
1622 2175 1626 2181 ¹

226 2294 349 2380 dorem,
370 2294 529 2361 nonnulla
549 2317 681 2381 prorsus
703 2295 913 2381 relinquenda
935 2300 1057 2381 essent,
1086 2298 1189 2362 multa
1209 2298 1383 2364 artioribus
1405 2299 1534 2366 finibus
1619 2289 1627 2295 ’

226 2405 477 2492 constringenda
497 2406 549 2471 nel
574 2406 770 2471 tenuissimis
798 2405 1002 2472 lineamentis
1031 2407 1257 2474 adumbranda
1301 2408 1429 2494 Itaque,
1458 2433 1533 2496 quo

225 2517 355 2602 longius
381 2516 417 2582 in
444 2538 541 2600 opere
568 2516 766 2582 conficiendo
796 2521 829 2582 et
851 2517 1041 2602 expoliendo
1068 2517 1310 2604 progrediebar,
1338 2541 1377 2584 eo
1405 2520 1480 2605 plus
1508 2545 1536 2586 a
1617 2520 1637 2607 J

226 2627 363 2711 pristino
392 2627 528 2693 consilio
555 2627 634 2693 alias
660 2627 947 2693 commentationes
977 2650 1044 2694 non
1071 2633 1138 2694 tam
1160 2651 1181 2694 a
1202 2627 1347 2694 codicum
1369 2629 1534 2697 hactenus

226 2737 465 2824 incognitorum
493 2738 545 2803 uel
572 2738 793 2832 neglectorum
815 2739 1005 2806 auctoritate
1027 2739 1202 2824 profectos,
1232 2761 1328 2825 quam
1357 2740 1397 2806 ad
1418 2763 1533 2807 emen·
1629 2729 1646 2758 ³

227 2847 333 2914 danda
347 2849 628 2934 grammaticorum
651 2849 728 2914 olim
751 2849 909 2914 editorum
931 2850 1051 2933 scripta
1071 2849 1252 2934 institutes,
1274 2872 1356 2933 quae
1377 2856 1533 2919 ueterum
1629 2841 1635 2850 ”

226 2958 340 3024 studiis
367 2959 584 3045 grammaticis
612 2959 808 3044 explicandis
829 2959 1039 3046 inseruirent,
1067 2959 1293 3044 interponendi
1316 2961 1368 3025 uel
1391 2963 1532 3029 corolla·

226 3071 349 3136 riorum
363 3069 466 3135 instar
481 3069 659 3136 subiciendi
680 3069 879 3154 recedebam,
902 3071 979 3155 quia
996 3093 1038 3137 ne
1054 3069 1260 3137 Oledonianis
1275 3070 1419 3156 quidem,
1442 3094 1532 3157 quaa
1625 3072 1642 3094 “’

227 3180 453 3265 promiseram,
475 3179 589 3246 studiis
611 3181 699 3245 locus
717 3180 966 3264 relinquebatur.
1001 3179 1139 3248 Ferebat
1153 3182 1239 3246 enim
1254 3180 1395 3266 enimus,
1418 3205 1531 3249 emen·
1631 3201 1637 3208 ·

227 3289 372 3355 dationes
402 3288 549 3356 Oledonii
576 3310 709 3376 gramm.
738 3290 808 3356 Lat.
837 3291 902 3356 nol.
925 3289 956 3378 V
977 3313 1009 3375 p.
1032 3291 1093 3356 681
1123 3313 1188 3377 seq.
1209 3292 1393 3376 propositas
1420 3296 1531 3362 causis
1630 3285 1636 3292 ⁵

226 3400 469 3484 rationibusque
491 3401 633 3484 firmare,
656 3399 742 3486 quod
763 3403 869 3485 ipsum
891 3401 927 3466 in
941 3423 1092 3485 praesens
1107 3401 1317 3468 differendum
1332 3402 1405 3469 fuit.
1441 3403 1531 3472 Item
1651 3423 1652 3426 ’

228 3510 338 3576 omnia
363 3510 421 3575 illa
445 3511 729 3595 praetermittenda
757 3533 825 3577 esse
854 3517 943 3578 ratus
969 3534 1057 3597 sum,
1086 3535 1168 3598 quae
1195 3515 1269 3580 inde
1294 3535 1314 3578 a
1335 3513 1530 3582 duodecimo
1630 3527 1639 3548 ·’

228 3622 354 3686 saeculo
376 3615 539 3706 usquead
561 3621 658 3686 medii
680 3622 752 3688 aeui
773 3623 871 3688 finem
890 3623 1091 3710 grammatici
1105 3625 1384 3710 excogitauerrmt,
1407 3625 1531 3710 quibus
1641 3645 1643 3650 ·

227 3752 295 3796 non
317 3731 412 3817 pauci
433 3731 508 3796 libri
530 3753 602 3797 cum
622 3732 678 3798 alii
691 3737 761 3798 tum
776 3733 957 3800 Beruenses
970 3735 1086 3818 repleti
1107 3737 1197 3819 sunt,
1219 3755 1287 3799 non
1309 3757 1373 3818 quo
1395 3736 1531 3802 inutilia
1633 3771 1638 3778 v

228 3843 291 3906 ista
318 3863 385 3907 esse
413 3842 600 3928 arbitrarer,
628 3843 747 3928 quippe
775 3866 856 3929 quae
883 3845 923 3910 ad
951 3843 1080 3910 illorum
1106 3849 1288 3929 temporum
1310 3847 1470 3912 sentiendi
1493 3853 1531 3914 et

229 3951 355 4018 dicendi
383 3975 505 4021 morem
532 3953 757 4020 illustrandum
786 3955 864 4020 satis
890 3955 1027 4021 multum
1055 3956 1200 4022 conterre
1228 3954 1436 4040 confiderem,
1468 3958 1529 4022 sed

230 4063 306 4148 quia
331 4062 370 4128 de
397 4062 449 4128 his
471 4061 605 4129 Carolus
627 4063 791 4132 Thnrotus
812 4066 967 4131 Parisinis
995 4070 1236 4150 ceterarumque
1259 4065 1383 4130 Galliae
1411 4065 1530 4132 biblio·

229 4173 394 4262 thecarum
416 4173 507 4240 libris
528 4175 713 4260 perquisitis
735 4176 856 4261 optime
878 4177 1010 4242 meritus
1032 4176 1188 4260 plurimos
1202 4175 1329 4241 illarum
1344 4175 1528 4273 litterarum

110 4343 115 4360 ,
230 4283 336 4350 fonce·
350 4285 415 4350 iam
432 4285 557 4351 retexit.
594 4285 764 4352 Praeterea
785 4287 823 4352 de
845 4287 941 4352 medii
963 4287 1036 4352 aeui
1057 4287 1170 4352 studiis
1192 4287 1409 4372 grammaticis
1430 4309 1529 4372 quae·

231 4393 319 4478 renti
343 4415 382 4458 ea
407 4395 611 4478 potissimum
639 4400 805 4462 auctorum
838 4398 958 4482 scripta
987 4398 1118 4463 maaimi
1151 4397 1306 4462 momenti
1338 4419 1406 4463 esse
1437 4397 1528 4464 uide-

231 4503 363 4588 bantur,
399 4504 514 4588 quibus
545 4510 690 4572 ueterum
717 4507 999 4594 grammaticorum
1025 4511 1196 4592 praecepta
1221 4511 1278 4572 ant
1305 4508 1442 4592 repetita
1468 4515 1529 4575 aut

231 4635 379 4698 expressa
407 4619 511 4699 erant,
539 4614 573 4680 id
600 4617 686 4700 quod
712 4617 751 4684 de
778 4621 991 4684 extremorum
1019 4617 1219 4682 saeculorum
1240 4617 1449 4700 scriptoribus
1469 4641 1527 4684 ne

232 4746 392 4808 quaquam
422 4724 600 4808 praedicari
631 4733 753 4812 potest,
788 4751 861 4796 cmn
894 4731 1026 4813 excepto
1057 4727 1202 4813 Vergilio
1231 4727 1364 4792 Marone
1393 4729 1526 4813 eiusque
1637 4795 1644 4808 ,
