3560 5574
349 325 411 391 266
496 328 732 381 COMMEN'PVM
751 327 995 381 ulusruuunsu
1013 327 1051 380 lli
1068 327 1154 379 DON.
1174 327 1298 380 auruli
1316 328 1495 382 MAIOREM.

196 523 410 589 canaanttur,
439 525 473 578 ut
501 515 576 579 ‘heu
598 517 688 579 rnilri'
718 519 838 580 ‘euax’.
883 514 1023 596 Singulae
1052 515 1192 598 pluresue
1221 525 1320 598 partes
1348 537 1402 598 pro
1433 518 1619 580 interiectione

347 628 512 700 ponuntur;
539 620 688 700 singulae,
711 629 744 682 ut
765 621 844 682 ‘iaa’.
889 619 946 682 Fas
974 637 1098 691 nornen,
1121 622 1142 682 i·
1165 619 1292 689 licitum,
1317 629 1347 682 at
1368 623 1474 682 transit
1494 623 1523 682 in
1544 623 1619 681 inur-

257 737 307 788 aaa,
321 739 332 778 1
346 711 520 793 lectionari,
543 723 586 784 sic
607 724 762 784 ‘toruum’
785 741 895 786 noman
917 739 971 803 pru
994 721 1136 784 aduerbiu
1157 721 1287 803 ponitur.
1331 720 1530 794 Plurasue,
1557 724 1620 784 sicut

346 825 465 887 ‘naias’
494 830 565 905 ‘pro
588 826 698 895 neias’,
727 842 762 885 ex
786 825 886 886 rnultla
907 824 1041 905 partibus
1064 826 1258 905 compositam
1287 829 1360 902 ‘pro
1382 823 1487 886 dnlor'
1510 824 1620 886 dolentis

347 936 407 997 eal,
430 935 462 988 ut
483 926 673 989 Seduliua:
1630 940 1636 950 '

472 1030 544 1092 Pro
565 1028 675 1091 dolor
697 1032 845 1122 aeterni
868 1030 1020 1091 inurant
1043 1029 1112 1092 dun
1135 1047 1311 1092 urescere
1333 1037 1547 1110 postquam,

347 1151 383 1193 ax
398 1136 478 1212 ‘pru’
494 1139 522 1192 at
539 1130 657 1194 unior.
692 1133 766 1194 ‘lieo
781 1133 903 1212 gratias’
926 1130 1063 1195 similiter
1090 1131 1286 1212 compositum
1310 1140 1354 1193 est
1375 1149 1413 1193 ux
1435 1131 1546 1194 duabus
1565 1151 1620 1214 par·

346 1233 427 1296 tibus
450 1243 478 1295 at
501 1242 546 1295 est
567 1235 735 1297 interiectio
758 1235 908 1296 laetantis:
937 1232 1077 1315 quicquid
1100 1235 1179 1295 anim
1203 1234 1301 1296 subita
1323 1251 1398 1296 unca
1420 1237 1620 1314 pronuntiatur.

259 1337 547 1400 aar,ainteriectioni
577 1336 744 1417 deputatur.
789 1334 893 1398 Nullus
919 1344 1059 1398 acuantur
1087 1343 1186 1398 cartus
1213 1345 1258 1398 est
1285 1337 1314 1396 in
1336 1337 1548 1398 interiectione.
1587 1336 1621 1396 lt

347 1440 428 1500 iera
455 1439 490 1499 in
519 1435 607 1498 aliis
635 1423 791 1499 nocillus
817 1440 838 1498 i·
866 1440 896 1500 in
925 1437 991 1501 aliia
1025 1437 1172 1518 partibus,
1208 1440 1276 1517 quia
1305 1457 1440 1519 quaeque
1467 1457 1540 1518 gans
1565 1449 1650 1500 suasu

347 1539 437 1602 habet
459 1541 700 1610 interiectiunas,
723 1542 850 1621 quaein
873 1540 959 1602 aliam
984 1539 1111 1619 linguam
1134 1542 1292 1602 transferri
1316 1559 1375 1602 nnn
1399 1549 1529 1621 possunt.
1551 1540 1620 1601 Vnde

347 1644 460 1705 ‘racha'
483 1644 651 1704 interiectio
674 1642 808 1705 llabraea
830 1642 867 1704 ab
891 1640 1072 1722 euangelista
1099 1645 1130 1704 in
1153 1643 1208 1704 alia
1232 1642 1331 1722 lingua
1354 1644 1479 1723 exprimi
1502 1661 1559 1704 uun
1579 1661 1623 1720 pu·
1697 1649 1698 1680 i

347 1750 410 1812 tuit.
455 1744 534 1807 Nihil
561 1753 658 1806 autern
688 1745 801 1815 differt,
830 1753 930 1807 utrum
957 1741 1237 1826 ‘papae’'aaaantu
1259 1747 1288 1806 in
1313 1747 1371 1807 iine
1394 1747 1490 1826 positu
1512 1745 1622 1812 (linatur,

346 1867 382 1910 an
410 1849 441 1910 iu
471 1846 654 1928 paenultima
681 1847 821 1928 ‘pipaa’.
867 1847 1010 1909 Similiter
1032 1847 1064 1908 iu
1087 1847 1203 1909 ueteris.
1248 1847 1382 1928 ‘Papae'
1404 1847 1567 1908 interiectio
1588 1853 1625 1904 εει

170 1987 172 1992 -
257 1951 532 2022 εω,εεᾱωὶεευῑίε,
561 1947 631 2010 iude
654 1951 753 2030 ‘papa’
776 1948 967 2011 admirabilis.
1018 1948 1115 2021 Quas
1144 1966 1234 2011 uocas
1256 1952 1277 2010 i·
1302 1950 1532 2010 interiectiunas.
1572 1946 1653 2007 ln-t'»

346 2053 519 2115 conditas
546 2052 763 2112 inuenimus
791 2053 810 2111 i·
834 2051 1016 2113 informatas.
1069 2050 1222 2112 lncoudita
1251 2069 1300 2112 res
1328 2050 1437 2112 dicitur
1470 2050 1622 2114 informata.
1698 2083 1699 2130 n

346 2172 422 2234 quae
445 2152 555 2216 nnllam
579 2153 703 2214 lorrnam
727 2153 896 2234 nullamque
919 2151 1119 2215 conditionem
1138 2151 1237 2214 habet.
1273 2153 1406 2215 Affectus
1428 2151 1535 2214 dicitur
1555 2149 1623 2210 desi·
1698 2159 1699 2168 ¹

345 2257 476 2328 derium,
500 2257 519 2318 i·
536 2255 671 2318 uoluntas
764 2255 888 2318 allectus
910 2301 1007 2318 .....
1028 2255 1092 2333 ipsa
1115 2261 1198 2316 actus
1218 2253 1256 2316 ab
1283 2255 1380 2316 allicio
1408 2253 1502 2316 uerbo
1527 2255 1547 2314 i·
1565 2269 1623 2332 par-

345 2361 421 2421 licio.

345 2478 571 2488 ——u

413 2547 429 2596 5
447 2541 579 2614 Senniius]
599 2544 648 2610 Op.
666 2545 753 2609 nurci.
770 2545 813 2600 lib,
831 2544 867 2593 11
884 2551 941 2594 tora.
965 2541 1006 2594 Vl
1022 2559 1049 2608 ρ.
1069 2545 1120 2594 462
1138 2543 1163 2594 Ε
1180 2545 1221 2596 ed.
1239 2543 1306 2596 Bm.
1388 2545 1419 2594 11
1437 2543 1464 2592 iu
1483 2541 1531 2592 alin
1548 2541 1623 2605 lingua
1699 2555 1700 2564 ¹

346 2615 378 2665 12
396 2614 427 2664 ab
446 2609 616 2680 euangelista]
637 2613 728 2664 Mutila
747 2613 771 2662 V
782 2615 816 2663 22
886 2614 917 2664 13
935 2627 1012 2677 pupe,
1030 2619 1071 2662 ier
1087 2614 1142 2662 aine
1160 2619 1266 2662 accentu
1335 2613 1366 2661 16
1385 2609 1535 2660 informatus
1598 2609 1624 2657 18

344 2682 681 2806 grcriffixlssuffcffaatntur
694 2683 792 2800 aliquot
808 2695 884 2733 ancer
899 2682 1036 2745 putredine
1054 2681 1153 2732 deletae
1169 2687 1242 2738 aunt,-
1264 2681 1301 2732 ad
1316 2687 1456 2732 extrem
1472 2682 1562 2745 lenitur
1577 2693 1623 2743 pn-

412 2923 428 2972 9
448 2919 537 2972 (iturea
554 2921 651 2973 codicia
668 2919 848 2982 Bernartius.
868 2917 918 2969 17ΙΙ
936 2934 1016 2983 muro.
1034 2920 1096 2970 rin:
1129 2916 1238 2968 Condita
1262 2934 1302 2968 rea
1321 2929 1359 2969 est
1376 2919 1440 2968 bene
1459 2917 1576 2974 ionnata,
1592 2915 1623 2962 in-

344 2989 459 3051 condita,
478 3004 544 3052 qnae
562 3003 612 3040 nun
632 2998 672 3038 eat
688 2988 752 3038 bena
769 2987 886 3040 lormatn.
923 2987 1175 3050 Vuaqunequeenirn
1194 3001 1257 3052 gena
1276 3002 1337 3036 arras
1356 2987 1543 3036 interiectionaa
1560 2984 1624 3033 habet

344 3072 410 3120 quae
427 3071 478 3107 non
498 3061 610 3123 puaaunt
626 3055 759 3106 transferri
777 3055 804 3104 iu
821 3055 897 3105 aliam
915 3055 1038 3121 linguam.
1073 3055 1147 3104 Vnde
1165 3054 1323 3120 euangelista
1342 3055 1441 3104 ‘racha’
1460 3069 1527 3123 quae
1544 3065 1578 3104 rat
1592 3053 1623 3098 'nr-

343 3126 455 3176 teriactio
472 3125 544 3192 apud
561 3125 682 3186 liebreua,
701 3138 753 3175 nun
770 3125 857 3189 putuit
872 3121 1009 3174 translerra
1027 3124 1052 3172 in
1071 3123 1147 3173 aliam
1166 3123 1288 3190 linguam.
1357 3129 1361 3136 ’
