3378 5550
299 333 380 381 cmv
844 313 1035 367 PROBIANA.

384 507 491 568 Petri
512 509 677 568 Iliaconi
697 515 787 568 notae
808 523 828 565 a
851 506 1037 566 Mommseno
1059 502 1091 564 in
1114 511 1253 565 stolorum
1275 507 1422 564 laterculo
1440 522 1473 580 p.
1495 511 1601 562 331-

299 619 359 672 ato
382 628 423 672 en
444 611 548 672 eodem
569 611 675 671 codice
697 611 847 670 Beruensi
872 610 972 670 editae
999 625 1168 684 quamquae
1192 611 1290 684 ponti
1309 611 1428 668 omnino
1450 609 1492 668 ad
1514 615 1598 668 uete-

297 731 365 774 rum
387 729 500 774 morem
521 714 759 788 capnosecndum
782 713 922 772 momenti
940 719 1026 785 sunt,
1050 717 1150 770 tamen
1173 715 1246 786 quia
1260 713 1392 772 codicem
1408 711 1599 770 Beruensem

298 833 390 878 unam
411 833 444 876 se
464 822 597 876 secultem
618 831 681 875 esse
703 817 757 890 qui
776 817 953 874 nouissimus
973 815 1069 875 edidit
1088 814 1246 890 professus
1267 819 1310 873 est
1327 831 1361 889 p.
1387 820 1444 873 332
1465 815 1600 874 alterius

296 921 370 980 libri
396 919 540 979 Vaticani
564 917 773 993 speciminibus
800 919 942 977 nonnisi
966 934 1042 976 roro
1069 918 1198 995 additis,
1229 933 1341 992 operae
1362 918 1494 993 pretium
1517 915 1600 990 sore

298 1021 468 1095 uidebatur,
493 1037 572 1096 quae
593 1020 631 1080 ab
654 1021 707 1080 illo
728 1017 837 1080 amasa
859 1026 974 1093 essent,
998 1021 1075 1080 libro
1098 1021 1196 1079 denno
1218 1036 1344 1080 exarasse
1365 1027 1510 1080 accurate
1531 1023 1598 1080 eol-

235 1107 237 1112 ’
297 1127 378 1185 lecto
398 1124 559 1184 corollarii
578 1119 678 1183 instar
699 1123 770 1183 lenio
790 1124 1057 1197 prammoticorum
1074 1123 1218 1182 uolumini
1230 1124 1319 1196 qnasi
1337 1124 1600 1197 supplementario

299 1229 444 1288 inserere.
492 1223 579 1296 Quod
599 1240 660 1285 non
684 1222 838 1298 fecissem,
869 1225 928 1284 nisi
949 1223 1163 1298 Mommseuus,
1194 1241 1279 1300 quem
1306 1225 1476 1284 litterarum
1503 1233 1598 1286 notas
1671 1279 1673 1284 .

297 1331 380 1405 ipsas
400 1343 517 1386 samma
536 1326 598 1398 tide
618 1343 657 1386 ne
678 1343 737 1386 uno
759 1327 878 1402 quidem
901 1342 1006 1386 errore
1019 1328 1173 1388 commisso
1188 1328 1378 1404 descripsisse
1391 1329 1491 1386 statim
1514 1329 1595 1402 aidi,

299 1433 331 1492 in
347 1427 557 1506 praefationis
577 1445 693 1504 qaoque
713 1430 813 1489 ambis
834 1431 1048 1490 constituendis
1070 1433 1167 1506 nisam
1189 1437 1365 1506 corruptam
1386 1430 1499 1490 codicis
1514 1429 1596 1490 Ber—

297 1535 399 1594 nensis
425 1534 552 1608 speciem
580 1533 806 1592 accuratissime
832 1533 1005 1608 exprimere
1032 1528 1161 1593 adnuae
1186 1533 1260 1592 milti
1285 1533 1366 1592 nisan
1387 1539 1461 1592 esset
1482 1539 1537 1592 ont
1561 1535 1598 1593 in

296 1641 409 1696 tentum
439 1651 525 1710 quem
553 1642 665 1694 uocant
690 1636 866 1710 recipiendo
893 1643 946 1694 ant
970 1635 1102 1707 fideliter
1130 1636 1209 1694 inter
1235 1636 1445 1695 adnotationes
1465 1636 1597 1696 criticas

296 1739 566 1800 commemorando.
609 1736 719 1812 ltaque
746 1734 791 1798 sle
818 1743 851 1797 tu
878 1737 1001 1810 habeto,
1031 1754 1078 1797 me
1098 1753 1135 1796 eo
1156 1739 1222 1797 solo
1250 1737 1419 1812 collepisse,
1450 1753 1529 1812 quae
1551 1739 1595 1798 ab

296 1843 350 1902 illo
373 1847 428 1901 out
450 1842 559 1902 omissa
581 1847 635 1900 ant
651 1856 765 1918 param
788 1847 935 1901 accurate
956 1840 1110 1917 descripta
1132 1845 1236 1900 essent.

381 1961 410 2021 p.
433 1939 496 2004 333
519 1943 556 2003 Μ.
579 1939 600 2002 3
623 1941 810 2023 apocrisarii]
835 1940 1028 2022 apochrisarii
1092 1939 1256 2021 linapeti]
1278 1941 1396 2021 imperil
1419 1942 1594 2020 (typolneta

295 2049 448 2108 erranisse
470 2043 606 2122 uidetur)
671 2042 847 2124 candellaai]
876 2043 1063 2114 sandalarii,
1092 2047 1125 2105 in
1152 2061 1249 2119 mara.
1280 2047 1308 2103 ai
1335 2042 1503 2166 cancellarii
1567 2043 1594 2107 5

1428 2127 1446 2166 is
1485 2125 1563 2166 ilerum

296 2178 406 2264 paene]
430 2201 507 2262 peno
594 2177 633 2242 12
655 2179 756 2261 Bona]
779 2198 920 2242 romanus
1008 2177 1046 2241 lt
1070 2179 1107 2242 de
1128 2180 1174 2242 his
1196 2177 1316 2260 aarum]
1347 2179 1384 2240 tle
1413 2179 1459 2254 his
1480 2197 1591 2254 aet-'um

295 2302 451 2360 stuprosae.
474 2301 511 2344 m.
536 2285 580 2344 tt.

379 2405 409 2465 p.
425 2381 535 2453 3342
556 2381 698 2464 syllabas]
721 2381 841 2444 sillabas
904 2381 925 2446 5
948 2403 1001 2463 per
1023 2385 1190 2446 huiusmodi
1212 2395 1297 2447 notas
1319 2385 1475 2446 breuitatis
1496 2405 1590 2448 causa

296 2495 328 2547 ut
349 2489 380 2546 in
402 2503 500 2561 marp.
523 2487 621 2563 suppl.
708 2481 728 2546 8
751 2503 804 2564 por
828 2466 877 2565 ·Y'·]
901 2505 954 2564 per
977 2488 1032 2561 ᾤ,
1055 2486 1089 2548 t'n
1110 2504 1208 2563 marp.
1234 2481 1272 2563 νζ·
1341 2485 1373 2547 ll
1402 2485 1512 2568 allatio]
1536 2488 1591 2548 ad·

296 2588 377 2670 halac
445 2585 483 2647 12
506 2586 619 2648 binium
637 2586 695 2668 est]
718 2591 930 2650 estttneoaet.
994 2587 1032 2650 14
1055 2589 1238 2670 Secttntlum]
1256 2589 1331 2653 Solia
1396 2586 1513 2670 asper
1535 2591 1588 2672 aa]

297 2710 330 2751 aa
354 2691 435 2751 deest
498 2686 540 2750 26
562 2686 646 2770 quia]
669 2687 744 2770 qula.
1108 2746 1112 2753 .

380 2793 451 2853 Post
471 2793 717 2870 subscriptionem
740 2793 951 2855 Mareanoaae
972 2798 1002 2856 iu
1025 2803 1165 2856 notorum
1184 2798 1244 2868 uine
1270 2798 1463 2870 collocatum,
1496 2813 1589 2871 auam

296 2895 494 2956 Mommsenio
510 2913 545 2972 p.
562 2902 618 2954 331
639 2895 800 2972 descripsit
814 2895 991 2976 (deuotissi.]
1016 2894 1193 2976 tenensis),
1216 2901 1296 2973 qteod
1315 2902 1450 2974 sequitur
1466 2901 1589 2976 popina

289 3000 435 3072 proxima
452 2996 481 3069 s.
505 2997 716 3058 CLXXXIII·
737 3000 775 3058 dc
796 3015 921 3060 numero
941 3010 1036 3078 captet
1059 3002 1116 3076 (cs.
1136 3002 1310 3063 Mommseui
1329 3003 1431 3062 adnot.
1452 3019 1484 3077 p.
1502 3008 1586 3078 331),

292 3101 388 3159 simile
415 3109 458 3158 est
478 3102 524 3160 illi
545 3099 709 3173 tractatui,
739 3119 824 3177 quem
843 3105 963 3178 popina
985 3105 1180 3164 antecedente
1201 3111 1259 3163 333
1280 3122 1320 3164 en
1341 3106 1443 3164 codice
1465 3104 1586 3164 Einsid·

292 3203 369 3261 lensi
394 3203 496 3262 altimo
527 3203 593 3262 loco
621 3203 820 3264 Mommscnus
846 3205 951 3264 edidit.
996 3207 1182 3267 Praemisso:
1219 3207 1378 3284 ‘Sequitur
1400 3205 1437 3266 (le
1459 3225 1587 3267 numera

294 3301 474 3364 litterarum'
497 3306 585 3364 ttteto
606 3323 626 3364 o
646 3307 748 3364 littera
770 3306 799 3364 tt
818 3309 936 3368 initiam
956 3307 1041 3382 capit
1064 3305 1094 3382 (Ε
1117 3306 1195 3384 CCL)
1219 3310 1384 3384 desinitque
1404 3312 1436 3368 in
1459 3309 1484 3367 Z
1506 3311 1587 3369 litte·

293 3421 359 3464 ram
383 3404 413 3482 (Z
437 3403 500 3465 [iao
523 3404 612 3480 utilia)
636 3413 708 3466 nola
731 3409 806 3466 ‘mii'
829 3409 937 3482 mione
957 3412 1075 3469 omissa.
1115 3411 1159 3469 Alo
1175 3411 1360 3471 Einsidlensi
1378 3414 1472 3484 ipitur
1492 3413 1586 3471 later-

292 3510 361 3568 culo
382 3524 442 3567 non
465 3510 526 3568 nisi
545 3509 621 3568 ltoec
643 3509 832 3586 discrepant:
860 3509 896 3573 ll.
913 3509 971 3580 CC,
1003 3509 1024 3570 l.
1041 3508 1069 3578 1,
1094 3511 1127 3570 N.
1144 3510 1197 3581 XI,
1227 3511 1261 3582 Ο.
1280 3513 1318 3604 Q,
1342 3513 1376 3574 T.
1393 3510 1478 3582 CLX,
1502 3511 1532 3572 Υ.
1551 3511 1585 3580 L,

293 3609 323 3670 Z.
349 3609 412 3669 ttuo
433 3607 523 3670 milia.
