3412 5564
315 450 407 500 ch11
717 436 766 488 Du
785 437 996 489 MAXtussAuo
1014 397 1200 492 PAPIlRINO

315 628 460 696 nouitate,
490 626 567 704 quod
598 627 780 706 posteriores
808 635 912 706 poetae
940 645 998 688 non
1021 636 1162 706 egerunt,
1194 647 1252 690 non
1280 627 1360 708 quod
1390 629 1444 690 ista
1475 628 1613 690 delinitio

314 738 393 792 recta
416 748 476 791 mon
499 736 591 799 esset,
621 727 672 789 sed
701 727 778 809 quod
809 745 914 791 uersus
937 747 1006 790 suos
1036 728 1174 810 liquidius
1196 729 1366 792 discurrere
1390 729 1457 792 ullis
1479 729 1611 793 salebris

315 830 483 894 noluerunt.

399 933 419 995 i.
443 929 482 995 8·
510 932 586 1005 Quid
615 951 669 1013 per
698 931 901 996 definitionem
930 933 1111 995 ostenditur?
1155 933 1264 996 Natura
1294 936 1530 1016 uniuscuiusque
1553 937 1610 1000 rei.

315 1044 347 1098 ut
370 1082 526 1099 ........
547 1033 632 1096 dicit:
657 1034 793 1096 Definitio
816 1034 886 1114 quid
910 1037 974 1096 esti
1018 1035 1131 1105 Oratio,
1155 1054 1230 1115 quac
1245 1036 1289 1107 id,
1313 1037 1350 1098 de
1366 1055 1424 1116 quo
1440 1039 1638 1117 quaerimus

314 1145 415 1218 aperte
438 1135 580 1199 describit
602 1147 632 1198 et
654 1137 840 1206 determinet,
864 1144 987 1217 utputa
1011 1139 1036 1198 si
1059 1139 1154 1200 dicas:
1185 1138 1285 1200 ‘borno
1310 1139 1381 1220 quid
1405 1139 1467 1201 esti
1496 1139 1610 1200 anlural

316 1237 458 1302 rationale
481 1237 604 1301 mortale
627 1247 657 1301 ct
678 1257 818 1300 sensuum
841 1243 954 1318 capar'.

383 1431 489 1492 lpoete
541 1441 590 1474 nou
610 1425 845 1476 l'cruntPutccla'ua
896 1424 1016 1476 dlllluitio
1036 1438 1178 1477 ructuasse
1237 1427 1330 1478 'loliis
1348 1428 1458 1489 salubris
1477 1429 1555 1480 nullis
1575 1458 1608 1466 —

314 1495 450 1544 uoluerunt
470 1494 602 1544 Putscltius
686 1492 902 1554 tuetlniuonem,
920 1511 992 1545 corr.
1010 1494 1063 1544 elel-
1081 1513 1111 1548 m.
1130 1495 1164 1545 ΙΙ
1250 1498 1317 1546 but
1327 1533 1441 1550 ......
1455 1513 1505 1548 nus
1527 1494 1608 1564 dicit]

314 1564 409 1614 Nomen
432 1564 546 1621 cucurrit,
568 1563 617 1612 red
637 1569 676 1612 cri
693 1562 823 1614 Maximus
844 1561 991 1613 Victorinus
1007 1580 1034 1626 p.
1054 1566 1122 1615 1938
1139 1563 1171 1628 P,
1193 1566 1358 1628 supplendum
1375 1565 1454 1630 ipitur
1471 1565 1612 1617 ‘Membri-

313 1634 424 1681 oionus.’
459 1631 553 1681 Petrus
571 1631 665 1680 Daniel
681 1631 713 1680 de
733 1630 843 1680 Gburiaii
858 1633 914 1682 loco
929 1648 957 1696 p.
979 1634 1041 1690 152,
1061 1633 1078 1681 4
1095 1631 1124 1681 K
1140 1635 1299 1698 copituucrol
1316 1640 1342 1683 et
1359 1633 1500 1684 domiciani
1516 1650 1610 1685 nonen

310 1699 413 1750 anbcsrc
430 1700 584 1752 coniecerat.
620 1697 730 1748 dillnitlo
799 1697 949 1748 bdiscriblt
983 1710 1007 1748 ct
1023 1699 1056 1749 ds
1073 1715 1146 1752 cuam
1180 1700 1338 1758 determinet,
1357 1700 1434 1750 ueluti
1453 1703 1474 1750 si
1494 1715 1611 1767 quaeras

311 1782 325 1816 ιι
344 1783 385 1816 me
403 1766 480 1830 ‘quid
498 1768 533 1817 sit
550 1765 654 1829 homo’,
672 1766 847 1832 respondebo:
875 1765 984 1816 ‘utrimnl
1004 1767 1126 1819 rationale
1142 1767 1249 1818 mortale
1267 1769 1334 1818 risus
1352 1784 1433 1835 rnpnx
1457 1769 1611 1821 Victorinus

312 1835 432 1886 Pouciit.

397 1989 508 2062 Quibus
522 2006 562 2050 ec
576 1991 650 2050 locis
663 1990 826 2064 cottiqitur,
851 1989 1089 2051 Maximiani
1107 1991 1226 2050 momine
1239 1995 1456 2066 prummoticos
1472 1993 1614 2054 Mucimi

317 2089 470 2153 Victorini
478 2107 536 2150 mou
547 2093 642 2152 sotum
657 2092 696 2151 de
706 2088 827 2151 rntione
837 2097 1000 2152 metrorum
1010 2093 1141 2154 libellum
1156 2089 1339 2169 adhibuisse,
1351 2090 1387 2153 id
1397 2091 1611 2168 quodKeilius

310 2194 464 2255 contendit
485 2195 503 2253 t.
525 2195 545 2252 t.
565 2210 598 2269 p.
624 2199 660 2252 tc
682 2199 756 2269 not,
779 2193 834 2252 sed
846 2200 949 2254 cetera
964 2210 1081 2270 quoquc
1094 2195 1226 2255 ciusdem
1238 2197 1436 2270 prommuu'ci
1447 2199 1610 2272 omucadu.

395 2292 585 2372 Pupcrioi
604 2293 663 2368 (cs.
685 2295 765 2355 Keil.
787 2297 807 2356 1.
830 2297 851 2361 l.
871 2314 904 2373 p.
929 2303 965 2354 15
988 2300 1067 2373 not.)
1088 2302 1236 2373 excerpto
1258 2297 1334 2358 boec
1354 2304 1442 2358 suot:

397 2395 479 2460 1:5²
510 2395 583 2456 ltem
607 2395 829 2476 Peperinus:
862 2395 946 2459 Nulla
976 2415 1032 2459 uox
1056 2397 1179 2459 duarum
1203 2398 1251 2459 nel
1273 2395 1402 2479 plurium
1424 2397 1609 2480 syllabarum

314 2505 401 2560 acuto
422 2484 498 2558 sono
522 2499 553 2560 lo
576 2495 677 2559 ultima
701 2499 893 2571 terminatur;
922 2499 1145 2561 circumiturum
1170 2517 1228 2560 non
1251 2499 1307 2561 alia
1329 2518 1399 2580 pars
1420 2509 1609 2581 postremum

230 2591 233 2598 ’
314 2598 414 2670 babet,
437 2599 494 2661 nisi
516 2615 600 2678 pars,
629 2600 713 2661 cuius
734 2601 881 2679 posterior
902 2599 1012 2682 syllaba
1041 2609 1145 2664 natura
1168 2599 1254 2681 longa
1278 2604 1422 2674 excurrit,
1450 2623 1525 2684 quae
1552 2617 1612 2667 aut

311 2703 469 2764 amissione
493 2699 614 2762 ultimae
636 2699 765 2781 syllabae
794 2701 998 2765 litterarumne
1020 2711 1071 2767 aut
1093 2721 1210 2775 earum,
1239 2722 1314 2784 quae
1343 2711 1412 2766 sunt
1438 2716 1507 2767 ante
1534 2707 1610 2769 ulti-

311 2821 398 2874 mam,
422 2804 636 2884 corrumpitur,
653 2813 685 2865 ut
707 2806 815 2884 ‘pacat’
834 2803 958 2885 ‘opplet'
982 2806 1067 2868 ‘linit'
1092 2809 1203 2884 ‘agnot’
1228 2805 1332 2868 ‘audit'
1356 2805 1464 2869 ‘addic’
1482 2807 1637 2871 ‘adduc’5

310 2905 430 2968 ‘adbuc’
456 2905 603 2986 ‘posthac'
627 2906 774 2968 ‘antebac’
799 2907 890 2970 ‘audi'
915 2909 1021 2986 ‘cupi',
1048 2926 1123 2987 quae
1146 2908 1232 2988 plena
1255 2916 1285 2970 et
1306 2909 1421 2988 integra
1444 2909 1500 2972 alia
1522 2923 1607 2983 suut,

311 3015 344 3071 ut
365 3007 505 3088 ‘parauit'
536 3006 692 3088 ‘oppleuit’
722 3011 841 3082 ‘finiuit’
873 3011 1018 3088 ‘agnouit’
1049 3010 1184 3072 ‘audiuit'
1213 3011 1340 3072 ‘addice’
1371 3011 1506 3074 ‘adduce’
1536 3015 1590 3074 ‘ad

309 3112 397 3172 huee’
421 3109 586 3190 ‘posthaec’
611 3110 777 3173 ‘antehace’
801 3110 926 3173 ‘audiui’
950 3113 1090 3192 ‘eupiui'z
1118 3111 1207 3174 buius
1235 3130 1354 3194 quoquo
1383 3116 1502 3191 generis
1530 3125 1608 3178 suut

310 3214 408 3276 ‘istoc’
433 3211 525 3274 ‘illoc’
549 3212 645 3274 ‘istac’
669 3210 761 3274 ‘illac’
786 3213 873 3273 ‘istic’
898 3211 992 3274 ‘illic’.
1202 3215 1204 3218 ’

394 3316 414 3375 i.
439 3311 498 3376 12·
520 3313 598 3385 Quot
620 3323 691 3376 sunt
712 3314 895 3378 dillerentiae
924 3317 1147 3398 participiorum
1176 3325 1206 3380 ct
1228 3317 1401 3380 nominum?
1440 3318 1511 3380 llicit
1534 3319 1607 3380 Pa·
1625 3334 1649 3374 ιο

310 3417 467 3498 perinus
495 3414 532 3475 de
560 3415 734 3478 differentiis
763 3419 915 3480 nominum
945 3425 974 3478 ct
1000 3419 1240 3498 participiorum,
1270 3420 1338 3498 quia
1366 3430 1436 3482 suut
1457 3421 1608 3501 (pusulam

310 3519 474 3599 participia,
498 3536 575 3596 quae
597 3519 712 3599 etipsa
734 3537 790 3599 pro
812 3521 926 3580 ratione
942 3521 1060 3582 nomina
1078 3529 1156 3590 suut,
1181 3529 1212 3583 ut
1234 3530 1279 3583 est
1301 3525 1442 3604 ‘sapiens'
1467 3531 1497 3584 ct
1517 3524 1608 3584 ‘con-

310 3623 420 3689 stans’;
443 3619 557 3681 habeut
577 3621 655 3682 euim
678 3623 822 3700 originem
846 3639 861 3682 a
885 3621 996 3692 uerbis,
1022 3624 1175 3703 ut‘sapio’
1199 3626 1339 3696 ‘consto',
1363 3634 1393 3685 et
1414 3625 1517 3686 eadem
1533 3645 1608 3706 par·

309 3724 409 3804 ticipia
432 3730 515 3789 sunt,
546 3731 664 3784 ct·cum
688 3730 758 3785 sunt
780 3723 914 3794 nomina,
945 3720 1000 3786 boc
1023 3723 1161 3786 illiserunt
1182 3743 1198 3786 a
1221 3726 1400 3807 participiis,
1430 3726 1507 3806 quod
1530 3747 1607 3789 con-

309 3831 469 3905 ponuntur,
493 3832 525 3884 ut
546 3825 712 3905 ‘iusipiens’
737 3827 942 3912 inconstans,
967 3835 997 3888 ot
1019 3828 1166 3905 recipiunt
1180 3829 1423 3908 conparationem
1446 3835 1475 3890 et
1497 3847 1607 3909 super·
1623 3845 1649 3884 ιε

308 3925 462 3996 lationem,
495 3933 527 3986 ut
552 3928 748 4006 ‘sapientior’
778 3927 983 3990 ‘constantior’
1018 3928 1277 4010 ‘sapientissimus’
1307 3931 1606 3995 ‘constantissimus’.

309 4027 341 4090 ln
365 4027 516 4093 aduerbiis
539 4045 655 4107 quoque
678 4031 797 4092 nomina
820 4037 982 4100 transeunt,
1007 4040 1039 4092 ut
1059 4032 1230 4112 ‘sapienter’
1254 4034 1459 4096 ‘constanter’.
1505 4031 1606 4096 Parti-

309 4130 384 4211 cipia
407 4132 485 4192 euim
508 4127 589 4212 †nec
611 4132 779 4212 conparatis
801 4151 837 4194 ex
860 4132 1031 4196 nominibus
1053 4132 1242 4216 appellatiuis
1263 4135 1347 4196 liunt.

378 4338 389 4383 l
410 4336 468 4386 Hoc
485 4342 635 4400 excerptum
650 4337 747 4400 primus
765 4335 845 4387 edidit
863 4337 963 4388 Keiliuc
978 4353 1070 4404 propr,
1089 4339 1196 4456 Erioup.
1215 4355 1243 4418 p,
1261 4341 1295 4389 15
1312 4346 1365 4390 not.
1442 4341 1458 4389 2
1476 4339 1607 4392 inllexnm

1156 4423 1172 4473 Ρ

307 4402 410 4468 boplut
427 4403 481 4454 udit
498 4402 770 4454 adlrucudditcdlruc
837 4405 928 4471 beupl
947 4407 1039 4456 addidi
1104 4409 1154 4458 lo
1200 4417 1236 4457 ort
1278 4405 1470 4458 dulcituddidl
1502 4407 1609 4460 audiuit

307 4472 364 4521 dice
380 4472 454 4536 purim
472 4471 560 4538 opplit
577 4469 633 4521 linit
650 4470 728 4537 ogubt
745 4471 816 4523 uudit
833 4470 904 4538 cupit
920 4471 961 4524 dic
978 4472 1053 4524 addic
1070 4473 1119 4524 dito
1136 4474 1220 4525 edddc
1237 4475 1319 4524 edbitc
1337 4473 1445 4541 posthac
1456 4475 1607 4525 crttelulc—

309 4539 409 4604 pnruuit
427 4539 543 4606 oppleuit
559 4539 667 4605 agnouit
684 4537 782 4590 audiuit
799 4541 896 4608 cupiult
907 4541 1065 4592 dieecddice
1077 4543 1141 4592 ducc
1158 4543 1256 4593 adduce
1273 4541 1372 4593 adhucc
1389 4543 1512 4608 postlmce
1529 4557 1607 4594 ante-

307 4607 370 4658 boec
387 4609 494 4660 coniecit
512 4607 612 4659 Keiliuc
662 4612 744 4674 agitet
761 4608 827 4660 aduc
844 4609 919 4659 aridio
935 4609 1020 4661 adhuc
1037 4612 1094 4664 cod.
1112 4611 1286 4677 Soupoltenrir
1303 4612 1374 4675 opud
1390 4611 1500 4662 licitum
1573 4617 1609 4665 lt)

308 4675 377 4738 qnod
428 4675 563 4728 dilorentic
613 4676 803 4729 dediierentiis
822 4679 954 4728 comitium
972 4679 1165 4745 participiorum
1251 4681 1283 4731 13
1304 4679 1403 4730 Verba:
1423 4679 1607 4732 hebentenim

308 4744 432 4809 originem
451 4771 484 4780 -
503 4755 593 4795 consto
610 4751 668 4809 post
687 4754 712 4794 et
729 4744 816 4796 cadem
840 4747 977 4813 participia
996 4757 1056 4796 sunt
1073 4749 1222 4800 collocanda
1239 4762 1295 4798 crac
1312 4749 1422 4798 uidetur.
1527 4750 1561 4799 13
1581 4765 1608 4800 ει

308 4811 373 4861 idem
441 4813 476 4862 14
493 4811 605 4862 d'd'ernnt
673 4813 953 4865 monumemtum.
973 4813 1007 4864 ΙΙ
1092 4817 1124 4868 18
1141 4815 1277 4881 Pnrtlcipin
1295 4812 1375 4882 ettlm]
1394 4815 1517 4866 Fortasse
1534 4822 1606 4868 scri-

307 4879 425 4931 bendum:
444 4878 581 4946 Particlple
599 4890 682 4930 autem
701 4895 746 4931 nec
764 4890 944 4948 conponuntur
962 4897 1007 4932 nec
1025 4893 1197 4950 conparantur
1210 4899 1254 4934 uec
1273 4886 1297 4932 in
1317 4883 1438 4933 oduei-bin
1459 4897 1608 4950 trunseuut,

307 4949 369 5012 quia
386 4961 437 4997 non
456 4963 488 4996 ex
507 4947 651 4998 nominibus
669 4948 832 5014 appellntiuis
850 4949 921 5000 lluut.
