3352 5556
591 395 818 448 malacitani.
1221 411 1352 460 CLXXIX

146 585 195 642 Ad
219 602 249 662 p.
277 579 353 653 165,
379 581 417 642 12
439 601 518 664 seq.:
552 582 712 646 Ciaxendix
740 583 828 645 tubae
861 583 993 646 custodia
1021 587 1105 666 qnasi
1139 584 1351 647 caloxendixa

7 675 8 682 '
77 683 154 743 uerbo
182 682 248 745 isio
276 683 353 744 idest
379 702 455 746 noco
482 685 530 746 nei
558 685 731 748 caiaxcndix
761 685 951 770 (clenodia)
981 686 1059 768 qnod
1088 688 1234 766 significat
1261 705 1351 748 conca

76 785 136 846 idest
156 785 243 856 tuba,
274 803 331 865 qna
354 789 470 865 signum
494 786 641 866 detegitur
668 787 746 849 idest
772 789 904 868 aperitur
927 797 957 850 et
978 799 1023 850 est
1044 791 1238 870 compositum
1261 807 1276 849 a
1299 805 1353 848 no-

76 889 142 948 mine
169 887 273 950 classis
301 887 377 951 idest
404 888 492 950 tubae
516 889 571 970 (-e)
604 897 634 950 et
656 888 750 952 altero
779 893 898 952 nomine
921 889 1007 961 dicis,
1037 890 1113 952 idest
1137 889 1351 952 maniiestatio:

75 989 215 1051 claxendix
239 989 309 1051 tuba
332 992 559 1062 manifestantia,
582 991 627 1065 cs.
651 990 784 1054 Martini
806 991 929 1054 Hertzr'i
950 994 1054 1054 adnot.
1078 992 1150 1054 erit.
1173 995 1195 1054 1.
1217 996 1240 1053 i.

619 1277 703 1342 Oce.
726 1277 806 1342 IIII.

76 1409 122 1474 iii]
141 1411 303 1476 ΡΔΡΙΑΕ
325 1411 441 1478 ARTE
465 1411 760 1479 GRAMMATICA
779 1413 839 1478 EX
856 1413 1089 1480 PRISCIANO
1106 1411 1350 1480 taxonaria

145 1587 229 1658 Quae
259 1587 302 1647 M.
332 1587 477 1648 Hertziua
499 1588 607 1664 praes.
629 1605 666 1664 p.
687 1588 720 1648 X
745 1597 830 1664 etp.
859 1589 982 1650 XXIX.
1011 1589 1109 1650 XXX
1135 1590 1173 1649 de
1201 1586 1354 1650 Prisciani

74 1691 242 1750 auctoritate
273 1689 315 1748 od
344 1691 480 1763 repanda
513 1691 604 1750 medii
635 1693 706 1750 oeaai
731 1690 883 1752 dominum
910 1689 1012 1752 studia
1039 1693 1242 1765 prommntico
1269 1691 1354 1752 docte

7 1805 12 1880 ζ
74 1794 209 1866 ammata,
238 1793 350 1867 optime
373 1793 534 1864 amantur
556 1792 674 1868 Papiae
701 1795 853 1869 exemplo,
881 1794 920 1852 de
946 1795 1032 1854 cuius
1059 1800 1127 1854 orte
1152 1794 1354 1878 orammatica

7 1883 8 1968 ζ
72 1893 275 1955 annuam
289 1894 439 1968 deflorato
454 1893 601 1956 Sinnerus
617 1897 737 1970 primm
758 1897 793 1955 ui
808 1893 908 1967 soilor
928 1897 1044 1956 satuit
1064 1903 1124 1956 cot.
1141 1897 1208 1957 cod.
1224 1895 1355 1956 lierni
1423 1956 1434 1976 Ι,

7 1979 8 2070 i
71 2012 95 2068 p.
116 2003 183 2054 aaa.
230 1997 346 2071 Papias
366 1999 461 2069 enim,
489 2013 556 2058 cum
578 1999 611 2056 in
631 1999 782 2071 plossorio
802 1999 973 2072 corruendo
993 2013 1048 2058 suo
1069 2014 1089 2057 a
1109 2000 1280 2072 mossarum
1302 1999 1356 2074 qui

72 2097 170 2158 maur
190 2099 278 2172 iniri,
301 2095 390 2159 cuius
410 2100 506 2175 copiis
527 2099 684 2159 uberrimis
704 2100 878 2175 saepissime
899 2116 968 2160 usus
990 2106 1047 2168 est,
1071 2099 1245 2160 auctmibus
1266 2102 1297 2160 im
1317 2115 1354 2159 eo

7 2189 9 2214 ⁸
73 2207 156 2259 tcum
184 2201 331 2276 differat,
360 2201 444 2276 quod
468 2217 531 2262 uno
558 2217 625 2261 mem
646 2197 754 2261 Boetia
781 2202 947 2277 ceterisque
967 2203 1167 2264 recentiorum
1189 2209 1353 2277 temporum

72 2303 258 2377 emptoribus
280 2301 471 2364 Priscianum
499 2305 530 2362 in
553 2304 664 2379 primis
690 2304 722 2364 in
738 2311 847 2380 partes
868 2305 1003 2379 uocauit,
1034 2311 1096 2366 tum
1116 2311 1275 2381 postquam
1295 2305 1352 2364 eie-

7 2411 9 2432 ¹
72 2406 238 2465 nentaritatt
261 2406 305 2464 ad
322 2407 412 2477 fmern
430 2406 588 2480 pudescit,
607 2402 798 2480 peculiarem
820 2405 859 2464 de
879 2422 914 2465 re
934 2409 1138 2482 prammotica
1159 2407 1267 2468 tibrum
1282 2421 1353 2466 con-

69 2509 165 2580 posuit,
190 2508 247 2582 qai
268 2508 299 2566 in
320 2505 434 2568 duabsu
454 2507 540 2567 tiaris
560 2504 776 2584 manuscriptis
797 2506 1000 2570 Beruensious
1024 2515 1039 2567 1
1057 2515 1087 2570 et
1111 2515 1129 2566 2
1148 2509 1202 2569 suo
1228 2509 1355 2568 elemen-

71 2609 265 2667 conculcem
286 2608 461 2669 motuuetus
481 2615 535 2668 est.
547 2609 582 2683 ⁸)
627 2609 754 2684 Vterque
776 2616 875 2670 autem
897 2611 1013 2686 Papiae
1033 2611 1109 2671 iiber
1130 2611 1251 2672 saecuto
1265 2611 1354 2670 tertio

72 2711 171 2770 auimo
192 2709 448 2785 antaradenae,
471 2710 527 2771 sed
546 2713 605 2785 ito,
630 2719 678 2788 ut,
701 2713 755 2787 qui
774 2713 909 2773 secundo
929 2729 1056 2775 numero
1076 2719 1197 2774 notatus
1217 2719 1274 2786 est,
1299 2713 1354 2772 oii-

70 2819 170 2884 ouante
197 2814 349 2874 uetustior
376 2828 438 2872 esse
465 2809 610 2874 matur
638 2817 750 2882 attero,
780 2830 961 2890 quamquam
983 2813 1112 2876 Sinnero
1134 2817 1225 2874 oiiter
1246 2815 1352 2875 uisum

70 2917 152 2988 Atque
184 2930 300 2974 reuera
326 2916 413 2974 istam
440 2921 536 2974 artem
565 2931 585 2974 o
613 2915 713 2992 Papia
740 2917 886 2992 scriptam
914 2933 977 2978 esse
1004 2919 1073 2978 inde
1099 2916 1243 2990 efficitur,
1273 2915 1355 2992 quod

70 3017 135 3076 iuter
160 3019 228 3078 dus
257 3017 375 3076 initium
402 3025 431 3076 et
452 3018 640 3077 elementarii
657 3019 747 3089 finem
769 3019 898 3078 insertus
918 3025 962 3078 est
982 3019 1047 3093 apsa
1067 3015 1120 3078 iile
1140 3019 1238 3091 iocus,
1267 3033 1354 3094 quem

70 3135 153 3192 nuper
177 3121 219 3178 W
220 3119 398 3178 iimounsius
418 3133 492 3178 maes.
516 3118 610 3178 eam.
632 3117 788 3180 ‘Placidus
811 3119 926 3195 Papias
952 3121 1017 3180 und
1041 3121 1156 3180 amoime
1180 3117 1355 3180 lateiniscire

70 3219 207 3280 rrrooare’
240 3221 298 3279 uot.
322 3219 437 3279 XXIV
450 3236 486 3294 p.
510 3225 569 3278 aaa
589 3221 684 3280 edidit
711 3223 800 3296 quasi
825 3222 979 3283 ineditum.
1026 3223 1106 3283 Nom
1133 3239 1174 3283 ex
1202 3221 1259 3282 troc
1284 3223 1353 3283 ioco

69 3329 140 3392 patet
159 3323 309 3398 Papiam,
335 3328 498 3398 postquam
524 3324 711 3384 elementarii
737 3324 781 3382 ad
798 3326 887 3395 finem
904 3326 1049 3400 perducti
1066 3325 1188 3400 pretias
1208 3321 1271 3398 epit
1291 3322 1354 3384 Deo

9 3485 11 3508 Ι
70 3439 198 3496 mamas,
228 3424 275 3482 ad
295 3425 423 3482 atterum
444 3421 545 3483 statim
568 3426 741 3500 opusculum
764 3427 933 3504 transiisse,
958 3427 1040 3502 quod
1060 3426 1116 3486 ‘od
1134 3426 1264 3486 eiusdem
1280 3441 1352 3501 per-

69 3523 195 3592 lectionis
223 3526 388 3586 monuium’
411 3523 582 3600 transipem
604 3533 636 3586 nt
658 3527 715 3586 sibi
734 3527 837 3586 liceret
854 3529 907 3603 pie
924 3535 1069 3603 precatus
1089 3533 1142 3588 est.
1188 3527 1275 3600 Quod
1294 3543 1353 3603 quo

70 3631 158 3690 meiius
178 3629 330 3703 connasci
346 3625 451 3703 possit,
476 3634 567 3689 totum
588 3631 687 3689 iocum
709 3629 799 3703 insro
820 3632 926 3690 iterum
943 3647 1118 3707 propanam
1133 3627 1248 3690 additis
1261 3629 1352 3690 libro·

9 3713 12 3822 Ι
71 3745 122 3788 nm
137 3727 342 3790 Berneusium
364 3731 541 3806 optimorum
562 3732 735 3808 scripturae
754 3730 965 3808 discrepamus
973 3735 1090 3808 passim
1104 3733 1352 3794 emendatiorem:

139 3850 277 3911 latinitas
298 3847 514 3910 benedictionis
536 3849 646 3926 gratias
668 3850 726 3910 iam
744 3849 806 3910 lieo
827 3851 905 3930 patri
927 3850 1094 3921 referimus,
1118 3851 1168 3931 qni
1189 3868 1244 3931 per
1266 3867 1351 3912 coae-

72 3955 172 4012 ternum
202 3969 295 4014 suum
322 3949 412 4012 iiiium
441 3951 471 4012 in
498 3953 594 4014 sancii
620 3953 743 4030 spiritus
771 3953 864 4030 gratia
887 3960 1020 4014 nostrum
1044 3971 1118 4032 opus
1142 3971 1177 4014 ex
1200 3951 1300 4014 multis
1322 3961 1353 4013 et

57 4050 181 4116 ttinersis
204 4054 337 4114 texturis
360 4049 540 4114 elaboratum
563 4062 650 4134 atqrte
673 4061 842 4116 contextum
866 4053 934 4116 iicet
955 4073 1010 4134 per
1028 4054 1188 4118 multorum
1204 4072 1348 4116 annorum

125 4309 184 4364 Cad.
205 4309 292 4360 Beru.
311 4325 349 4360 ur.
366 4307 384 4357 't
401 4323 468 4358 eoae.
488 4307 566 4358 XIII
635 4309 674 4366 Aa
691 4311 748 4360 cod.
762 4308 842 4364 Bern.
861 4327 900 4360 nr.
918 4313 934 4359 2
952 4325 1020 4360 suec.
1035 4309 1114 4360 XIII
1130 4312 1165 4362 in.
1182 4327 1217 4354 :a
1235 4307 1273 4368 B‚·
1290 4309 1347 4359 cod.

74 4371 136 4428 iera.
153 4395 194 4429 ar.
215 4375 549 4442 276,aaee.ii111=d.
620 4377 795 4426 lcoeternnm
816 4377 881 4427 ABG
898 4387 1027 4428 aeternum
1051 4375 1232 4428 Wiimoanaius

125 4613 151 4676 *J
170 4617 240 4667 idem
260 4614 325 4664 iiber
342 4613 443 4664 nomine
463 4615 559 4665 omisso
577 4625 640 4665 teste
651 4615 765 4665 Thuroto
784 4613 885 4666 Notices
904 4623 929 4664 et
946 4614 1058 4665 Eximits
1071 4615 1116 4665 des
1129 4613 1281 4664 Manuscrits
1299 4623 1347 4665 etc.

75 4691 122 4734 ton,
138 4683 211 4734 xxii
229 4683 328 4750 pnrn2
351 4697 377 4748 p.
395 4683 429 4734 45
448 4693 519 4733 axtnt
536 4685 562 4732 in
581 4683 667 4732 codice
685 4683 802 4733 Parisino
820 4682 907 4734 Sancti
918 4682 1029 4733 Victoria
1049 4685 1080 4734 l‘i
1099 4697 1165 4735 saec.
1178 4681 1247 4732 xiii:
1266 4681 1285 4735 i.
1297 4683 1348 4733 Μ

75 4744 145 4802 Putas
162 4768 178 4802 a
194 4768 248 4816 nae,
267 4751 410 4810 karissimi,
429 4765 462 4799 ex
479 4761 533 4801 arte
549 4753 687 4816 gramatice
700 4752 775 4802 uobis
787 4763 958 4818 competentes
976 4749 1077 4816 regulas
1095 4751 1151 4800 dari
1167 4760 1212 4801 aut
1228 4752 1349 4818 componi

11 4857 12 4884 p
77 4841 99 4850 -
113 4819 127 4872 i.
144 4819 213 4871 256⁵
232 4820 283 4870 eibi
302 4834 404 4882 quoqne
426 4819 490 4886 ipsis
513 4831 690 4886 preponuntur
709 4831 734 4870 ut
751 4831 777 4869 at
794 4831 834 4870 ast
851 4832 934 4870 nutem
959 4831 1031 4870 tenus
1050 4831 1074 4869 ct
1091 4830 1168 4882 atquc
1188 4819 1306 4883 equidem
1324 4828 1349 4869 et

11 4897 12 4928 t
77 4899 120 4934 nam
137 4903 219 4953 neque

1098 4971 1145 5024 m*
