3354 5580
540 347 686 422 corneis
705 369 907 424 conuenere
925 373 968 426 aa.

255 555 360 617 India
383 557 502 618 mittit
524 555 632 627 ebur,
656 555 787 620 molles
810 575 872 619 sua
895 567 977 620 tura
1000 556 1134 620 Sabaei
1155 593 1197 603 -

256 657 433 720 Castorea
457 657 625 720 Eliadum
649 658 790 739 palrnas
811 659 946 738 Epirus
969 677 1148 740 equarum

105 858 252 941 ‘abyssus’
275 861 458 942 ‘baptisma',
481 881 607 942 quorum
631 861 810 942 paenultima
833 863 981 943 positione
1004 865 1192 942 cognoscitur
1215 881 1280 924 esse
1302 862 1398 943 longa,

81 963 157 1023 aseri
187 964 302 1026 acuitur
330 963 597 1044 antepaonultima,
627 965 695 1042 quia
724 969 848 1045 propter
877 964 968 1026 buel
992 983 1009 1043 y
1031 963 1165 1025 anlertur
1193 975 1333 1028 accontus
1363 967 1400 1028 ue

105 1062 300 1142 paenultima,
330 1083 386 1127 uec
408 1067 532 1134 mirum,
563 1085 630 1126 cnm
654 1065 731 1146 apud
755 1083 810 1126 nos
832 1083 949 1146 quoque
972 1064 1146 1146 ‘locupletis
1167 1064 1348 1147 locupletes’
1372 1077 1401 1128 ot

106 1165 272 1246 ‘locupleto
295 1166 475 1247 locupletos’
499 1177 528 1230 et
549 1168 701 1229 ‘asseuero
724 1169 889 1229 asseueras’
913 1169 1088 1248 ‘perseuero
1111 1171 1299 1247 perseueras’
1323 1174 1400 1230 ‘era
1448 1180 1455 1192 ·

105 1267 171 1329 dico
193 1267 338 1329 eradicas’
362 1268 447 1348 longa
472 1271 509 1330 sit
532 1267 706 1331 naturaliter
729 1267 908 1348 paenultima
932 1277 962 1330 et
984 1278 1083 1330 tamen
1107 1279 1229 1351 propter
1252 1269 1400 1332 ausoniam

106 1379 260 1432 accentum
284 1370 373 1434 babet
394 1368 659 1451 antepaonultinra,
683 1379 713 1432 et
735 1389 750 1430 e
774 1372 923 1432 contrario
939 1369 1102 1433 ‘calefacis’
1118 1371 1299 1433 ‘ferocioris’
1322 1377 1400 1434 ‘arc-

73 1485 94 1524 1⁰
106 1472 195 1533 iacia’
219 1471 395 1552 ‘tepefacta'
418 1471 582 1534 ‘labetacis’
606 1472 801 1534 ‘maceraris’
825 1480 979 1534 accentum
1003 1471 1093 1535 babet
1113 1473 1308 1553 paenultima,
1333 1474 1402 1537 licet

106 1575 142 1635 sit
164 1571 283 1644 breuis,
312 1583 342 1634 et
363 1592 469 1636 rursus
491 1573 687 1654 ‘aliquando’
711 1575 906 1654 ‘nequando’
930 1573 1110 1654 ‘siquando’
1139 1585 1294 1640 accentum
1319 1585 1401 1639 tenet

106 1673 370 1755 autepaeoultima,
394 1673 464 1736 licet
486 1674 573 1754 longa
596 1677 634 1736 sit
654 1673 845 1755 paenultima.

190 1776 284 1837 Porro
306 1777 385 1857 quod
407 1779 577 1839 accusation
599 1779 680 1839 casui
703 1776 828 1838 uerbum
852 1775 1041 1839 ‘calumnior'
1063 1780 1196 1841 iunctum
1222 1781 1400 1862 repperitur,

106 1877 270 1939 meandum
298 1879 428 1940 Graecos
456 1878 484 1939 iri
514 1877 663 1958 prolatum
692 1886 750 1948 est,
780 1885 911 1940 ceterum
940 1877 1043 1940 Latine
1072 1897 1129 1940 non
1159 1892 1213 1942 est.
1259 1881 1318 1943 lam
1342 1875 1401 1944 oon

74 1978 266 2040 oureenuum
289 1979 467 2042 ‘calumnior
489 1981 652 2051 Catonem’,
677 1978 756 2059 quod
779 1981 892 2060 antiqui
915 1979 1054 2042 dicebant
1070 1979 1081 2064 ΙΙ
1098 1981 1115 2042 i.
1131 1979 1173 2044 5¹²
1190 1981 1201 2065 ΙΙ
1217 1983 1325 2051 Latini.
1349 1985 1400 2045 sed
1468 2007 1472 2014 ¹

105 2080 284 2142 ‘calumnior
306 2081 431 2152 Catoni’,
460 2083 539 2162 quod
562 2090 593 2143 ot
613 2083 710 2162 ipsum
734 2083 889 2162 perspicax
913 2089 1017 2143 auctor
1038 2085 1268 2162 Augustinus
1291 2104 1403 2166 super

106 2183 286 2262 psalmum
315 2183 420 2245 Beati
448 2183 671 2276 inmaculati
694 2183 768 2244 dixit
789 2191 819 2244 et
840 2183 949 2244 docuit.
994 2183 1030 2244 Et
1050 2183 1111 2244 illic
1139 2186 1216 2246 enim
1240 2187 1404 2248 seeundum

107 2285 252 2348 Graecam
281 2283 460 2347 loentioorm
490 2285 611 2346 dicitur:
647 2285 701 2346 ‘ne
724 2284 824 2346 uades
845 2303 894 2345 me
917 2282 1167 2348 calumniantibus
1188 2289 1254 2348 me’
1278 2297 1308 2348 et
1330 2291 1402 2350 ‘uon

107 2388 323 2449 calumniantur
345 2405 393 2450 me
415 2386 562 2467 superbi.'
607 2386 667 2448 Nos
696 2394 794 2447 tamen
824 2385 964 2447 nostratis
991 2405 1107 2448 morem
1135 2398 1293 2468 sequentes
1323 2389 1404 2450 locn·

73 2502 96 2541 20
109 2489 198 2550 tionis
220 2489 359 2550 elicimus:
384 2488 523 2551 ‘Oremus
545 2505 600 2569 pro
624 2485 873 2549 calumniantibus
895 2485 1002 2550 nobis’.

192 2589 266 2651 iilud
289 2609 405 2671 quoqne
429 2588 606 2659 notandum,
630 2589 709 2668 quod
732 2588 915 2652 ‘subscribo'
939 2589 1039 2652 darino
1054 2591 1198 2670 iungitur,
1216 2601 1248 2653 ut
1262 2600 1308 2654 est
1323 2593 1404 2656 ‘sub-

107 2691 209 2754 scribo
239 2691 394 2772 epistuiis’,
428 2693 504 2754 sicut
535 2690 645 2770 legitur
677 2699 708 2754 et
741 2693 776 2753 in
809 2691 1033 2754 canonibus:
1069 2692 1170 2754 ‘huic
1205 2694 1358 2757 decreto
1388 2714 1404 2756 a

111 2793 221 2856 nobis
257 2791 483 2874 prouulgato
519 2792 763 2874 subscripst’,
804 2793 883 2874 quod
916 2794 984 2856 irleo
1021 2797 1313 2858 commemorandum
1348 2807 1404 2867 est,

108 2899 173 2977 quia
202 2915 270 2958 cuna
300 2896 426 2976 simplex
455 2897 551 2974 ipsurn
581 2894 706 2957 uerbum
730 2903 759 2956 et
781 2902 880 2956 cetera
909 2897 1023 2967 omnia,
1053 2914 1129 2975 quae
1158 2896 1195 2956 ab
1224 2917 1259 2958 eo
1283 2917 1404 2979 compo·

75 3007 235 3068 suuntur,
270 2998 388 3060 trahant
422 2998 635 3065 accusatiuum.
665 3005 698 3059 ut
725 2995 823 3058 scribo
852 2994 1009 3057 conscribo
1038 2997 1176 3058 describo
1204 2999 1335 3060 inscribo
1357 3019 1404 3063 re·

108 3101 209 3162 acribo
224 3099 392 3162 transcribo
415 3097 559 3170 ‘librum’,
584 3099 657 3160 baec
672 3096 781 3168 solum,
806 3097 880 3159 idest
895 3095 1050 3159 subscribo
1064 3106 1095 3159 et
1109 3100 1282 3178 praescribo
1299 3111 1407 3181 regunt

109 3203 258 3273 datiuum,
283 3211 327 3264 ut:
351 3197 536 3281 ‘praescribo
559 3200 624 3260 tibi'
647 3201 677 3260 in
699 3198 858 3266 scribendo
881 3199 1053 3260 contradico
1076 3199 1139 3260 tibi.

193 3304 365 3366 Differentia
387 3319 505 3382 quoque
527 3293 827 3381 inter'tutrunque’
851 3306 881 3362 et
902 3302 1081 3380 ‘utrosque’
1105 3320 1164 3362 non
1187 3321 1293 3382 parurn
1316 3302 1406 3366 debet

109 3406 244 3486 placere,
268 3407 336 3484 quia
359 3402 502 3466 falluntur
524 3401 564 3463 ibi
587 3401 732 3483 plerique.
778 3402 933 3480 ‘Vterque'
957 3401 1067 3463 dicitur
1090 3401 1126 3463 de
1154 3403 1269 3466 duobus
1292 3411 1405 3468 tantum

75 3507 296 3586 maminthus,
324 3506 478 3585 ‘utrique'
507 3523 580 3567 uero
608 3507 645 3567 de
673 3503 791 3565 duobus
820 3510 870 3563 aut
897 3502 934 3562 de
956 3501 1091 3583 pluribus
1114 3523 1149 3564 ea
1172 3514 1298 3585 utraque
1320 3515 1406 3586 parte

110 3612 229 3690 positis,
254 3619 283 3670 et
306 3611 451 3687 ‘uterque
474 3609 572 3669 uenit'
597 3615 627 3666 et
648 3608 777 3684 ‘utrique
800 3610 971 3666 uenerunt’.
1017 3603 1075 3666 Sed
1099 3615 1198 3667 tamon
1221 3625 1327 3669 uerum
1352 3618 1405 3681 est,

109 3712 186 3792 qood
211 3711 338 3772 subiecit
369 3711 463 3790 ipae:
499 3707 608 3769 ‘baec
638 3705 785 3789 quidem
819 3705 1004 3767 distincta
1037 3716 1137 3779 sunt,
1172 3708 1236 3770 sed
1270 3711 1405 3772 iterum

109 3814 336 3876 auctoritato
358 3813 514 3873 coulusa
537 3812 645 3870 sunt'.

194 3915 329 3976 ‘Verior’
361 3932 433 3976 uero
463 3913 539 3974 idest
566 3910 623 3972 lide
651 3911 732 3980 dico,
767 3911 835 3992 quia
868 3909 1053 3972 subobscura
1076 3910 1173 3990 glossa
1203 3921 1262 3981 est,
1291 3913 1408 3995 planius

77 4017 302 4098 copertorium
325 4033 444 4077 censeo.
489 4012 610 4076 ‘Varlor’
634 4012 712 4074 irlest
733 4013 791 4074 tirio
814 4012 896 4084 dico,
921 4013 978 4073 boc
993 4022 1039 4074 est
1054 4021 1162 4075 memet
1182 4016 1277 4094 ipsum
1301 4015 1407 4077 uadem

111 4119 147 4180 do
170 4117 219 4182 uel
241 4121 271 4180 iu
295 4115 496 4178 uadimonium
519 4115 613 4177 trado.

178 4393 189 4440 i
212 4385 297 4457 ludia]
320 4389 399 4455 Verp.
419 4387 487 4439 Geor
505 4429 511 4440 .
531 4387 548 4437 1
565 4389 599 4436 5⁷
682 4387 698 4436 2
717 4397 817 4435 castore
835 4385 961 4436 cellarium
980 4384 1079 4452 palmas
1097 4387 1183 4451 epirus
1202 4401 1325 4449 equarum
1346 4385 1409 4451 (pro

113 4473 212 4509 erm.
230 4459 256 4524 a)
361 4461 377 4509 3
395 4403 503 4524 Epirnsl
521 4454 640 4506 Seruius:
664 4451 731 4502 Sane
749 4454 836 4519 epiros
855 4453 949 4504 Graece
968 4453 1103 4520 profertur,
1124 4455 1190 4504 uude
1208 4456 1283 4504 etiarn
1302 4471 1316 4504 e
1333 4454 1410 4506 lrabet

113 4539 251 4578 accentum.
285 4525 350 4576 Nam
369 4526 391 4574 ai
410 4523 528 4574 Latinum
547 4533 616 4574 esset
634 4521 742 4588 Epirus,
761 4523 788 4589 pi
806 4522 909 4573 baberet
928 4534 1071 4581 accentum,
1089 4522 1150 4583 quio
1172 4522 1315 4589 longeest.
1393 4526 1409 4575 9

732 4617 768 4646 mo
1174 4604 1216 4644 aab

115 4663 249 4726 penultima
337 4663 370 4711 14
386 4662 437 4710 iana
456 4675 523 4708 narro
608 4661 641 4710 23
659 4662 868 4711 oomnrerandnm
954 4661 987 4709 26
1006 4656 1155 4707 bocsolnm
1174 4659 1290 4709 i·scribo
1376 4661 1408 4710 3t

113 4792 137 4829 et
153 4729 263 4846 utrquuc
281 4790 406 4830 rrenerunt
490 4779 524 4830 32
542 4775 602 4838 Qna'a
619 4778 652 4827 ait
671 4777 712 4826 iile
730 4777 818 4840 ‘ipae'‚
842 4776 946 4838 difficile
965 4777 1033 4825 dictu
1050 4783 1101 4838 επις
1124 4783 1195 4826 certe
1213 4793 1263 4828 non
1281 4787 1320 4829 eat
1337 4779 1410 4854 Pria·

113 4851 207 4898 cianus.
276 4851 309 4900 ³4
325 4847 401 4914 glosa

136 4947 231 4992 (lun.
243 4958 296 4990 nar.
310 4949 393 4992 sorau
1176 4931 1208 4981 12
