3308 5542
530 325 638 378 conl).
658 327 791 380 Bonan.
811 329 860 379 522
880 331 908 378 et
925 329 984 380 432.
1307 345 1424 392 XXXIX

176 517 353 593 Sequitur
364 518 569 595 postPctrurn
583 517 726 578 donati
746 535 811 578 ors
832 518 955 578 maior
976 524 1011 577 et
1033 518 1297 579 barbarismus
1313 537 1349 595 p.
1366 525 1425 579 367

87 627 205 679 -aoa
222 623 272 682 K.
297 619 331 693 s.
351 627 406 680 oo·
421 618 504 693 -[.
525 617 585 680 ss‘.

180 722 365 794 Deiadcf.
383 721 525 794 ὅθ’-ί.
543 719 593 780 91⁶
616 724 798 801 anonymi
816 730 1061 782 commentum
1085 725 1120 782 in
1143 722 1288 783 Donati
1308 727 1425 782 ortem

88 842 220 885 secun
233 825 330 884 dom
353 841 374 883 n
393 827 455 898 fiae
475 825 660 896 mutilatum,
691 825 774 900 quod
793 831 886 885 totum
909 823 998 896 infra
1018 827 1153 904 proponi
1172 839 1301 900 acquum
1323 828 1428 886 cursui

90 928 124 986 ob
140 941 277 986 nomon
297 926 453 1002 quoddam
469 927 591 986 dicendi
608 943 706 1001 oenus
727 927 759 986 in
781 928 834 986 illo
856 927 1099 1003 conspicuum.*)
1143 927 1241 988 Mona
1261 928 1428 988 recentiori

90 1047 177 1090 saec.
201 1029 290 1102 sere
322 1028 430 1090 XIIII
454 1029 689 1104 superscriptum
718 1035 778 1088 cst:
813 1027 847 1087 ln
875 1029 994 1089 nomine
1024 1036 1126 1090 sancte
1154 1027 1295 1089 trinitatis
1321 1029 1426 1108 incipit

90 1131 175 1192 liber
202 1132 317 1191 sancti
341 1127 495 1208 Stephani.

183 1253 220 1310 ln
247 1254 369 1308 nominc
390 1259 500 1308 sanctae
524 1252 653 1308 trinitatis
676 1269 824 1327 aggressus
841 1193 991 1325 (Aphas)
1007 1253 1143 1328 quidam
1161 1257 1233 1310 iuxta
1251 1252 1423 1310 traditionem

92 1337 201 1414 (mum)
231 1338 496 1412 magistrorum
519 1336 551 1392 de
573 1336 667 1394 multis
689 1355 773 1412 pauca
797 1355 1020 1396 commemorare.
1062 1338 1127 1395 Nam
1157 1341 1227 1396 sicut
1255 1337 1424 1396 abscondere

94 1423 222 1499 aliquod
239 1423 352 1480 bonum
368 1422 551 1498 periculosum
567 1437 698 1479 essenon
714 1421 825 1496 dubito,
850 1423 886 1479 ita
909 1424 975 1480 mihi
997 1424 1051 1482 hoc
1072 1425 1099 1480 in
1115 1425 1176 1481 loco
1193 1423 1424 1500 praesumtionem

93 1506 332 1584 (praesumtiuo)
356 1509 428 1563 iuxta
450 1508 566 1564 aliorum
589 1509 800 1564 autumationem
817 1525 878 1564 esse
894 1509 1022 1566 tremisco
1038 1505 1181 1582 (remisso).
1213 1509 1311 1565 Tamen
1327 1527 1423 1585 pauca,

94 1613 168 1670 «puae
195 1592 284 1668 (qua)
313 1592 436 1649 ualemus
459 1591 491 1649 ad
515 1590 714 1650 adolescentem
737 1591 817 1665 (mm)
840 1592 991 1668 †paruum
1020 1593 1070 1667 (on
1092 1594 1239 1668 peritumi)
1268 1593 1421 1651 iaciendum

97 1700 113 1712 ⁶
130 1684 162 1737 in
191 1675 307 1736 nomini
331 1677 382 1750 (on
403 1676 568 1748 induami),
591 1677 618 1734 in
641 1677 760 1734 erlitione
783 1679 900 1736 secunda
923 1679 1068 1736 auxiliante
1091 1677 1199 1737 Christo
1222 1679 1422 1754 aggrediamur.

187 1765 335 1821 Primitus
360 1761 496 1818 sciendum
520 1771 578 1834 est,
608 1763 669 1837 quia
694 1764 782 1819 otonis
805 1765 954 1820 auctoritas
976 1765 1174 1838 scripturarum
1197 1766 1223 1821 in
1247 1763 1334 1820 tribus
1357 1781 1422 1821 con·

1 1853 2 1914 ζ
96 1855 174 1908 sistit
197 1848 402 1924 temporibus,
426 1846 494 1904 idest
517 1848 656 1920 praeteriti
679 1842 757 1923 (poti)
779 1850 932 1922 praesentis
955 1843 1020 1923 (pii)
1043 1858 1069 1905 et
1091 1849 1193 1921 loturi,
1217 1849 1261 1906 uel
1283 1850 1310 1904 in
1335 1849 1422 1906 tribus

96 1937 191 1994 modis
220 1933 448 2003 commendatur,
470 1933 541 1988 idest
563 1931 640 1989 locus
665 1929 747 2009 (locu)
779 1943 885 2008 tempus
908 1941 936 1990 et
958 1951 1085 2007 persona.
1129 1934 1184 1991 Nec
1205 1951 1261 1991 non
1283 1935 1311 1990 in
1334 1934 1421 1996 tribus

98 2020 241 2097 personis
267 2020 444 2090 terminatur,
467 2016 538 2073 idest
560 2019 607 2092 qui
630 2019 712 2089 elicit,
735 2037 750 2074 a
774 2035 829 2093 quo
852 2018 968 2092 dicitur,
997 2019 1029 2076 de
1058 2036 1113 2094 quo
1136 2019 1216 2091 dicit,
1245 2018 1305 2075 sine
1334 2018 1421 2075 tribus

100 2103 313 2164 locutionibus
336 2104 548 2176 constringitur,
571 2102 641 2160 idest
663 2112 710 2160 aut
731 2103 764 2160 de
787 2104 924 2178 praesenti
947 2105 1055 2162 saeculo
1078 2114 1125 2160 aut
1147 2103 1180 2160 de
1201 2103 1253 2160 deo
1275 2113 1303 2160 et
1325 2113 1421 2179 poten·

101 2195 138 2248 tia
146 2230 324 2250 ........
346 2185 438 2260 (nulio
459 2189 490 2242 ia
511 2189 607 2244 codice
629 2188 736 2245 lacuna
758 2187 945 2262 conspicitur)
961 2198 1008 2246 aut
1031 2190 1063 2246 de
1086 2189 1180 2246 intuso
1203 2197 1231 2246 ot
1253 2190 1312 2245 eius
1334 2190 1420 2264 gloria

103 2278 151 2334 oni
168 2292 270 2352 poena
289 2273 442 2347 loquimur.
474 2272 538 2329 Nam
562 2280 590 2330 et
612 2275 762 2331 auctoritas
784 2275 980 2348 scripturarum
1004 2277 1031 2330 in
1056 2273 1142 2332 trihus
1165 2273 1252 2332 modis
1269 2273 1422 2332 dinoscitur

104 2361 189 2436 {de-l:
218 2369 271 2417 aut
294 2375 325 2414 es
343 2356 429 2414 titulis
447 2366 474 2413 ot
488 2359 636 2432 prooemiis
652 2357 695 2429 (ex
711 2358 865 2433 praemiis),
890 2367 920 2415 ut
943 2361 1119 2433 propheticos
1142 2358 1226 2415 libros
1249 2367 1277 2416 et
1299 2359 1418 2435 apostoli

100 2437 276 2522 epistolale
292 2443 312 2499 l.
323 2437 381 2501 89¹²
394 2435 425 2520 Γ,
442 2450 488 2499 aut
503 2459 534 2498 ex
551 2442 637 2500 titulis
654 2451 768 2509 tantum,
780 2453 810 2500 ut
826 2444 1020 2516 euangelistas,
1034 2446 1078 2501 uel
1093 2462 1137 2500 ars
1153 2445 1206 2500 ista
1222 2445 1315 2502 Donati
1331 2460 1421 2518 gram·

101 2533 222 2596 pratici,
246 2537 300 2586 aut
321 2546 353 2584 ex
376 2528 522 2584 traditione
544 2535 684 2600 ueterum,
708 2538 738 2585 ut
760 2529 859 2604 bloysis
884 2529 1000 2586 traditur
1015 2530 1160 2603 scripsisse
1176 2529 1196 2583 V
1212 2529 1316 2603 primos
1332 2529 1418 2586 libros

101 2619 258 2673 historiae.
305 2613 339 2670 Et
361 2611 487 2670 similiter
509 2615 615 2686 species
636 2613 783 2672 dictionum
806 2622 938 2688 quattuor
959 2615 1048 2670 modis
1071 2614 1223 2672 dinoscitur
1246 2613 1323 2687 (de-l,
1347 2613 1419 2670 idest

104 2702 264 2770 historica,
289 2699 464 2774 prophetica,
487 2697 683 2772 prouerbialis,
706 2699 869 2774 simpliciter
891 2699 1009 2770 docens,
1031 2715 1101 2774 quae
1122 2699 1233 2756 nroralis
1256 2699 1363 2756 dieitur.

194 2785 274 2843 llaec
298 2799 364 2840 uero
387 2783 471 2840 editio
494 2784 612 2840 secunda
633 2783 729 2841 Donati
751 2785 919 2856 grammatici
942 2783 1015 2841 insta
1037 2783 1195 2844 historicam
1219 2781 1294 2860 (ii)
1317 2785 1418 2841 doctri·

105 2891 170 2929 uam
197 2872 335 2945 primitus
357 2867 537 2942 intellegenda
560 2878 617 2942 est,
641 2868 737 2926 deinde
759 2871 788 2925 in
810 2869 931 2927 moribus
954 2869 1164 2942 consideranda,
1187 2879 1283 2944 postea
1307 2885 1374 2926 uero
1391 2870 1418 2926 in

105 2956 263 3014 altioribus
288 2953 370 3010 rebus
394 2953 522 3010 eleuauda
546 2963 597 3010 est.
634 2953 705 3010 istae
727 2963 819 3027 partos
843 2955 992 3026 orationis,
1017 2955 1094 3028 quasi
1117 2955 1187 3012 (luae
1209 2956 1281 3011 inter
1303 2971 1333 3010 so
1355 2971 1417 3028 per·

106 3060 195 3099 sonae
223 3040 440 3114 conloquuntur,
464 3040 504 3096 sic
524 3039 684 3096 discurrunt
706 3047 733 3096 ct
756 3039 839 3096 uerlra
862 3041 966 3114 gratia,
988 3057 1049 3098 cum
1071 3039 1173 3098 dicitur
1196 3039 1299 3113 ‘partes
1315 3041 1417 3096 oratio·

106 3129 151 3182 nis
174 3135 251 3202 quot
280 3123 379 3181 sunti'
410 3125 489 3199 quasi
516 3123 598 3182 homo
627 3126 795 3200 interroget,
824 3133 852 3181 et
879 3141 940 3182 cum
969 3125 1070 3183 dicitur
1097 3124 1209 3196 ‘octo',
1238 3125 1315 3198 quasi
1343 3125 1414 3181 ratio

105 3211 274 3287 respondet

197 3297 297 3352 Omnis
331 3293 419 3351 oratio
449 3292 565 3352 soluitur
594 3294 620 3350 in
649 3294 746 3366 uerba,
780 3295 863 3352 uerba
894 3295 1041 3352 soluuntur
1070 3297 1098 3352 in
1132 3294 1261 3370 syllabis,
1296 3293 1415 3368 syllabae

107 3382 264 3438 suludntur
288 3380 314 3435 io
338 3379 447 3440 litteris.
492 3379 669 3438 Grammatico
698 3396 764 3437 uero
795 3382 820 3436 in
851 3381 892 3437 his
922 3388 1052 3456 quattuor
1079 3379 1161 3437 rebus
1189 3388 1306 3437 constat.
1350 3380 1414 3437 Naro

109 3469 135 3522 in
158 3485 241 3524 sacra
266 3466 404 3537 scriptura
427 3481 510 3538 super
533 3465 575 3521 his
598 3471 729 3538 quattuor
751 3463 833 3522 robus
855 3465 964 3522 additur
985 3465 1074 3523 adhue
1095 3465 1228 3540 spiritalis
1256 3464 1415 3538 intellegen-

108 3555 152 3608 tia.
183 3551 268 3626 Apud
286 3543 298 3626 ΙΙ
313 3550 334 3606 i.
351 3550 411 3608 90·
426 3542 718 3627 ligrammaticos,
741 3553 813 3608 sient
836 3550 961 3621 diurnus,
984 3550 1072 3608 oratio
1095 3551 1128 3606 dc
1152 3551 1209 3606 oris
1231 3553 1337 3606 ratione
1361 3551 1411 3607 tria

108 3649 238 3712 tempora
267 3643 359 3706 tenet,
386 3637 563 3708 praeteritum
591 3652 721 3709 praesens
743 3644 771 3692 ot
792 3636 923 3692 loturum.
968 3635 1098 3692 Similiter
1126 3644 1154 3692 et
1183 3637 1270 3692 oratio
1299 3636 1332 3692 de
1359 3636 1410 3692 deo

108 3723 201 3779 tribus
224 3720 316 3778 modis
338 3729 461 3784 constat,
485 3721 548 3777 dum
570 3721 603 3778 de
625 3721 731 3796 adeptis
753 3721 856 3794 gratias
879 3723 1001 3796 agimus,
1023 3729 1071 3778 aut
1092 3721 1156 3778 dum
1177 3723 1313 3796 petimus,
1341 3737 1410 3796 quae

106 3809 256 3882 cupimus,
280 3813 327 3861 aut
350 3806 412 3862 dnm
436 3823 486 3878 pro
508 3805 569 3862 aliis
591 3823 730 3880 rogamus.

194 3893 251 3948 Sca
275 3901 357 3964 sunt,
380 3907 449 3964 quae
471 3890 583 3948 adiectis
607 3891 651 3948 uel
666 3883 701 3965 (ὖ)
717 3891 889 3967 appellatiuis
913 3890 1068 3948 nominibus
1089 3892 1230 3956 accidunt,
1254 3890 1323 3947 idest
1346 3907 1411 3964 qua·

107 3979 168 4036 litas
200 3978 374 4051 comparatio
403 3991 489 4048 genus
517 3993 648 4033 numerus
676 3976 762 4049 irgura
791 3995 877 4032 casus.
922 3976 986 4033 Nam
1014 3977 1126 4050 propria
1155 3976 1198 4034 uel
1228 3974 1278 4032 issa
1301 3977 1409 4032 nomina

106 4081 159 4120 rou
184 4069 388 4137 conparantur.
435 4059 554 4127 Qualitas
578 4061 666 4118 tribus
693 4061 775 4118 rebus
803 4071 927 4133 constat,
956 4061 1026 4117 idest
1049 4061 1081 4118 ab
1104 4062 1193 4118 animo
1216 4079 1231 4117 a
1256 4077 1409 4134 corporea

105 4149 230 4206 iortuua.
279 4147 319 4202 Ab
343 4146 449 4217 animo,
472 4146 612 4203 othonus
634 4147 737 4218 malus;
760 4163 774 4202 a
797 4163 924 4221 corpure,
949 4155 979 4202 ut
1001 4147 1114 4221 pulcher
1137 4146 1235 4220 turpis,
1258 4145 1408 4217 alostuna,

105 4245 131 4289 nt
151 4249 269 4310 pauper
291 4231 378 4288 diuos.
422 4229 564 4298 Quantitas
592 4233 663 4288 eninr
692 4249 738 4288 ses
765 4232 854 4288 rrsodis
882 4231 1069 4306 principaliter
1095 4231 1209 4299 dicitur,
1237 4240 1268 4288 ut
1295 4230 1409 4303 longmn

103 4321 218 4376 breuem
248 4317 338 4374 latum
367 4326 512 4390 angustum
541 4334 656 4392 paruum
684 4325 731 4374 aut
760 4318 884 4374 multum.
934 4317 1105 4391 Comparatio
1139 4332 1187 4391 per
1219 4325 1275 4374 tres
1308 4317 1408 4390 gradus

0 4396 1 4405 ’
102 4406 257 4478 discurrit,
281 4403 356 4460 idest
376 4404 523 4478 positione,
547 4405 611 4479 quia
632 4403 721 4478 primo
743 4405 851 4480 positus
874 4411 931 4474 est,
954 4402 1061 4475 dicitur,
1086 4413 1116 4458 ut
1138 4401 1252 4475 doetus,
1275 4419 1407 4476 conpara-

168 4623 202 4686 ’)
225 4621 301 4672 Idem
325 4619 478 4687 opusculum
501 4621 526 4671 in
549 4619 719 4687 Neapolitano
742 4634 846 4684 quoque
863 4619 951 4671 codice
969 4620 1003 4670 lV
1022 4621 1045 4670 Α
1063 4620 1097 4672 34
1114 4633 1181 4670 saec.
1201 4617 1322 4669 Xl—Xll
1340 4627 1409 4669 extat

102 4693 270 4758 paescripto
289 4687 378 4742 titulo:
407 4689 448 4738 ‘in
469 4688 570 4740 nomine
589 4688 699 4740 Sanctae
715 4689 860 4740 Trinitatis:
879 4689 970 4755 incipit
987 4689 1037 4739 Ars
1055 4687 1223 4740 Palaemonis.
1259 4688 1407 4754 Aggressus

101 4762 207 4824 guidem
226 4761 309 4810 iuxta
328 4757 507 4807 traditionenr’
530 4766 575 4807 etc.
599 4757 726 4820 habetque
746 4758 773 4807 iu
796 4755 846 4808 line
864 4757 1050 4822 subscriptum:
1081 4755 1153 4807 ‘fissit
1170 4773 1212 4808 ars
1230 4755 1407 4807 Palaemonis’

101 4829 212 4882 umente
231 4827 268 4880 Η.
287 4826 371 4876 Keilio
390 4825 502 4878 Gramm.
521 4825 576 4883 Lat.
594 4825 732 4894 Vjpdbffl
751 4825 838 4876 adnot.
