3560 5574
396 320 459 388 268
801 325 1033 379 cohathrtnvh
1052 325 1296 380 nthstnnnttse

259 539 279 580 p.
292 527 342 577 aaa,
357 530 380 570 ει
396 514 465 574 inde
488 512 712 592 conglutinatio.
757 516 800 576 Vt
821 513 1014 576 Phaethon
1036 531 1102 593 pro
1125 514 1327 578 Phaethon.
1364 516 1517 607 l'lradthon
1533 517 1605 579 ldius
1624 519 1669 578 luit

396 615 488 686 Solis,
509 618 570 697 =qui
599 635 665 678 cum
694 617 917 697 uituperaretur
946 615 982 678 ab
1013 617 1167 688 omuibus,
1196 618 1275 696 quod
1303 635 1361 679 non
1390 626 1469 680 essct
1496 620 1572 681 itlius
1597 621 1668 685 Solis.

395 721 512 797 rogauit
533 725 647 799 patrem
671 737 774 790 suum,
798 727 830 780 ut
852 719 1039 799 permitteret
1060 722 1089 782 ei
1111 737 1218 799 regere
1240 739 1346 782 currus
1368 724 1433 783 eius
1453 729 1483 784 et
1496 723 1628 802 permisit
1640 723 1668 781 oi.

395 826 431 886 dl
451 821 501 884 ilie
525 826 661 884 nesciens
684 823 762 884 uiam
786 819 863 884 Solis
885 821 967 882 duxit
989 820 1054 883 illos
1075 841 1131 902 per
1153 823 1425 903 septemtrionalem
1442 822 1556 905 plagam
1572 832 1670 886 ettunc

395 927 494 1006 coepit
519 926 647 988 mundus
680 924 800 994 ardere,
838 923 917 1004 quod
948 941 1015 985 cum
1043 925 1204 1005 aspexisset
1232 924 1325 996 louis,
1362 925 1532 988 lulminauit
1560 946 1622 988 eum
1648 935 1700 986 us

396 1037 531 1090 mortuus
553 1027 661 1090 cecidit
682 1029 712 1088 in
735 1026 896 1088 Eridanum
919 1025 1058 1106 fluuium,
1087 1045 1185 1107 aquo
1209 1045 1316 1089 nomen
1340 1031 1464 1106 accepit.
1509 1029 1575 1110 lpse
1602 1031 1670 1090 enin

395 1133 509 1194 Graece
541 1138 665 1192 uocatur
694 1126 706 1212 ΙΙ
721 1149 749 1210 p.
768 1125 857 1210 198]
886 1129 970 1198 Eris,
1002 1128 1071 1190 inde
1100 1128 1257 1191 Eridanus.
1310 1129 1423 1192 Nerei
1459 1150 1527 1211 pro
1563 1131 1669 1193 Nerei.

395 1233 616 1313 Aeripedem
640 1249 791 1294 ceruam
813 1249 879 1312 pro
901 1229 1126 1311 aeripedem.
1171 1231 1234 1292 Hoc
1256 1233 1439 1311 Virgilius
1461 1232 1532 1295 dicit
1554 1233 1589 1294 de
1609 1233 1670 1294 ller-

365 1390 367 1396 .
395 1335 476 1407 cule,
501 1337 552 1413 qui
574 1353 664 1397 cursu
686 1353 741 1396 suo
763 1335 825 1395 fixit
847 1351 965 1394 ceruam
988 1334 1086 1395 aerios
1108 1333 1200 1415 pedes
1222 1333 1391 1396 habentem.
1429 1335 1484 1398 ilic
1505 1341 1601 1398 aulem
1622 1353 1670 1396 non

395 1437 482 1509 dicit,
512 1437 590 1518 rpuod
613 1455 678 1498 earn
702 1437 813 1498 fixisset
833 1437 964 1514 sagittis,
993 1436 1044 1496 scd
1068 1436 1257 1498 uelocissimo
1280 1455 1369 1499 cursu
1392 1439 1454 1498 huit
1476 1455 1541 1498 eam
1563 1438 1582 1496 i·
1604 1446 1670 1498 stare
1684 1449 1705 1484 ¹⁰

394 1539 474 1602 lecit.

244 1637 393 1738 ssjffiffl
476 1641 617 1722 Aspero
640 1640 722 1702 dure.
767 1639 1085 1719 Dillicilisgrauis.
1132 1639 1363 1720 Dureaspora.
1408 1640 1668 1704 Collisio.....

393 1743 462 1805 Per
490 1745 805 1823 interceptionem
834 1743 859 1802 i·
882 1760 937 1822 per
965 1740 1198 1803 subtractionem
1226 1761 1279 1822 per
1309 1743 1516 1807 abscisionem.
1562 1745 1602 1803 Vt
1628 1753 1674 1805 at-

256 1863 462 1927 ¹,‚³90‚25que
492 1864 534 1906 ea
564 1846 717 1907 diuersa
748 1847 901 1923 penitus
931 1843 1012 1905 dum
1046 1853 1151 1922 parto
1181 1853 1375 1922 geruntur.
1421 1847 1605 1925 Virgilius
1625 1845 1675 1905 boc

394 1947 465 2009 dicit
487 1947 523 2010 de
546 1949 644 2010 Aenea
667 1955 697 2009 et
718 1947 830 2008 Turno.
875 1951 990 2008 deneas
1014 1947 1130 2007 eratin
1153 1945 1277 2017 Tuscia,
1301 1947 1421 2010 Turnus
1443 1966 1517 2008 uero
1539 1950 1569 2008 in
1591 1947 1672 2008 ltalia.
1686 1959 1708 1995 ¹⁵

244 2049 556 2116 nosemhuhrica
579 2049 694 2118 labilis;
716 2047 816 2110 lenis
839 2049 948 2111 suauis.

279 2167 383 2217 neem
482 2151 556 2214 Olli
579 2171 644 2232 pro
667 2151 741 2220 illi,
766 2159 799 2214 ut
822 2149 1017 2230 Virgilius:

597 2251 669 2315 Olli
692 2252 893 2316 caeruleus
915 2271 1026 2334 supra
1049 2260 1159 2334 caput
1181 2255 1304 2316 astitit
1326 2255 1454 2316 imber.

278 2382 298 2422 n·
311 2369 383 2420 ³⁹⁷2*
480 2356 505 2417 h
528 2355 623 2417 littora
647 2356 685 2416 de
706 2354 809 2417 ultimo
830 2357 861 2418 in
883 2354 1064 2437 paenulllmo
1086 2353 1153 2416 loco
1176 2358 1362 2426 transfertur,
1386 2366 1418 2417 ut
1439 2356 1605 2418 ‘Euandre’
1625 2375 1674 2435 pro

394 2457 564 2526 ‘Euander';
588 2456 724 2520 similiter
746 2457 921 2538 ‘Thymbre’
945 2477 999 2538 pro
1022 2457 1209 2539 ‘'thymber'.
1253 2457 1337 2520 Vnde
1360 2458 1556 2538 Virgilius:
1686 2467 1711 2505 ²⁰

522 2560 625 2633 Quod
650 2559 717 2622 tihi
739 2559 922 2640 Thymbre
943 2567 1054 2640 caput
1075 2560 1285 2624 Euandrius
1307 2559 1466 2623 abstulit
1488 2561 1598 2623 ensis.

869 2748 917 2810 DE
940 2747 1209 2811 SCHEMthBVS.

480 2868 606 2930 Schema
636 2868 749 2929 Graece
776 2869 869 2947 figura
897 2866 946 2928 uel
974 2867 1104 2938 habitus,
1134 2869 1203 2930 indo
1230 2868 1379 2930 schemata
1403 2868 1540 2930 dicuntur
1561 2870 1676 2947 figurae.

275 2999 295 3042 p.
311 2987 355 3036 sor,
369 2987 382 3027 s
395 2971 534 3032 hereos
555 2971 712 3049 genetiuus
734 2977 780 3031 est
801 2971 945 3039 Graecus,
969 2978 1175 3033 scortantem
1198 2971 1301 3033 Latine
1324 2971 1496 3032 ‘dictionis’.
1542 2971 1677 3032 Similiter

394 3073 572 3134 dianoess
593 3075 750 3152 genetiuus
771 3071 902 3133 Graecus
925 3079 983 3142 est,
1015 3071 1095 3151 quod
1116 3073 1220 3136 Latirm
1242 3071 1350 3134 dicitur
1372 3073 1565 3134 ‘sententia’.
1608 3073 1712 3132 Suus

395 3192 466 3254 ergo
487 3174 637 3238 schemata
665 3175 765 3236 lexeos
787 3181 818 3234 et
845 3172 985 3236 dianoeas
1013 3177 1038 3234 i·
1062 3183 1129 3236 sunt
1151 3175 1263 3255 figurae
1285 3176 1333 3236 uel
1356 3174 1476 3238 babitus
1498 3174 1633 3236 dictionis
1652 3182 1680 3234 rt

393 3281 568 3340 sententiae.
614 3276 769 3338 Schemate
791 3276 892 3338 lexeos
915 3278 938 3338 i·
954 3275 1127 3340 dictionum.
1165 3277 1294 3339 Dianoea
1315 3279 1393 3338 enim
1410 3278 1524 3338 Graece
1539 3277 1678 3338 sententia

277 3379 511 3448 1›.aor,cdicitur.
556 3379 614 3442 Sed
642 3379 792 3442 schemata
821 3377 961 3440 dianoeas
989 3381 1015 3440 i·
1044 3379 1267 3441 sententiarum.
1317 3378 1365 3440 nd
1394 3387 1566 3440 oratores
1593 3379 1617 3438 i·
1645 3377 1678 3438 ad

315 3553 319 3578 ι
392 3484 530 3545 rhetores
552 3483 712 3562 pertinent.
752 3480 891 3544 Oratores
912 3489 981 3542 sunt
1002 3480 1139 3542 rhetores
1162 3481 1349 3560 eloquentes,
1372 3481 1443 3561 quia
1466 3479 1602 3543 rhetores
1624 3497 1678 3540 non

392 3603 447 3665 per
468 3593 583 3664 partes,
611 3585 689 3646 sicut
714 3583 913 3662 grammatici,
943 3582 994 3644 sed
1017 3601 1071 3662 per
1093 3584 1254 3644 sententias
1275 3582 1425 3644 schemata
1451 3584 1580 3652 laciuut,
1609 3591 1713 3659 ‹puaedJ

394 3685 524 3748 Cicero
540 3685 551 3768 ΙΙ
567 3707 596 3768 p.
615 3683 675 3748 199
691 3683 702 3770 ΙΙ
719 3684 870 3748 describit.
915 3686 998 3758 Quae
1019 3692 1118 3748 autern
1142 3686 1178 3747 ad
1201 3686 1423 3764 grammaticos,
1448 3686 1609 3748 Donatus
1631 3683 1678 3744 de-

280 3819 300 3857 p.
314 3807 359 3857 aar,
374 3809 385 3847 r
400 3787 514 3850 scribit.
559 3789 797 3858 Necessaria,
821 3791 842 3849 i·
866 3790 960 3867 magis
982 3787 1074 3850 utilia.

280 3913 393 3962 penno
479 3890 672 3969 Prolepsis
694 3898 751 3952 est
772 3891 1041 3972 praesumptio,
1065 3890 1128 3950 siue
1143 3892 1388 3971 praeoccupatio,
1411 3888 1528 3969 quando
1552 3907 1586 3950 ea
1608 3905 1680 3968 quae

461 4113 474 4161 1
495 4111 589 4177 pheton
608 4127 654 4178 pro
674 4111 786 4177 phaeton
838 4111 949 4177 phoeton
1002 4113 1018 4162 8
1036 4107 1149 4175 cernam]
1166 4113 1200 4172 ef.
1222 4113 1317 4160 llorrotr'
1333 4111 1389 4162 red.
1408 4109 1474 4174 Pp.
1494 4112 1554 4174 ado,
1566 4111 1601 4159 21
1612 4109 1647 4159 K.

393 4176 528 4245 Virgilius]
545 4181 612 4230 Aen.
627 4179 668 4230 VI
685 4182 738 4231 803
791 4181 823 4232 10
842 4180 942 4230 tlxisset
959 4177 1019 4245 ete]
1040 4180 1080 4243 Cf.
1090 4179 1205 4230 Sernium
1222 4181 1257 4228 ud
1274 4182 1290 4228 l.
1301 4181 1327 4228 l..·
1345 4179 1448 4228 Fioeerit
1466 4189 1550 4227 arrum
1568 4179 1682 4227 scaturrit

392 4260 417 4297 et
433 4248 614 4311 delassonerir,
633 4249 693 4310 qnia
711 4249 734 4298 si
753 4247 802 4297 telo
821 4248 933 4308 lixissot,
952 4263 1002 4297 non
1021 4249 1057 4297 ita
1074 4257 1143 4298 esset
1160 4247 1293 4297 laudabile.
1382 4249 1413 4296 15
1432 4247 1455 4294 iu
1476 4246 1574 4296 trischia
1652 4249 1681 4296 lt

392 4311 530 4384 Virgilius]
551 4317 617 4370 Aen.
634 4317 658 4366 V
675 4318 708 4366 10
775 4318 809 4367 20
827 4317 916 4366 timbre
934 4331 980 4382 pro
998 4309 1062 4366 t'iher
1130 4315 1266 4382 Virgilius]
1286 4316 1352 4366 Aen.
1371 4313 1399 4363 X
1417 4317 1469 4366 394
1543 4317 1574 4365 ‘dl
1594 4313 1681 4363 timbre

391 4461 463 4517 pater
496 4445 499 4450 ’
531 4453 564 4502 22
582 4451 626 4502 DE
644 4398 865 4506 SsssshlthllVS.
917 4449 1178 4505 assumeremus
1230 4451 1534 4518 leugureuul'ubitus
1586 4451 1680 4501 29nnn

392 4534 438 4584 per
454 4535 501 4586 per
517 4530 603 4585 portes
671 4523 704 4574 33
721 4521 857 4588 prolemsis

460 4761 493 4810 33
516 4760 607 4811 Glosro
628 4762 723 4811 codicis
745 4761 885 4811 Berneasis
906 4761 927 4820 s.
946 4760 997 4810 21¹³
1019 4777 1099 4824 morp.
1117 4761 1180 4811 sim:
1217 4758 1263 4808 Est
1285 4760 1351 4808 enim
1375 4757 1571 4824 praeoccupatio
1599 4771 1681 4806 serram

395 4825 483 4876 maline
500 4839 689 4893 secuturarum,
716 4828 868 4890 quiaillud,
895 4829 963 4890 quod
983 4829 1092 4893 primum
1111 4829 1198 4877 debuit
1219 4841 1329 4892 ponere,
1360 4825 1436 4892 longe
1456 4823 1566 4884 distuliu
1597 4826 1682 4875 debuit
