3316 5566
607 371 818 424 BERNENSIS.
1301 372 1362 438 125

66 559 119 620 bos
142 559 250 620 linctus
273 567 302 619 et
324 575 342 618 o
364 557 486 628 iluctus;
516 561 672 638 genetluus
700 559 824 638 pluralis
851 563 882 620 in
912 578 982 622 unm
1011 561 1187 622 terminatus
1214 563 1361 640 geminata

65 681 82 720 n
105 661 217 730 littera,
242 669 274 721 nt
298 661 404 721 bonnm
433 661 590 729 ductuum:
620 661 738 722 datinus
767 680 839 722 nero
863 670 892 723 et
914 660 1060 723 ablatluns
1088 659 1210 742 pluralis
1237 673 1361 744 quartae

66 762 270 824 declinationis
298 764 328 823 in
358 760 413 822 bns
440 761 580 843 syllabam
609 780 728 843 semper
756 762 878 834 desinit,
907 765 918 825 i
940 762 1050 842 syllaba
1075 762 1158 824 breni
1180 763 1361 843 paenultima

65 863 274 942 praecedente,
300 863 401 926 uthis
425 873 453 924 et
476 863 513 925 ab
536 863 582 924 bis
604 863 758 934 llnctlbns,
788 867 919 946 exceptis
941 867 1042 946 paneis
1065 865 1234 927 nominibus
1257 857 1361 928 u'lon·

42 979 128 1043 agam
152 964 363 1043 paenultimam
386 974 455 1027 ante
477 965 534 1026 bus
556 965 734 1027 habentibus
756 966 942 1030 dillerentiae
965 985 1063 1037 causa,
1087 977 1119 1028 nt
1135 966 1260 1030 artubus
1275 985 1361 1030 arcu-

66 1069 115 1127 bus
137 1067 296 1146 partubus,
328 1085 365 1128 ne
393 1066 505 1129 artibus
528 1075 558 1128 et
578 1067 698 1130 arcibus
726 1077 756 1128 et
783 1069 919 1149 partibus
948 1068 1046 1130 dicere
1076 1069 1242 1131 uideamur.
1287 1069 1362 1130 llinc

65 1170 228 1232 llnnatus
256 1168 341 1230 dicit:
379 1167 463 1232 Nam
494 1168 586 1230 nihil
616 1188 770 1232 necesse
800 1179 857 1231 est
888 1173 1057 1232 retinere
1085 1189 1104 1230 u
1132 1170 1298 1232 litteram
1328 1181 1363 1232 et

65 1271 254 1332 iluctubns
282 1269 424 1340 dicere,
453 1289 531 1332 cum
560 1271 716 1333 artubus
744 1274 975 1334 necessitate
1004 1272 1181 1342 dicamus,
1211 1275 1362 1353 nequis

64 1393 126 1434 nos
149 1377 269 1442 aries,
295 1389 365 1433 non
394 1380 500 1434 artus
528 1373 755 1452 significare
781 1372 883 1435 uelle
907 1375 1106 1436 existimet.
1150 1375 1207 1436 dre
1230 1375 1309 1436 enim
1333 1383 1363 1436 et

36 1489 113 1534 narn
136 1483 166 1535 et
188 1493 257 1554 pars
280 1476 310 1534 in
341 1476 426 1536 tertia
456 1473 653 1536 declinatione
676 1475 879 1545 inueniuntur,
903 1492 979 1553 qnae
1002 1473 1115 1537 artibus
1137 1484 1168 1537 et
1189 1475 1308 1538 arcibus
1331 1484 1362 1538 et

65 1575 193 1654 partibus
216 1575 343 1644 iaciunt,
373 1585 403 1636 et
425 1575 492 1636 ideo
515 1575 699 1636 differentiae
722 1595 809 1638 causa
834 1578 907 1640 baec
929 1579 986 1638 tria
1010 1579 1145 1647 nomina,
1173 1577 1252 1639 idest
1279 1586 1361 1640 artus

66 1687 92 1738 et
116 1696 203 1739 arcus
236 1685 266 1738 et
294 1685 411 1756 partus,
449 1677 479 1737 in
511 1677 611 1738 datino
642 1687 671 1738 et
699 1677 828 1740 abietino
861 1678 982 1759 pluralis
1014 1680 1136 1741 artubus
1169 1688 1200 1740 et
1231 1678 1360 1742 arcubus

66 1777 76 1858 3,
93 1780 140 1840 iol.
161 1775 241 1840 109l
259 1776 270 1860 :l
296 1789 327 1839 et
348 1777 493 1859 partnbns
516 1779 635 1839 iaciunt.
675 1779 733 1840 Sed
756 1780 814 1841 dno
837 1781 957 1842 nomina
979 1779 1145 1861 euphoniae
1168 1788 1198 1841 et
1220 1779 1359 1842 dilleren-

65 1885 115 1941 tiae
137 1899 226 1942 causa
249 1881 452 1949 inueniuntur,
476 1880 571 1942 tribus
594 1889 623 1940 et
646 1899 767 1960 specus,
791 1900 867 1961 qnae
882 1881 1021 1944 tribubus
1037 1891 1066 1943 et
1080 1881 1230 1962 specubus
1245 1867 1358 1944 laclnnt

37 1993 118 2041 onon
146 1985 264 2042 ratione
292 2000 347 2042 nec
377 1982 558 2051 dillerentia,
586 1982 637 2043 sed
666 1983 892 2044 consuetudine.
938 1983 1015 2044 llinc
1043 1982 1242 2064 Pompeius
1271 1985 1355 2046 dicit:

66 2083 118 2146 Sic
154 2083 345 2164 specubus
383 2091 606 2164 usurpatur,
646 2084 950 2164 quemadmodum
986 2091 1022 2146 et
1049 2084 1243 2155 tribubus,
1277 2103 1356 2147 cnm

66 2190 158 2248 ratio
187 2189 373 2264 exigeret,
404 2193 442 2246 ut
464 2187 676 2247 diceremus
703 2186 869 2248 triblbus
897 2185 1087 2267 specibus,
1116 2189 1255 2268 quippe
1277 2205 1355 2249 curn

67 2288 162 2349 nulla
197 2305 307 2349 causa
341 2296 442 2349 essct
469 2287 734 2356 discretionis,
771 2286 890 2350 ueluti
921 2295 978 2349 est
1007 2287 1165 2352 artubus
1193 2289 1356 2351 arcubus

67 2389 254 2468 partubus,
289 2391 421 2470 nequis
455 2406 519 2450 nos
547 2396 652 2469 putet
680 2397 779 2450 artes
807 2398 843 2450 et
864 2397 992 2470 partes
1014 2398 1049 2451 et
1078 2409 1184 2452 arces
1213 2391 1354 2466 dicere,

38 2503 151 2568 aquae
180 2493 327 2554 iaciunt
354 2490 500 2552 artibus
527 2489 683 2552 arcibus
705 2498 741 2552 et
762 2492 944 2571 partibus.
989 2491 1114 2554 Nomina
1138 2509 1210 2572 ergo
1232 2501 1356 2573 quartae

69 2591 266 2655 declinationis
289 2595 318 2653 in
342 2611 378 2653 us
400 2591 563 2654 desinentia
587 2592 748 2654 masculina
772 2601 801 2654 et
822 2593 964 2656 leminina
987 2593 1044 2655 lroc
1067 2594 1155 2655 modo
1176 2590 1354 2657 flectuntur:

70 2698 243 2756 nominatiuo
265 2693 315 2755 bic
338 2695 501 2764 exercitus,
524 2695 664 2774 genetiuo
687 2694 773 2755 huius
796 2698 960 2764 exercitus,
986 2694 1086 2758 datlno
1109 2696 1178 2756 bnlc
1201 2699 1354 2767 exercitui,

69 2797 225 2858 accersatino
248 2797 327 2858 bunc
350 2797 529 2865 exercitum,
555 2796 689 2857 uocatiuo
713 2816 730 2856 o
754 2797 916 2867 exercitus,
940 2795 1069 2886 ablatiuo
1091 2796 1201 2858 abhoc
1224 2801 1355 2860 exercitu

69 2905 93 2956 et
111 2897 264 2978 pluraliter
290 2901 475 2961 nominatius
503 2895 533 2957 bi
562 2899 722 2969 exercitus,
746 2901 885 2976 genetiuo
907 2899 1013 2960 borum
1037 2899 1230 2968 exercituum,
1255 2898 1355 2960 datiuo

42 2997 110 3059 stis
130 3000 320 3072 exercitibus,
344 3000 512 3062 accusation
536 2999 590 3064 ltos
612 3002 775 3071 exercitus,
800 3002 936 3064 uocatiuo
951 3019 969 3060 o
985 3001 1142 3069 exercitus,
1165 2999 1294 3062 ablatiuo
1317 3002 1355 3063 ab

70 3099 109 3160 bis
127 3103 316 3163 exercitibus.
353 3101 405 3163 Sic
427 3101 613 3163 declinantur
636 3109 666 3163 et
687 3101 743 3163 alla
766 3104 885 3163 nomina
908 3100 1014 3164 similia
1037 3111 1159 3182 quartae
1182 3101 1354 3164 declinatio·

71 3203 109 3262 nis
128 3206 157 3264 in
179 3223 216 3265 us
238 3203 402 3264 desinentia
427 3203 603 3272 masculina,
633 3211 665 3264 ut
693 3203 742 3264 bic
770 3222 877 3264 currus
904 3211 1007 3284 portus
1028 3203 1140 3283 gradus
1162 3205 1245 3265 sinus
1267 3221 1354 3290 casus

72 3315 197 3367 accentus
219 3323 325 3368 uersus
347 3321 453 3366 cursus
476 3307 573 3366 uictus
596 3323 714 3366 morsus
736 3304 834 3366 nultus
857 3305 953 3366 cultus
974 3313 1075 3367 aestus
1097 3314 1252 3367 contextus
1273 3325 1354 3368 com·

72 3416 170 3469 meatus
203 3415 324 3469 senatus
356 3409 546 3485 magistratus
576 3406 656 3468 lacus
688 3416 827 3488 quaestus
861 3415 961 3468 reatos
988 3405 1080 3468 saltus
1107 3407 1184 3469 risus
1212 3406 1355 3470 tumultus

44 3515 148 3570 nsexns
174 3509 261 3570 luxus
288 3509 394 3570 linctus
421 3509 501 3569 uisns
529 3509 648 3571 auditus
676 3508 817 3569 odoratus
839 3516 941 3586 gustus
963 3516 1058 3570 tactus
1080 3509 1177 3570 loetus
1200 3517 1282 3571 ortus
1305 3528 1355 3572 oc-

72 3625 144 3670 casus
168 3611 291 3672 obtutus
318 3620 422 3691 partus
450 3613 528 3673 ritus
556 3619 650 3673 status
677 3613 806 3672 tonitrus
834 3609 882 3672 uel
910 3611 1021 3671 tonitru
1049 3629 1156 3690 specus
1178 3609 1226 3672 nel
1249 3629 1352 3691 specu.

72 3707 132 3772 item
153 3714 294 3774 leminina
318 3714 437 3774 nomina
460 3721 584 3791 quartae
607 3711 812 3774 declinationis
836 3712 865 3772 in
889 3731 924 3773 us
946 3710 1113 3774 desinentia
1136 3713 1179 3774 sic
1201 3711 1353 3775 declinan-

73 3818 123 3872 tur:
144 3813 215 3875 baec
238 3832 353 3886 manus,
377 3814 465 3876 buius
488 3833 592 3876 manus
614 3814 684 3875 huic
707 3815 807 3876 manui
829 3814 906 3875 hanc
928 3831 1047 3874 manum
1071 3831 1088 3872 o
1111 3832 1217 3876 mantus
1238 3815 1277 3877 ab
1299 3814 1354 3878 ltac

73 3929 147 3975 nanu
168 3923 198 3977 et
220 3914 375 3996 pluraliter
397 3917 453 3978 bae
482 3933 586 3978 manus
614 3916 719 3977 barum
742 3933 883 3976 manuum
906 3915 953 3976 his
975 3914 1112 3978 manibus
1133 3914 1187 3978 bas
1208 3934 1314 3980 manos
1336 3935 1353 3978 o

46 4013 161 4078 ³⁵nrarrns
188 4018 225 4080 ab
254 4018 301 4079 bis
329 4017 481 4088 inanibus;
509 4019 552 4080 sic
581 4015 770 4080 declinantur
792 4025 822 4078 et
844 4017 900 4078 alia
923 4017 1042 4079 nomina
1065 4016 1207 4080 leminina
1229 4026 1353 4098 quartae

75 4147 282 4165 ‘'Q———n-—u

129 4240 181 4288 tet
197 4239 245 4289 hos
265 4239 357 4289 linctus
426 4241 550 4302 lqnarte
630 4237 774 4290 bdesiniat
841 4237 996 4304 peueultime
1013 4238 1175 4303 praecidente
1242 4240 1353 4304 opene-

75 4301 168 4354 nltinnrn
189 4317 214 4356 nt
232 4309 280 4356 bus
332 4305 470 4356 delerentle
554 4307 685 4356 bartibue
703 4321 814 4356 arcunus
832 4317 957 4372 partnnns
1026 4309 1085 4358 bet
1101 4307 1197 4356 artibus
1267 4305 1353 4370 ibo,-

76 4369 145 4436 oatus]
160 4391 186 4438 p.
204 4377 300 4436 atat
367 4375 520 4425 illluctibns
589 4374 766 4424 necessitatem
835 4376 940 4424 9artns
960 4388 1010 4424 non
1028 4384 1100 4424 artus
1169 4375 1303 4424 exestimet

75 4449 119 4486 itte
187 4445 216 4494 11
235 4442 389 4492 deferendae
407 4453 459 4492 tren
546 4445 577 4494 13
595 4441 723 4507 euphonie
741 4451 766 4492 et
782 4442 935 4491 delerentine
1022 4441 1053 4491 lb
1070 4441 1209 4492 delerentia
1276 4441 1353 4492 Pom·
1419 4447 1422 4452 ’

75 4503 364 4573 petus1p.1oo,1o.¹t.
436 4511 467 4561 to
485 4509 525 4560 bls
543 4525 637 4576 specus
657 4521 796 4575 usurpetur
813 4511 951 4559 admodum
969 4510 1093 4559 ettrlbos
1145 4509 1261 4560 tribubus
1320 4513 1352 4563 tt

76 4576 175 4636 specibus
192 4581 265 4629 deest
282 4579 354 4642 apud
370 4579 514 4644 Pompeium
532 4578 614 4629 Keilii
682 4579 713 4628 18
732 4577 808 4627 ueluti
821 4579 1027 4643 est—partibus
1040 4577 1132 4627 desunt
1143 4577 1191 4628 doc
1208 4582 1264 4628 loco
1282 4581 1354 4644 opud

76 4637 206 4708 Pompeiana,
223 4647 273 4696 ned
283 4645 317 4708 cs.
327 4663 354 4710 p.
366 4647 424 4708 191,
436 4645 579 4712 ticepff.
648 4647 680 4697 19
692 4660 763 4696 arces
782 4656 807 4695 et
823 4651 908 4711 pa'tes
961 4647 1093 4707 anquene
1138 4645 1352 4712 atpturatiterht

75 4707 100 4754 ¹25
114 4725 193 4772 quarte
262 4713 295 4764 28
313 4710 414 4780 cursus]
434 4729 525 4764 uorsus
578 4723 650 4764 estus
702 4725 833 4763 comestus
901 4716 935 4764 29
953 4713 1024 4762 luens
1042 4723 1148 4776 qnestns
1166 4725 1249 4764 rectus
1319 4719 1353 4768 30

76 4773 176 4830 adoratus
243 4781 328 4831 loetns
345 4793 431 4832 mutus
500 4785 531 4833 31
551 4783 604 4832 toni
622 4782 751 4831 tonitruus
830 4785 863 4832 33
886 4781 962 4831 liuius
980 4795 1089 4832 mannus
1107 4781 1167 4832 hnic
1185 4784 1271 4833 manni
1290 4784 1353 4835 baec

76 4853 175 4896 uanrmnr
