3316 5566
659 1239 793 1323 1111

215 1453 479 1588 eunoun
505 1483 986 1590 uxeosrmouns
1014 1488 1236 1590 ennon

106 1659 203 1756 nn
227 1657 588 1759 enronmvs
614 1657 874 1759 nonum
900 1657 1336 1760 ununnmurm

484 1827 684 1931 VRBIS
711 1829 960 1930 ROMAE.

636 2067 788 2078 nn—-n——a

157 2254 170 2334 {l
191 2249 338 2334 t140¹³p
364 2255 467 2316 Oratio
495 2263 540 2316 est
562 2257 622 2318 oris
650 2258 742 2327 ratio,
773 2256 851 2318 idest
874 2257 936 2318 oris
959 2254 1120 2336 eloquutio,
1166 2253 1371 2336 Eloquutlonis
1489 2271 1492 2276 ·

74 2355 305 2428 significationes
328 2365 394 2416 octo
417 2364 487 2417 sunl
509 2364 639 2428 tantum;
669 2357 809 2439 quicquid
834 2357 997 2434 loquimur,
1028 2356 1090 2419 Vlll
1114 2357 1201 2419 lrabet
1224 2357 1370 2436 significa·

75 2457 182 2526 ιιεεεε,
212 2453 279 2534 plus
308 2474 366 2517 non
395 2456 493 2518 habet.
537 2457 590 2520 Dic
613 2459 690 2537 quod
714 2463 759 2521 uis
780 2459 818 2520 de
841 2459 887 2520 his
909 2468 990 2521 octo:
1024 2459 1161 2521 inuenies
1188 2467 1238 2520 aut
1262 2475 1370 2522 nomen

11 2629 17 2638 .
76 2565 121 2616 ant
143 2575 311 2636 pronomen
334 2564 384 2618 aut
405 2557 531 2622 uerbum
554 2569 585 2621 cl
607 2570 716 2623 cetera.
749 2562 784 2621 vt
805 2568 875 2642 puta
897 2563 923 2622 si
945 2561 1026 2622 dicas
1042 2559 1122 2622 ‘uolo
1145 2563 1190 2622 ire
1213 2559 1248 2622 ad
1271 2559 1369 2620 lorum

55 2669 103 2718 tet
124 2658 231 2720 uidere
252 2660 402 2730 amicum’,
425 2659 495 2722 trolo
518 2660 643 2723 uerbum
667 2671 724 2734 est,
749 2663 793 2723 ire
816 2661 941 2724 uerbum
965 2671 1023 2731 est,
1053 2661 1089 2724 ad
1113 2663 1293 2744 praepositio
1316 2668 1369 2730 est,

77 2757 168 2821 lorum
186 2779 295 2823 nomen
312 2771 366 2831 est,
384 2769 413 2822 ει
428 2763 596 2826 εοειεεειιο
613 2772 666 2825 εει.
698 2763 767 2825 Ideo
783 2782 854 2843 ergo
871 2763 1008 2825 delinitae
1024 2765 1063 2824 ita
1079 2771 1150 2825 sunt
1171 2763 1370 2844 eloquutiouis

78 2870 192 2922 nostrae
215 2873 315 2954 partes
339 2860 414 2934 Vlll,
444 2867 533 2943 quic,
562 2865 703 2946 quicquid
727 2865 892 2944 loquimur,
916 2865 978 2927 Vlll
1007 2864 1098 2926 habet
1125 2867 1368 2944 significationes.

77 2961 170 3031 Quare
195 2965 234 3025 lta
258 2975 380 3026 uocatae
407 2973 491 3036 sunt,
521 2966 597 3027 dico.
643 2967 758 3030 Nomen
781 2967 891 3030 dictum
916 2977 960 3030 est
981 2967 1036 3028 hac
1058 2969 1187 3038 ratione,
1219 2965 1370 3046 quadres

79 3066 228 3128 uniuersas
257 3065 341 3127 nobis
370 3076 455 3129 notas
482 3069 636 3146 significat.
680 3068 767 3131 Nulla
794 3070 873 3131 enim
902 3089 951 3131 res
980 3077 1039 3137 est.
1074 3087 1150 3150 quae
1177 3085 1286 3130 nomen
1309 3084 1368 3129 non

47 3163 196 3238 uhabeat,
220 3167 298 3229 unde
321 3170 400 3230 scire
422 3186 590 3250 possumus,
614 3189 674 3252 quo
695 3172 785 3234 modo
807 3179 932 3234 uocetur
952 3219 1087 3233 .....
1109 3171 1166 3233 nisi
1189 3169 1368 3232 audiremus.

78 3265 149 3346 Ergo
170 3269 354 3348 singularum
378 3277 423 3331 εει
444 3288 545 3333 rerum
569 3274 681 3334 notitia.
713 3272 756 3334 lle
779 3275 899 3334 nomine
914 3291 1080 3354 pronomen
1096 3273 1239 3334 nascitur.
1270 3271 1368 3342 Quare

78 3379 169 3430 autern
199 3389 365 3451 pronomen
394 3369 506 3434 dictum
535 3375 573 3434 sit
600 3383 649 3435 aut
677 3374 820 3444 uerbum.
855 3377 919 3437 suis
951 3375 1025 3436 iocis
1058 3374 1201 3438 dicemus.
1253 3373 1367 3434 Nomen

79 3469 142 3544 quid
164 3473 218 3548 sit,
248 3491 335 3532 nemo
357 3473 400 3534 sic
423 3472 569 3545 deliniuit,
600 3475 850 3556 quemadmodum
873 3476 1038 3538 Donatus
1061 3479 1115 3538 all:
1153 3475 1289 3538 Nomen
1313 3482 1368 3534 εει

79 3575 356 3648 persorationis
372 3593 451 3636 curn
467 3593 554 3636 casu
577 3595 714 3657 corpus
730 3587 879 3656 autrem
894 3581 1050 3659 proprie
1073 3577 1367 3642 communiterue

50 3685 69 3722 n
80 3673 308 3750 significans.
352 3675 471 3738 Nullum
494 3680 575 3738 enim
599 3695 706 3740 nomeu
730 3685 827 3759 polest
847 3680 911 3741 sinc
934 3699 1005 3742 casu
1027 3683 1171 3756 inueniri,
1200 3679 1276 3740 idest
1303 3679 1367 3738 sino

80 3789 193 3837 casuum
221 3776 429 3839 declinatione.
474 3777 589 3840 Nomen
617 3789 667 3840 aut
695 3781 849 3860 corporale
877 3789 928 3842 aut
954 3782 1153 3864 incorporale.
1207 3780 1367 3861 Corporale

81 3883 132 3944 εει,
161 3876 238 3958 quod
264 3879 358 3941 uideri
380 3887 410 3941 et
431 3883 512 3958 tangi
536 3888 646 3961 potest,
671 3889 703 3942 ut
725 3893 793 3962 puta
818 3901 971 3946 scamnum
996 3893 1025 3946 ει
1047 3883 1115 3946 alia:
1146 3893 1177 3946 ει
1197 3882 1315 3945 uidetur
1338 3889 1369 3944 ει

81 3981 201 4056 tangitur
225 3989 254 4042 et
276 3980 432 4060 corporale
455 3989 508 4043 est.
554 3983 743 4062 lnoorporale
771 3993 870 4047 autem
894 3994 953 4056 est,
983 3986 1062 4067 quod
1091 4005 1146 4048 nec
1170 3985 1289 4047 uidetur
1311 4002 1367 4046 nec

82 4082 216 4158 tangitur,
242 4091 367 4162 utputa
390 4085 484 4164 pietas
506 4085 618 4146 iustitia
640 4083 778 4164 dignitas.
823 4086 882 4149 Sed
904 4087 1073 4169 philosophi
1096 4089 1183 4152 aliter
1206 4087 1366 4166 disputant.

142 4369 202 4424 cod.
222 4371 304 4424 Bm.
323 4374 375 4422 207
390 4373 415 4435 s.
433 4371 611 4425 troi-rte·
685 4374 782 4427 Ίῖιειεε
799 4376 844 4427 rud
862 4379 955 4430 calcem
971 4378 1018 4440 sol.
1038 4379 1104 4428 tro·
1123 4379 1146 4428 le
1162 4385 1213 4430 est:
1240 4375 1368 4442 incipiunt

83 4445 148 4530 imae
164 4471 300 4541 explioues
318 4487 387 4538 serg.
404 4473 436 4524 de
453 4455 537 4545 {norim
555 4475 643 4526 donati
656 4475 789 4542 grdmstlcl
802 4477 872 4528 urbis
890 4493 989 4537 romse3
1006 4479 1053 4542 soi.
1067 4478 1136 4530 udb
1153 4492 1367 4535 monocerote.

84 4565 134 4620 XV
144 4576 264 4642 seriptum
280 4582 333 4626 est:
351 4577 433 4641 prime
450 4572 548 4643 expffes
568 4578 647 4645 sergii
665 4579 697 4629 de
715 4559 912 4646 plerinacum.
988 4583 1002 4631 1
1022 4580 1109 4631 Oratio
1128 4577 1178 4647 est]
1198 4581 1233 4645 cs.
1254 4577 1363 4646 [Serpit]

83 4641 175 4726 explan.
193 4645 220 4693 ln
236 4644 363 4694 Donatum
379 4660 406 4709 p.
424 4645 484 4707 487,
498 4647 534 4696 23
551 4660 605 4712 rep.
619 4646 654 4698 K.
724 4647 902 4712 eloqnntlonee
971 4649 1119 4700 ddiduitae
1187 4649 1366 4712 eloquu'tloues

84 4717 121 4754 ¹¹1⁸
165 4712 260 4774 'lquie
276 4713 368 4763 addidi
427 4713 459 4763 10
476 4727 528 4776 quo
548 4727 652 4764 uocetur
670 4716 720 4765 nisi
737 4715 895 4781 audiremus]
913 4718 1043 4768 Laconas·
1061 4719 1180 4781 indicaui,
1194 4719 1253 4784 qna
1265 4724 1367 4768 unctor:

83 4773 157 4834 ‘cuod
174 4793 224 4830 nou
242 4780 365 4831 sciremus
383 4781 433 4830 nisi
452 4782 556 4832 nomine
573 4782 737 4833 audiremus’
755 4789 797 4836 uel
812 4787 891 4836 simile
909 4787 972 4852 quid
986 4787 1122 4851 scripsisse
1139 4787 1268 4851 putandus
1285 4793 1332 4836 est.

86 4841 247 4912 illinemus]
267 4846 323 4898 dms
394 4845 565 4916 lillonatus]
583 4853 710 4916 p.373,2
764 4855 795 4904 rt
813 4855 934 4920 propriae
951 4855 1125 4904 comuniterue
1194 4857 1226 4906 19
1244 4853 1368 4920 diosopln
