3354 5580
674 353 876 406 caecarat.
1354 350 1414 414 201

122 564 178 625 pro
201 541 367 606 causalibus
389 545 459 624 poni
482 543 591 612 solent,
627 551 659 604 ut
686 560 741 622 pro
763 543 879 602 ‘enim’
903 541 969 602 ‘et’
997 549 1135 621 ponatur,
1165 541 1242 601 sicut
1270 541 1417 602 Cicero:

123 647 278 707 vicistis
307 663 371 706 uos
400 650 434 704 ot
462 644 517 705 Dii
548 663 611 706 uos
641 646 835 712 iuuerunt,
866 651 1015 724 tamquam
1038 641 1095 702 hoc
1117 641 1244 704 diceret:
1275 643 1418 710 ‘uicistis

122 749 191 828 quia
217 746 260 807 [iii
284 765 337 807 una
359 747 523 809 iuuerunt'.
568 745 762 825 Virgilius:
785 743 959 816 ‘Quoniam’
983 745 1046 804 ‘et’
1072 743 1176 805 ‘enlm'
1199 763 1254 824 pro
1276 744 1418 804 ‘tametsi'

122 855 285 930 ponuntur,
314 849 390 909 sicot
419 849 583 910 Donatus
611 849 653 908 sic
683 847 759 910 latus
787 855 844 908 eat:
882 847 1099 925 Quanquam
1136 863 1189 907 nte
1227 852 1419 914 accusent,

95 951 297 1032 aqrtoniant
321 966 386 1027 ego
409 951 637 1012 auctoritate
660 958 764 1012 certa
788 948 909 1010 litlens
931 949 1092 1010 omnium
1110 945 1245 1028 probra
1261 954 1419 1026 teutono,

123 1052 181 1112 ltoc
205 1060 249 1112 est
270 1051 399 1111 ‘tametsi
422 1053 521 1112 omnia
544 1053 689 1132 tempno’.
728 1049 898 1113 Lucanus
921 1051 1009 1111 etiarn
1031 1049 1068 1111 de
1091 1047 1293 1112 imbecillitate
1308 1047 1420 1108 Tusco·

122 1171 190 1214 rum
205 1151 352 1213 scribens:
376 1151 495 1222 Enim,
512 1153 618 1230 inquit,
635 1151 771 1214 multos
794 1154 925 1214 uiuant
947 1169 1077 1220 annos,
1099 1170 1169 1212 non
1192 1169 1229 1211 ae
1252 1167 1420 1229 nmquam

123 1252 392 1324 uindicabunt,
416 1254 473 1314 hoc
496 1261 541 1315 eat
562 1255 600 1314 ‘si
623 1258 748 1317 uiuant’.

210 1356 288 1417 toto.
319 1354 515 1433 Virgilius:
539 1355 711 1429 ‘Quoniam'
727 1358 752 1418 si
767 1357 825 1418 duo
841 1356 933 1418 uerba
947 1357 1026 1418 circa
1041 1373 1074 1418 se
1089 1354 1210 1424 babeat,
1231 1351 1421 1416 subiunctum

84 1472 157 1519 ¹⁰se
186 1457 279 1538 priori
308 1455 395 1518 iaciat
423 1466 453 1518 et
480 1475 607 1537 sequens
639 1457 796 1522 antecedet
822 1458 989 1539 Sulpitio
1025 1456 1191 1519 scribente:
1229 1451 1422 1530 iurabant,

123 1560 301 1638 canoniam
339 1556 604 1629 debellabant:
642 1561 689 1622 ltin
720 1567 766 1622 est
797 1559 885 1620 ordo:
924 1560 1013 1621 ‘ideo
1046 1557 1249 1626 debellabant,
1282 1556 1422 1636 qnoniam

123 1659 288 1724 iurabant'.

204 1757 219 1844 ΙΙ
233 1761 254 1822 1.
269 1757 327 1822 31·
344 1758 355 1842 ΙΙ
371 1761 569 1840 Virgilius:
594 1765 703 1827 ‘Circa'
727 1771 756 1826 ot
771 1766 866 1843 ‘erga’
890 1763 965 1824 duae
988 1761 1224 1842 praepositiones
1246 1767 1316 1820 suot
1337 1777 1424 1820 casus

125 1861 306 1930 accusatiui.
330 1861 382 1923 sed
405 1863 481 1925 hanc
504 1864 705 1928 diuersitatcm
729 1866 853 1935 babent,
877 1864 955 1946 quoti
979 1865 1084 1925 ‘circa’
1100 1861 1136 1924 ad
1159 1860 1307 1923 nisibilcm
1331 1864 1423 1920 mato-

84 1977 110 2018 1⁵
125 1965 203 2025 riam
226 1961 274 2024 uol
297 1962 394 2026 locum
417 1968 561 2045 pertinet,
591 1969 699 2047 ‘erga’
722 1977 819 2030 autom
842 1965 878 2028 atl
902 1968 1032 2028 animum
1055 1971 1181 2044 spectat,
1205 1965 1333 2026 maxime
1355 1980 1423 2024 cunt

125 2066 258 2146 aliquem
281 2067 507 2145 propensiorem
537 2069 675 2132 allectum
703 2077 788 2148 gerat
816 2070 1036 2149 proximorum
1065 2065 1192 2145 deniquo
1216 2073 1245 2126 et
1267 2063 1424 2126 Latinitate

125 2165 334 2248 philosophica
367 2167 508 2246 ‘orgum’
542 2172 664 2234 allectus
687 2170 806 2240 dicitur,
834 2170 912 2232 unde
941 2179 970 2231 et
998 2169 1106 2248 ‘ergo’
1135 2169 1179 2228 sic
1208 2164 1385 2227 dicebantur
1408 2183 1424 2224 a

126 2269 252 2350 priacim
275 2269 325 2346 qui
348 2267 379 2330 in
402 2288 467 2332 sese
490 2281 664 2334 conmotam
687 2272 840 2335 traherent
861 2271 1009 2335 allectum.

199 2505 213 2554 1
232 2513 257 2552 et
275 2508 383 2568 ponatur
402 2501 428 2540 ut
444 2506 493 2543 noa
512 2493 610 2543 uicistia
628 2503 653 2542 et
669 2492 721 2542 dno
739 2493 859 2542 iuuerunt
875 2490 924 2540 hoo
941 2500 980 2541 eat
998 2491 1059 2553 quio
1076 2490 1127 2540 (luo
1140 2490 1259 2539 iuuerunt
1274 2487 1360 2538 Maius
1411 2489 1427 2536 3

127 2565 268 2636 virgilius]
287 2586 315 2634 ρ,
335 2571 385 2619 m
396 2558 454 2610 Mat
502 2559 626 2611 tamensi
693 2562 859 2626 lponnotur
876 2569 915 2609 nt:
934 2559 1055 2621 quoniam
1075 2571 1123 2624 ego
1142 2555 1292 2608 einaldus
1343 2553 1427 2616 iaetus

127 2643 145 2692 5
165 2645 264 2688 remano
332 2639 349 2686 6
367 2641 451 2685 utnon
464 2629 550 2679 omnia
562 2635 661 2680 comino
714 2639 825 2694 tempno.
845 2626 878 2675 Et
888 2628 978 2678 iterum
992 2627 1119 2677 scribens:
1139 2625 1216 2689 enirn,
1229 2624 1321 2686 inquit,
1334 2623 1427 2672 multos

128 2709 332 2768 alienationum,
356 2717 407 2753 noo
426 2710 454 2746 ae
472 2711 592 2760 umquam
610 2703 658 2747 etc.
677 2695 764 2746 Maius
865 2694 1064 2746 8uindicabant
1131 2693 1247 2757 Marnini
1262 2707 1336 2742 aeona
1354 2691 1430 2740 Petri

130 2776 247 2826 Danielis
264 2774 327 2823 laneo
345 2773 446 2822 attacta
463 2771 533 2814 anan
553 2765 577 2814 iu
596 2764 675 2814 altero
693 2773 744 2814 uet.
763 2763 820 2814 eod.
838 2763 877 2812 sio
894 2762 1011 2813 habetur:
1031 2761 1146 2812 Donatus
1183 2759 1307 2809 raetorius
1325 2759 1350 2806 in
1364 2772 1427 2822 apo·

128 2843 236 2907 logition
255 2842 292 2891 sie
310 2839 377 2890 latua
396 2847 435 2888 eat
447 2847 601 2896 qttamquotn
614 2839 663 2882 ete.
677 2857 709 2868 -
722 2838 761 2881 et:
779 2831 920 2881 Volcianos
939 2831 970 2881 tle
988 2827 1158 2879 imbecillitate
1192 2840 1324 2878 raetorum:
1343 2823 1428 2887 Enim,

126 2911 225 2973 inquit,
248 2907 342 2958 multos
360 2909 449 2957 uiuent
466 2916 548 2952 antroa
570 2915 599 2949 ae
622 2913 759 2961 utrumquem
782 2899 959 2962 uinulentum,
984 2897 1032 2947 ltoo
1053 2907 1093 2946 est
1110 2896 1133 2946 ai
1150 2895 1248 2945 uiuant.
1284 2893 1319 2944 In
1340 2894 1428 2944 codiee

129 2977 256 3029 Letdenai
271 2975 346 3028 Vnae.
365 2973 395 3036 Q.
414 2975 451 3026 33
467 2969 491 3034 s.
503 2972 552 3020 81·
571 2969 611 3018 lte
628 2971 697 3018 loom
714 2969 752 3016 ito
768 2983 797 3017 ae
814 2965 1056 3017 intermeantium
1068 2963 1161 3014 lileaeo
1178 2969 1298 3013 wetere:
1316 2959 1428 3010 Uloaoua

128 3047 208 3096 etiam
226 3045 258 3094 dc
275 3043 422 3094 iobloilitate
440 3051 569 3089 tuscorum
582 3035 697 3088 scribent
710 3035 777 3084 euim
790 3034 880 3097 inquiri
891 3041 940 3088 etc.
961 3034 1000 3098 Gs.
1008 3035 1093 3084 annal.
1107 3029 1232 3082 Fleckeia.
1245 3031 1312 3080 1861
1323 3045 1351 3093 p.
1363 3030 1428 3080 733.

128 3108 304 3178 evirgtttns]
322 3127 349 3176 ρ.
369 3111 420 3161 ua
439 3107 508 3158 Mai:
539 3103 636 3162 iltuit,
661 3102 778 3152 iurabant
796 3103 915 3165 quioniam
938 3100 1105 3153 debellabant.
1140 3097 1187 3148 llio
1209 3108 1249 3148 eat
1271 3096 1347 3146 ordo:
1370 3095 1428 3145 ideo

128 3180 300 3238 debellabant,
319 3179 440 3242 quoniam
458 3173 583 3228 intrabant.
635 3167 675 3237 ae]
695 3185 752 3219 eum
823 3173 852 3220 11
867 3167 1040 3220 ltooeatordo
1058 3167 1116 3218 idco
1135 3165 1260 3216 bellabant
1329 3165 1360 3214 13
1373 3163 1430 3212 Vir·

129 3245 222 3315 gilina]
240 3245 409 3311 numm:
429 3243 564 3294 Etcirca1
607 3241 640 3291 lb
657 3238 920 3304 etergaodauimum
934 3237 1020 3288 Maiae
1072 3243 1171 3301 spectat
1189 3244 1214 3283 et
1230 3232 1346 3282 allectum
1365 3231 1431 3296 gerit

130 3317 311 3384 proximorum
329 3313 431 3364 Maiae:
448 3317 535 3362 cetero
553 3308 624 3372 opud
641 3306 736 3357 Maium
753 3308 852 3357 desunt.
887 3307 926 3356 De
944 3307 995 3357 lori
1010 3305 1137 3354 sententio
1154 3302 1189 3365 rs.
1207 3301 1307 3352 Olearia.
1325 3316 1350 3364 ρ.
1366 3300 1431 3362 231,

130 3385 167 3436 11
184 3383 226 3434 ll.-
244 3383 295 3434 lere
313 3382 381 3432 enirn
399 3395 461 3445 erga
478 3378 511 3428 ad
528 3375 654 3450 adiectum
673 3373 787 3424 retertur,
