3354 5580
278 392 342 456 206
673 391 906 444 COMMENTVM
925 391 1170 445 EINSIDLENSE

278 601 401 662 ngare.
430 582 527 660 Agere
543 580 652 661 aliquid
675 589 722 642 est
744 579 810 661 lego
833 579 942 652 doceo,
967 585 1026 658 pati
1049 579 1132 659 legor
1153 579 1274 641 doceor.
1311 579 1384 640 Cum
1409 597 1481 658 ergo
1506 577 1580 638 dicit

278 684 416 762 ‘agere’,
446 681 672 762 comprehendit
699 684 798 744 omnia
827 685 921 743 aetina
950 689 980 742 ει
1002 681 1189 743 medietatem
1217 683 1385 743 communis
1412 680 1520 751 uerbi,
1551 689 1581 739 et

279 803 345 846 cum
369 785 443 846 dicit
470 785 574 863 ‘pati’,
603 787 703 847 omnia
732 786 849 865 passiua
872 791 903 846 et
924 783 1046 845 alteram
1070 783 1258 846 medietatem
1282 784 1448 844 communis
1471 779 1581 846 ceron

279 890 351 948 ‘aut
372 889 528 947 neutrum'
556 903 622 947 curn
657 884 743 954 dicit,
777 886 876 947 omnia
911 885 1055 947 neutralia
1083 895 1112 947 ει
1140 885 1319 965 deponentia
1347 886 1440 946 uerba
1469 885 1582 961 tangit.

236 1027 239 1036 «
280 986 419 1048 Neutrale
443 986 568 1050 uerbum
592 986 710 1058 dicitur,
734 1005 794 1048 non
816 995 849 1048 ut
870 985 981 1064 aliquid
1006 1005 1065 1050 non
1087 987 1247 1066 significet,
1270 985 1323 1048 sed
1339 995 1503 1064 utrumque
1521 1002 1606 1045 noos

279 1089 440 1165 significan
469 1106 536 1151 nam
559 1107 626 1150 cum
650 1090 776 1149 aetiuam
800 1087 890 1150 habet
913 1091 1173 1168 sigrrilieationem,
1196 1087 1338 1166 relinquit
1358 1091 1526 1169 passiuam,
1552 1095 1584 1146 ut

280 1191 355 1251 lacio
378 1190 513 1266 ambulo,
537 1208 602 1251 eum
626 1207 699 1250 nero
721 1191 884 1270 puerinum,
910 1190 1031 1252 dimittit
1052 1189 1186 1261 alteram,
1203 1198 1236 1251 ut
1251 1191 1288 1251 iio
1311 1191 1463 1270 passiuum
1488 1187 1584 1248 habet

279 1310 408 1354 sensum.
454 1291 504 1363 Ει,
532 1300 565 1352 ει
586 1291 735 1371 quidam
758 1291 876 1362 uolunt,
900 1293 1052 1372 passiuum
1077 1301 1124 1354 εει
1145 1293 1182 1353 do
1204 1291 1299 1354 solum
1327 1293 1466 1353 desinens
1494 1293 1529 1350 ιε
1555 1308 1583 1358 o,

278 1395 364 1454 cuiue
391 1397 520 1456 antinum
544 1402 588 1455 εει
610 1394 696 1458 tacto.
742 1392 832 1454 Verlri
861 1395 953 1472 gratia
983 1394 1077 1456 ‘lacto
1099 1399 1157 1465 ιε’,
1185 1403 1215 1455 ει
1241 1403 1272 1456 ιε
1295 1393 1460 1474 respondes
1482 1393 1583 1452 ‘llos

279 1501 329 1557 te’.
368 1494 504 1576 Quinque
525 1514 635 1574 genera
658 1497 689 1556 in
713 1495 905 1574 sequentibus
928 1502 1143 1558 commemorat
1165 1496 1311 1564 Donatus,
1335 1513 1412 1574 quae
1435 1495 1484 1554 lrio
1510 1493 1582 1554 bre·
1596 1511 1619 1548 n

279 1598 355 1659 ulter
383 1599 491 1676 tangit,
521 1615 589 1658 cum
618 1597 689 1658 dicit
718 1599 786 1658 ‘aut
813 1614 903 1676 agere
925 1604 976 1658 aut
997 1599 1058 1678 pali
1087 1605 1138 1659 aut
1159 1599 1328 1659 nentrum'.
1373 1600 1478 1658 Actum
1506 1612 1584 1655 sanc

277 1701 342 1761 siue
364 1701 532 1781 passionem
555 1698 716 1760 ostendunt
739 1697 832 1760 uerlra
854 1701 884 1760 in
907 1698 962 1768 his,
986 1718 1063 1779 quae
1086 1701 1214 1760 animata
1237 1708 1315 1770 sunt,
1339 1706 1479 1759 neutrum
1505 1715 1583 1757 uero

278 1801 405 1862 manime
433 1802 463 1861 in
492 1803 589 1862 anima
612 1797 782 1861 carentibus
804 1801 934 1879 ponitur.
956 1835 999 1845 -
1028 1801 1214 1863 Generalitas
1242 1800 1329 1862 uerbi
1356 1800 1387 1860 in
1417 1819 1467 1868 eo,
1497 1797 1584 1878 quod

278 1921 348 1982 pars
370 1913 414 1964 εει
436 1903 595 1971 orationis;
618 1899 795 1981 specialitas,
819 1901 897 1980 qood
921 1913 1003 1964 caret
1025 1919 1104 1973 casu,
1128 1902 1295 1982 proprietas
1315 1920 1389 1962 uero
1406 1903 1437 1962 in
1453 1901 1585 1962 actionis

279 2005 424 2084 passionis
440 2002 487 2064 uel
503 2005 600 2066 neutri
622 2005 847 2083 significatione.
892 2003 925 2064 n.
942 2003 1059 2065 Verbo
1081 2014 1171 2082 quot
1192 2003 1389 2072 accidunt,
1412 2001 1488 2062 idest
1505 2007 1584 2081 quot
1597 2018 1620 2056 e.

279 2105 442 2167 accidentia
466 2105 554 2167 habet
576 2103 713 2166 uerbum.
758 2103 795 2166 Μ.
820 2104 981 2185 Septem.
1024 2105 1188 2168 Numerum
1211 2104 1354 2166 definiuit
1374 2111 1379 2120 '
1399 2103 1433 2166 [l.
1456 2101 1581 2173 Οεεει

190 2211 239 2258 359,
253 2212 266 2250 ι
282 2207 406 2268 Nomina
422 2209 620 2269 accidentium
636 2209 771 2287 requirit
796 2208 834 2269 ll.
846 2206 1019 2278 Qualitas
1033 2209 1253 2285 coniugatio
1268 2221 1385 2284 genus
1401 2221 1583 2266 numerus

280 2309 294 2370 ι
299 2309 403 2387 igura
421 2317 569 2388 tempus
583 2327 754 2388 persona.
792 2309 949 2380 Quaesitis
965 2310 994 2370 in
1018 2308 1090 2370 locis
1112 2327 1307 2390 exponemus.
1337 2308 1438 2368 Primo
1453 2305 1489 2368 de
1507 2323 1583 2383 qua·

280 2407 360 2470 litate
377 2409 462 2471 uobis
477 2411 515 2472 sit
530 2428 638 2478 sermo,
653 2411 722 2488 qnia
737 2411 867 2490 primurn
884 2410 1021 2472 accidens
1036 2418 1088 2471 est.
1119 2410 1212 2490 Igitur
1227 2410 1256 2470 in
1271 2408 1366 2470 uerlro
1381 2407 1491 2468 dicitur
1503 2425 1583 2486 qua·

280 2511 355 2581 litas,
368 2529 404 2571 eo
420 2511 510 2589 quod,
524 2509 611 2588 quale
625 2511 664 2570 sit
679 2509 750 2572 illud
768 2509 906 2586 uerbum,
920 2513 1056 2582 ostendit,
1070 2512 1200 2574 aotiuum
1216 2509 1357 2573 uidelicet
1371 2528 1408 2572 an
1423 2511 1581 2590 passiuum
1595 2525 1619 2563 -n

191 2618 237 2666 ιιι
253 2619 263 2656 ι
281 2611 294 2694 ll
313 2610 373 2673 118
388 2608 403 2696 ll
417 2615 479 2674 siue
495 2621 643 2674 neutrum.
674 2613 707 2675 [l.
725 2611 892 2684 Qualitas
907 2613 1108 2676 uerborum
1123 2615 1159 2675 in
1175 2632 1244 2694 quo
1261 2613 1333 2674 est?
1363 2611 1442 2673 ldest
1462 2613 1493 2672 in
1518 2629 1582 2689 qno

279 2715 353 2786 iure,
377 2716 408 2776 in
431 2731 487 2794 qua
511 2720 655 2795 potestate
677 2716 732 2776 sita
754 2723 809 2776 εει.
854 2714 891 2775 ll.
915 2714 953 2776 ln
974 2716 1093 2778 modis
1113 2723 1148 2777 ει
1168 2715 1309 2777 lormis.
1355 2713 1479 2785 Quando
1494 2716 1580 2774 enirn

278 2815 404 2897 qualitas
427 2818 512 2910 uerlri
534 2818 746 2896 interrogatur.
770 2815 875 2878 modus
897 2825 927 2878 at
948 2819 1044 2879 lorma
1066 2817 1275 2896 respondetur,
1300 2824 1346 2878 ut:
1371 2818 1473 2877 ‘amo'
1490 2817 1583 2877 cuius

278 2917 426 2996 qualitatis
441 2919 504 2978 εειι
527 2919 607 2980 modi
621 2918 771 2980 indicatiui
795 2925 824 2978 et
845 2917 959 2980 termae
974 2919 1137 2999 perlectam
1161 2918 1310 2981 ‘lecturio’
1327 2917 1407 2978 modi
1421 2917 1581 2978 indicatiui

279 3028 309 3079 et
331 3019 442 3081 formae
465 3021 667 3088 ineditatiuae;
691 3019 818 3081 ‘lectito’
842 3019 922 3082 modi
945 3020 1102 3107 indicatiui¹
1125 3030 1155 3080 ει
1181 3019 1294 3081 lormae
1321 3020 1619 3100 frequentationem

278 3120 419 3182 ‘calesco'
442 3122 595 3182 indicatiui
619 3122 698 3182 modi
721 3131 751 3183 et
773 3123 885 3184 termae
908 3121 1104 3183 inclroatiuae.
1119 3155 1162 3165 -
1176 3119 1253 3184 Medi
1269 3139 1285 3182 a
1301 3121 1503 3181 moderatione
1529 3119 1582 3182 uel

278 3241 294 3283 a
322 3230 405 3284 motu
433 3231 502 3284 suot
529 3221 615 3291 dieti,
645 3241 682 3284 eo
709 3223 788 3301 quod
818 3239 896 3284 uuus
925 3231 1080 3286 moueatur
1108 3225 1139 3285 in
1167 3222 1307 3283 alterum:
1335 3222 1516 3284 indicatiuus
1549 3225 1582 3283 in

278 3326 502 3404 lmperatiuum,
531 3325 727 3404 lmperatiuus
748 3325 779 3385 in
801 3326 978 3404 optatiuum,
1001 3327 1044 3386 sic
1067 3333 1096 3387 ει
1118 3323 1175 3387 alii.
1198 3357 1242 3368 -
1264 3323 1442 3386 ludicatiuus
1464 3322 1583 3386 dicitur

278 3423 316 3486 ab
337 3423 511 3495 indicando,
535 3427 603 3506 qnia
625 3423 784 3505 perillum
808 3435 906 3487 actum
930 3425 977 3488 uel
999 3429 1167 3507 passionem
1190 3425 1389 3495 ostendimus,
1412 3434 1457 3487 ut:
1489 3427 1583 3502 ‘quid

279 3528 381 3588 lacisl'
409 3525 517 3606 ‘lego’r
551 3544 621 3588 ecce
647 3535 756 3590 actum.
808 3527 896 3598 ‘Quid
926 3529 1021 3607 agis’t
1055 3528 1174 3606 ‘legor',
1211 3529 1240 3588 ·i·
1270 3525 1375 3609 aliquis
1404 3545 1467 3587 mea
1496 3525 1619 3588 dietam

278 3627 364 3707 legit:
388 3645 458 3688 ecoe
480 3629 643 3707 passiuum.
682 3628 754 3690 [lieo
777 3627 861 3699 dicis,
883 3631 981 3692 indico
1002 3629 1119 3701 indicis,
1144 3631 1250 3692 transit
1271 3631 1301 3690 in
1324 3629 1474 3709 passioum
1498 3627 1582 3688 indi-

278 3736 362 3790 catus
389 3727 525 3798 indicati.
554 3728 690 3790 adiuncta
720 3748 776 3790 uus
804 3731 836 3791 ιιι
857 3729 1043 3793 indicatione.
1087 3731 1205 3793 Primus
1228 3749 1300 3809 ergo
1322 3732 1442 3810 ponitur
1464 3728 1582 3790 indica·

279 3832 374 3913 tinus,
403 3830 469 3911 quia
498 3832 661 3911 perfectior
682 3840 726 3894 est
748 3835 867 3894 ceteris.
913 3831 1009 3894 Habet
1031 3835 1109 3895 enirn
1133 3851 1203 3895 suas
1224 3849 1366 3914 personas
1388 3844 1418 3893 ει
1438 3835 1469 3893 ιε
1494 3832 1583 3894 nullo

278 3939 412 4012 ternpore
441 3931 541 3993 delicit
568 3950 668 4010 neque
695 3934 725 3994 in
751 3952 850 3995 sensu.
895 3933 969 3996 Nam
992 3933 1055 4006 ιιιε,
1086 3937 1138 4013 εει
1159 3935 1231 3996 (ιιειι
1253 3935 1386 4002 ‘scribo’,
1409 3934 1581 4014 perlectum

278 4051 396 4095 sensum
420 4034 558 4095 ostendit.
604 4034 701 4096 Ceteri
722 4053 795 4096 uero
818 4052 877 4096 non
901 4035 995 4097 solum
1018 4039 1048 4098 io
1071 4045 1222 4116 tempore,
1246 4035 1297 4096 sed
1322 4038 1407 4096 otiam
1430 4037 1460 4096 in
1484 4053 1580 4098 sensu
1597 4056 1619 4094 :e

278 4135 427 4196 deliciunt.
465 4134 522 4206 on
537 4137 616 4196 enim
632 4137 768 4214 imperat.
791 4136 929 4206 ostendit,
953 4155 1013 4199 nou
1036 4157 1102 4200 esse
1124 4138 1235 4200 laetum
1257 4136 1362 4206 adlruc.
1387 4137 1465 4215 quod
1480 4136 1578 4200 iubet.

278 4235 419 4299 Similiter
442 4245 472 4298 ct
494 4239 543 4316 qui
566 4246 663 4318 optat,
693 4239 840 4308 ostendit,
870 4257 902 4300 se
926 4256 984 4299 noo
1007 4237 1132 4312 habere,
1155 4239 1234 4320 quod
1257 4239 1415 4300 desiderat.
1460 4237 1580 4300 ludica·

278 4339 360 4400 tinus
383 4355 455 4416 ergo
478 4341 630 4419 perlectus
652 4349 705 4409 cst,
729 4347 873 4420 utsupra
897 4341 1034 4410 diximus,
1059 4349 1088 4402 et
1108 4340 1176 4403 ideo
1193 4343 1321 4420 primum
1337 4339 1452 4401 obtinet
1466 4340 1581 4402 locum.

279 4439 476 4520 lmperatiuus
503 4442 635 4504 secundo
662 4443 692 4502 in
721 4441 786 4502 loco
815 4443 944 4522 ponitur.
993 4443 1136 4514 Quamuis
1165 4445 1244 4503 enim
1273 4445 1302 4502 in
1332 4461 1458 4522 persona
1487 4449 1518 4502 ει
1545 4443 1578 4502 in

277 4542 440 4621 praeterito
463 4542 575 4613 delicit.
605 4550 704 4605 tamen
726 4549 795 4604 ante
818 4544 980 4623 optatiuum
1004 4547 1140 4624 ponitur,
1169 4547 1237 4625 qnia
1262 4546 1355 4605 nraior
1378 4552 1424 4605 εει
1445 4545 1497 4624 εει
1521 4545 1578 4604 im·
1594 4562 1618 4600 n

280 4729 505 4740 .--—.----—.-

348 4866 379 4916 10
395 4874 537 4916 commorat
605 4864 731 4933 Donatus]
750 4883 778 4932 p.
798 4870 857 4928 359,
879 4871 913 4917 34
983 4869 1014 4919 lo
1031 4866 1153 4918 dilluriuit
