3308 5542
34 1589 35 1606 ,
141 1509 260 1590 Inhoc
283 1523 568 1589 anecdotorum
591 1519 893 1586 Heluetioorum
916 1519 956 1584 ad
979 1523 1081 1586 artem
1102 1523 1343 1606 grammaticam

34 1619 35 1682 t
83 1638 257 1721 ⁴protantium
286 1637 449 1702 uolumine
478 1635 692 1719 conficiendo,
726 1633 812 1719 quod
841 1634 1125 1718 grammaticorum
1152 1634 1343 1702 Latinorum

82 1747 181 1812 editioni
206 1769 310 1813 nouae
339 1748 431 1832 quasi
458 1747 716 1832 supplementum
742 1743 824 1810 adici
846 1744 952 1810 uoluit
973 1743 1133 1810 Teubneri
1155 1747 1343 1814 amicorum-

82 1879 122 1940 que
137 1857 292 1924 doctorum
314 1845 500 1943 prudentis,
523 1856 683 1940 duplicem
704 1855 864 1921 rationem
886 1859 1013 1920 secutus
1035 1877 1121 1940 sum,
1144 1859 1181 1921 ut
1202 1861 1235 1922 et
1256 1857 1343 1922 colli-

82 1989 158 2050 prem
171 1991 426 2052 excerperemue,
449 1989 531 2053 quae
545 1967 701 2032 hactenus
716 1965 884 2052 incognito
898 1965 933 2030 in
947 1965 1152 2064 bibliothecis
1166 1965 1342 2034 Helueticis

81 2076 251 2144 luricensi
273 2077 526 2144 Einsidlensi
549 2076 750 2142 Barncnsi
778 2076 954 2160 latuerant,
983 2079 1031 2160 et,
1060 2077 1087 2141 si
1115 2076 1192 2162 quid
1219 2077 1260 2142 ad
1288 2100 1342 2144 eos

81 2187 162 2272 libros,
188 2190 240 2274 qni
272 2189 336 2254 iam
364 2191 475 2254 extant
502 2189 537 2253 in
564 2209 651 2254 noua
672 2185 807 2252 Hemici
834 2185 933 2252 Keilii
959 2185 1100 2252 editione
1129 2187 1168 2252 ad
1196 2187 1341 2254 codicum

81 2297 145 2364 idem
174 2300 345 2386 recogniti,
378 2299 585 2364 illustrandos
619 2297 783 2362 uideretur
816 2318 855 2361 ex
886 2296 1000 2362 iisdem
1028 2297 1173 2363 fontibus
1203 2298 1341 2364 deriuari

79 2431 156 2492 pose,
175 2433 268 2495 quam
291 2410 527 2474 accuratissime
549 2429 765 2494 congererem.
802 2407 930 2492 Itaque,
953 2429 995 2472 ne
1017 2412 1169 2491 proteruo
1191 2407 1272 2492 pede
1294 2409 1342 2474 in-

79 2541 201 2586 currerem
221 2523 257 2586 in
286 2521 409 2586 alienos
437 2520 563 2586 labores
590 2518 734 2584 nondum
762 2517 802 2583 ad
829 2519 928 2582 finem
954 2517 1139 2602 perductos,
1169 2519 1278 2584 omnia
1304 2541 1342 2585 ea

32 2709 33 2712 Ἴ
79 2629 163 2712 cripta
188 2631 336 2696 consulto
370 2630 583 2714 praetermisi,
619 2651 716 2714 quse,
751 2629 838 2712 quod
867 2631 916 2694 est
942 2627 1005 2692 uiri
1033 2627 1208 2694 doctissimi
1236 2651 1340 2694 nouae

32 2747 33 2834 i
78 2738 192 2805 editionis
213 2741 354 2832 auctoris
377 2745 472 2825 atque
494 2741 632 2825 auspicis
655 2741 841 2822 consilium,
864 2739 1019 2838 proximis
1039 2738 1126 2803 haud
1140 2737 1236 2804 dubie
1250 2739 1340 2805 uolu-

79 2849 182 2916 minibus
202 2853 272 2917 luce
296 2851 516 2936 donabuntur,
543 2873 681 2936 quorum
703 2851 738 2916 in
759 2872 894 2916 numero
918 2849 1131 2935 orthographi
1152 2851 1341 2933 praesertim

79 2967 98 3021 el
113 2963 148 3025 rei
167 2963 316 3028 metricae
338 2963 509 3047 scriptores
531 2965 635 3027 erunt.
673 2960 735 3028 Sed
757 2961 962 3046 praecipuam
985 2982 1116 3045 operam
1137 2960 1172 3024 in
1189 2982 1228 3024 eo
1243 2961 1340 3027 collo-

79 3073 137 3153 aoi,
165 3079 198 3138 ut
223 3073 363 3158 primam
390 3095 538 3157 operum,
575 3075 735 3158 quotquot
763 3072 958 3158 inuestigare
986 3071 1092 3155 potui,
1124 3069 1230 3137 medio
1259 3093 1338 3136 aeuo

78 3181 230 3265 nuptorum
251 3184 404 3248 notitiam
426 3183 626 3268 praeberem,
653 3183 717 3248 alia
738 3183 879 3269 integra,
907 3188 943 3248 ut
965 3185 1072 3266 erant,
1102 3180 1165 3246 alia
1187 3204 1225 3246 ex
1247 3185 1339 3266 parte

78 3289 250 3359 teodberem
273 3295 327 3359 nel
349 3294 533 3359 summatim
554 3313 782 3378 percurrerem.

134 3401 245 3480 Quibus
274 3405 317 3488 si,
347 3404 422 3488 quia
449 3405 535 3469 intra
562 3403 730 3480 Heluetiae
762 3405 842 3469 fines
870 3404 1073 3486 inuenerem,
1108 3402 1338 3469 anecdotorum

79 3509 281 3580 Heluetioorum
304 3537 423 3580 nomen
444 3513 560 3598 indidi,
587 3537 655 3580 non
677 3537 805 3598 uereor,
833 3536 875 3579 ne
881 3565 891 3599 ,
920 3514 976 3598 qui
998 3513 1111 3578 ceteris
1134 3513 1338 3579 bibliothecis

77 3622 255 3710 cingereris
277 3626 470 3710 scriptorum
492 3625 718 3692 seruatricibus
741 3625 793 3690 uel
815 3625 980 3690 Parisinae
1002 3624 1054 3689 uel
1076 3624 1263 3690 Monacensi
1285 3626 1335 3690 uel

78 3729 186 3800 tridensi
208 3738 262 3802 uel
286 3737 418 3803 cuilibet
445 3736 501 3802 alii
527 3740 695 3822 praesunt,
725 3737 753 3801 si
775 3736 859 3801 forte
884 3735 992 3800 eadem
1015 3735 1067 3799 uel
1089 3733 1141 3800 his
1163 3734 1281 3802 similis
1302 3737 1335 3802 in

78 3845 118 3908 sis
130 3869 247 3932 quoque
263 3847 426 3914 codicibus
441 3847 580 3912 inueniri
595 3847 741 3931 uideant,
765 3849 911 3931 ereptum
925 3846 986 3912 sibi
1001 3868 1121 3911 nomen
1135 3845 1213 3930 ipsis
1228 3846 1336 3930 potius

77 3951 181 4024 thium
202 3961 387 4044 querantur,
426 3956 503 4034 Quis
525 3958 612 4022 enim
628 3955 771 4023 Crameri
793 3957 949 4022 anecdota
964 3955 1161 4022 Oxoniensia
1182 3957 1234 4021 uel
1248 3955 1336 4022 Pari-

77 4063 120 4128 s'ra
137 4067 350 4134 Parisinornm
376 4045 600 4133 lanbrmmodo
628 4069 680 4133 uel
703 4067 935 4134 Oxoniensium
961 4067 1118 4132 librorum
1145 4067 1335 4133 auctoritate

76 4188 94 4234 *t
112 4175 252 4244 beneficio
282 4179 322 4244 ad
350 4183 493 4244 nostram
521 4182 659 4244 aetatem
685 4180 870 4263 peruenisse
898 4177 1095 4244 contendat?
1135 4176 1335 4262 Quamquam

76 4286 267 4364 anecdotorum
283 4287 524 4356 Heluetioorum
547 4310 667 4354 nomen
690 4290 732 4356 ob
753 4290 837 4356 hano
859 4289 997 4356 maxime
1019 4311 1146 4355 causam
1169 4288 1334 4374 amplexus

77 4416 132 4478 un,
156 4401 320 4483 quoniam,
349 4423 420 4466 curn
448 4421 489 4464 ne
517 4421 583 4464 una
610 4400 739 4484 quidem
765 4402 886 4487 pagina
905 4400 1149 4466 Heluetioorum
1177 4399 1334 4465 librorum

77 4510 225 4576 autoritate
253 4515 376 4594 careat,
405 4514 474 4576 tum
502 4511 600 4595 longe
628 4511 768 4576 maxima
793 4511 868 4576 libri
895 4534 985 4597 pars,
1014 4515 1172 4596 quatenus
1193 4511 1333 4596 peregri-

77 4635 157 4684 norum
169 4645 187 4685 a
200 4621 279 4687 uiris
300 4622 400 4688 doctis
422 4625 743 4688 commemoratomm
765 4623 883 4688 notitia
903 4622 984 4688 mihi
1006 4621 1150 4706 patebat,
1172 4643 1192 4686 a
1212 4622 1332 4689 nostris

78 4725 320 4817 obrependi
352 4737 407 4798 est.
461 4732 564 4798 Immo
597 4733 633 4797 in
666 4755 704 4800 eo
736 4734 844 4819 potius
876 4731 1105 4825 reprehendar,
1143 4733 1229 4817 quod
1264 4755 1331 4798 non
