3378 5604
312 346 371 412 124
829 348 898 402 Atta
916 349 1094 404 ANONYMA

393 539 467 600 item
495 541 527 599 in
556 541 597 599 im
627 556 718 598 unum
741 545 878 600 neutrum
902 539 1057 618 proprium
1081 556 1188 600 nomen
1213 540 1271 599 uici
1293 541 1454 608 inuenitur,
1477 546 1510 599 ut
1533 540 1610 601 Cim.

392 641 473 702 llaec
493 648 590 701 autern
614 643 750 709 nomina,
775 656 850 718 quae
873 640 1001 702 diximus
1022 639 1258 710 indeclinabilia,
1288 649 1321 702 ut
1350 641 1426 717 lrugi
1454 641 1543 702 nihili
1568 643 1612 702 las

306 742 390 805 nelos
412 761 507 822 nugas
529 759 655 820 nequam
679 740 785 803 Suthul
807 740 920 803 Muthul
944 741 1046 820 Bogud
1070 741 1194 821 Pudpud
1219 742 1313 821 Nepet
1335 751 1366 802 et
1387 745 1444 819 git,
1473 745 1539 804 siue
1565 762 1609 812 ea,
1675 771 1676 788 κ

307 863 382 925 quae
405 843 568 906 secuudum
592 841 723 922 regulam
748 845 917 943 nominum,
941 851 974 904 ut
996 843 1075 906 aliud
1098 843 1167 924 quid
1192 843 1301 924 aliquid
1323 845 1420 924 siquid
1443 846 1557 926 nequid
1582 853 1611 905 et

307 945 362 1007 alia
385 945 491 1007 similia
514 946 633 1007 nomina
655 945 786 1016 mobilia,
812 953 844 1006 ut
866 947 932 1023 quis
955 963 1031 1007 unus
1053 945 1131 1007 ullus
1154 953 1183 1006 et
1205 953 1315 1014 cetera,
1340 962 1415 1023 quac
1437 947 1631 1022 secundumn
1675 941 1676 1004 l

306 1046 530 1110 similitudinem
553 1049 763 1127 pronominum
786 1046 984 1117 declinantur,
1008 1055 1054 1108 set
1074 1055 1172 1107 tamen
1197 1049 1314 1108 nomina
1337 1055 1415 1116 sunt,
1439 1049 1509 1110 ideo
1526 1049 1608 1110 etad

306 1149 425 1211 tertiam
449 1147 675 1210 declinationem
697 1153 850 1226 pertinere
878 1148 1026 1219 dicuntur,
1057 1151 1125 1230 quia
1149 1150 1245 1209 omnia
1270 1149 1404 1218 numina,
1433 1151 1499 1211 siue
1522 1150 1608 1210 iude·

307 1249 472 1321 clinabilia,
507 1252 571 1313 siue
601 1269 678 1331 quae
711 1250 872 1312 secundum
907 1250 1069 1328 analogiam
1099 1261 1129 1312 et
1158 1252 1289 1331 regulam
1319 1272 1379 1314 non
1407 1250 1607 1319 declinantur,
1675 1241 1676 1296 ἶ

308 1354 413 1414 tertiae
436 1351 641 1414 declinationis
663 1361 745 1443 sunt,
776 1354 853 1414 sicut
876 1355 957 1414 etin
980 1351 1075 1414 uerbo
1103 1356 1199 1414 omnia
1230 1355 1364 1416 anomala
1387 1355 1436 1416 uel
1458 1353 1607 1415 delactiua

308 1453 416 1542 uerba,
439 1472 516 1535 quae
539 1453 649 1516 nullius
672 1456 888 1534 coniugationis
909 1462 992 1526 sunt,
1025 1457 1369 1536 tertiaecouiugationis
1391 1458 1476 1518 fiunt.
1521 1455 1608 1516 Scire
1621 1472 1640 1508 u

306 1564 405 1617 autem
429 1555 589 1626 debemus,
619 1559 739 1619 nomina
763 1557 931 1618 communia
954 1557 1079 1618 duorum
1105 1557 1151 1619 uel
1175 1560 1266 1620 trium
1289 1575 1432 1635 generum
1454 1561 1485 1618 in
1509 1561 1607 1620 uomi-

307 1657 396 1720 nibus
422 1659 528 1718 tertiae
557 1656 767 1720 declinationis
795 1660 923 1720 maxime
950 1661 1078 1720 inueniri
1106 1661 1136 1720 in
1160 1659 1259 1721 multis
1281 1659 1387 1743 termill
1405 1661 1425 1720 l.
1444 1656 1520 1720 109·
1539 1659 1606 1742 *lna—
1675 1611 1676 1706 l

306 1760 450 1830 tionibus;
475 1757 598 1821 mobilia
622 1777 694 1821 uero
717 1760 837 1820 nomina
859 1763 967 1821 tertiae
989 1759 1195 1823 declinationis
1215 1765 1246 1824 in
1269 1765 1371 1843 paucis
1385 1763 1605 1823 terminationi-
1675 1739 1676 1802 l

305 1862 361 1924 bus
383 1864 588 1930 inueniuntur,
611 1862 688 1923 sicut
710 1863 740 1922 in
763 1861 823 1931 bis,
847 1880 922 1942 quae
945 1867 976 1925 iu
998 1880 1033 1924 er
1054 1865 1267 1934 terminantur,
1292 1873 1324 1928 ut
1345 1863 1394 1924 hic
1416 1863 1555 1924 siluester
1578 1872 1606 1924 et
1675 1889 1676 1950 p

305 1963 379 2025 baec
402 1963 549 2026 siluestris
572 1971 601 2023 et
623 1962 680 2024 hoc
703 1962 856 2031 siluestre;
887 1965 957 2024 item
987 1963 1036 2024 bic
1062 1976 1230 2045 campester
1251 1965 1326 2028 baec
1348 1967 1524 2045 campestris
1548 1965 1638 2026 boos
1675 1975 1676 1996 ¹

305 2074 486 2147 campestre;
516 2073 545 2124 et
566 2066 596 2126 in
620 2063 665 2124 his
695 2064 880 2136 nominibus,
909 2084 983 2145 quae
1012 2067 1041 2126 in
1071 2069 1097 2127 is
1126 2069 1363 2130 terminationem
1393 2068 1603 2132 terminantur,

305 2177 337 2228 nt
359 2168 407 2227 bic
430 2175 459 2228 ct
480 2166 555 2227 baec
583 2165 727 2227 mirabilis
749 2175 779 2226 et
801 2166 857 2228 hoc
886 2166 1037 2236 mirabile.
1066 2167 1115 2230 hic
1144 2179 1174 2231 et
1202 2169 1276 2230 baec
1303 2167 1460 2230 laudabilis
1489 2178 1519 2231 et
1548 2169 1604 2228 hoo
1675 2159 1676 2164 ’

303 2269 467 2339 laudabile,
491 2268 540 2328 hic
561 2277 591 2328 et
612 2267 687 2329 haec
708 2268 809 2360 suauis
831 2276 861 2330 et
883 2267 940 2329 boc
961 2288 1053 2330 suane
1077 2279 1106 2330 et
1128 2279 1226 2332 cetera
1250 2270 1340 2333 multa
1363 2278 1442 2331 sunt.
1463 2303 1508 2314 —-
1529 2269 1602 2330 item

304 2371 440 2439 nomina,
464 2387 539 2447 quae
563 2387 618 2432 nec
639 2370 669 2429 in
692 2377 787 2431 totum
810 2369 864 2430 lixa
889 2372 996 2432 necin
1020 2378 1112 2432 totum
1137 2371 1255 2436 mobilia
1273 2380 1357 2450 sunt,
1381 2379 1481 2433 utres
1497 2372 1601 2450 regina
1675 2409 1676 2444 ᾗ

303 2473 352 2532 leo
380 2472 484 2533 leaena
511 2469 579 2532 leno
607 2469 673 2532 lena
702 2471 791 2534 draco
820 2470 964 2535 dracaena
987 2491 1081 2554 caupo
1104 2493 1247 2555 caupona.
1291 2475 1324 2535 ln
1348 2472 1477 2536 secunda
1500 2482 1636 2534 autema»

304 2572 501 2634 declinatione
530 2572 620 2634 multa
649 2574 767 2634 nomina
795 2573 913 2635 mobilia
938 2577 1131 2637 inueniuntur
1154 2579 1184 2638 in
1207 2578 1262 2637 tria
1285 2594 1393 2654 genera
1417 2578 1448 2638 in
1471 2575 1518 2636 bis
1541 2584 1602 2636 ter·

305 2674 531 2745 minationibus,
556 2676 586 2736 in
609 2694 642 2737 er
664 2675 693 2735 in
709 2693 746 2736 nr
762 2675 791 2736 in
808 2694 844 2736 us
858 2677 889 2736 iu
905 2694 968 2747 otte,
993 2677 1197 2740 desinentibus
1219 2677 1406 2745 nominibus;
1430 2681 1601 2739 communia

303 2784 401 2838 autem
430 2794 539 2856 pauca,
568 2783 600 2838 ut
627 2795 722 2856 penus
746 2788 774 2838 et
797 2795 913 2857 specus.
957 2779 995 2840 Et
1015 2787 1084 2840 sunt
1106 2781 1239 2853 nomina,
1270 2797 1346 2858 quae
1375 2783 1484 2840 necin
1508 2787 1601 2840 totum

302 2880 358 2940 lixa
382 2896 438 2941 uec
460 2880 490 2938 in
513 2885 606 2940 totum
630 2877 767 2950 mobilia,
793 2887 825 2939 ut
846 2878 941 2957 gallus
963 2879 1071 2959 gallina
1095 2880 1172 2942 ottus
1194 2881 1251 2943 lilia
1276 2884 1323 2943 uir
1346 2882 1409 2942 uira
1430 2889 1519 2944 natus
1533 2891 1601 2942 nata

303 2979 375 3041 deus
404 2979 457 3041 dea
487 2999 580 3060 equus
607 2997 683 3058 equa
711 2980 807 3042 mulus
836 2981 915 3042 mula
945 3001 1033 3044 ursus
1061 3002 1128 3044 ursa
1157 2982 1285 3044 lamulus
1314 2981 1432 3045 lamule.
1456 3015 1499 3029 -
1527 2984 1634 3045 ttems

302 3084 393 3150 scias,
424 3083 541 3143 nomina
570 3083 674 3143 tertiae
703 3082 907 3146 declinationis
930 3103 964 3145 ex
989 3103 1020 3145 se
1043 3084 1183 3146 aduerbia
1212 3087 1338 3145 maxime
1367 3087 1397 3145 in
1421 3094 1467 3146 ter
1490 3087 1600 3154 lacere,

301 3203 378 3264 qtrae
401 3183 541 3245 aduerbia
565 3183 732 3246 dirluantur
754 3203 770 3244 a
793 3184 892 3246 datiuo
915 3186 1069 3265 singulari.
1101 3195 1132 3249 ut
1154 3196 1199 3246 est
1220 3186 1290 3247 ielix
1314 3184 1406 3247 lelicis
1434 3185 1514 3247 felici
1538 3186 1599 3247 leli-

302 3288 386 3356 citer,
409 3287 481 3346 item
505 3287 653 3347 constanti
682 3294 852 3348 constanter
881 3287 950 3348 lorti
978 3288 1097 3350 fortiter
1118 3276 1238 3368 proca'ci
1260 3290 1426 3368 procaciter
1448 3299 1479 3348 et
1502 3297 1599 3349 cetera
1675 3325 1676 3334 ÷

301 3386 542 3450 innumerabilia.
587 3387 739 3468 Excipitur
767 3389 877 3456 omnis,
907 3389 985 3469 quod
1014 3387 1188 3451 aduarbium
1218 3408 1277 3451 non
1299 3391 1330 3450 in
1354 3407 1386 3450 er
1414 3390 1519 3458 mittit,
1549 3389 1598 3450 sed

301 3492 331 3550 in
356 3509 388 3558 o;
414 3490 483 3550 lacit
505 3490 582 3550 enirn
607 3491 745 3559 omnino,
770 3499 829 3550 non
852 3492 989 3552 ontniter.
1076 3505 1078 3510 ·
1186 3471 1191 3480 ’
1612 3507 1632 3546 u

387 3625 515 3698 Quartae
538 3624 743 3687 declinationis
766 3642 842 3703 quae
866 3637 911 3687 est
932 3629 1060 3705 agnitio?
1104 3627 1184 3688 ilaec
1207 3635 1266 3688 est:
1290 3629 1375 3689 cuius
1398 3629 1600 3690 nominatiuus
1675 3629 1676 3632 ’

301 3726 459 3804 singularis
482 3726 556 3787 duas
578 3730 804 3790 terminationes
827 3728 929 3799 babet,
960 3728 1016 3789 boc
1039 3737 1084 3790 est
1105 3749 1141 3792 us
1164 3736 1192 3790 ct
1215 3747 1244 3790 u.
1288 3729 1320 3790 ln
1345 3747 1379 3789 us
1401 3729 1524 3791 breuem
1550 3731 1599 3790 de-

301 3831 373 3889 sinit
395 3829 604 3898 nominatiuus
627 3837 661 3889 ut
682 3829 789 3890 lluctus
812 3849 920 3892 currus
941 3840 1045 3910 portus
1068 3850 1186 3900 manus;
1211 3833 1366 3909 genetibus
1388 3839 1486 3892 autem
1510 3849 1599 3910 quar·
1675 3849 1676 3912 t

302 3940 348 3993 tae
372 3929 578 3991 declinationis
600 3932 629 3991 in
653 3949 687 3992 us
709 3932 884 4011 productam
908 3935 1093 4002 terminatur,
1118 3945 1149 3995 ut
1170 3932 1259 3993 buius
1281 3935 1403 3998 linctum
1427 3933 1548 3994 datiuus
1570 3935 1598 3992 in
1675 3949 1676 3988 t

302 4035 346 4102 ui,
372 4039 404 4093 ut
425 4031 495 4093 huic
517 4030 635 4103 lluctui;
665 4035 850 4096 accusatiuus
877 4035 908 4094 in
938 4053 986 4096 um
1011 4042 1057 4096 est
1079 4043 1262 4114 correptam,
1293 4045 1326 4096 ut
1354 4034 1433 4095 buno
1460 4034 1631 4104 lluctumts
1675 4033 1676 4088 ἶ

301 4135 458 4197 uocatiuus
485 4135 517 4194 in
543 4153 578 4196 us
606 4134 745 4205 breuem,
780 4139 859 4197 sicut
888 4146 916 4197 et
945 4137 1158 4205 nominatiuus,
1189 4145 1221 4198 ut
1248 4153 1266 4195 o
1294 4137 1416 4206 fluctus:
1451 4135 1598 4198 ablatiuus

300 4234 458 4315 singularis
480 4237 511 4296 iu
534 4255 553 4296 u
576 4234 694 4314 longam
717 4239 902 4307 terminatur,
932 4246 964 4298 ut
986 4237 1022 4298 ab
1046 4237 1101 4299 boc
1123 4239 1224 4300 linctu.
1269 4239 1475 4301 Nominatiuus
1497 4249 1528 4300 et
1549 4257 1596 4300 ae·

300 4341 449 4402 cusatiuus
472 4345 502 4400 et
522 4339 677 4400 uocatiuus
699 4337 823 4417 pluralis
845 4341 877 4402 in
900 4358 934 4401 us
955 4339 1132 4421 productam
1155 4339 1308 4410 desinunt,
1332 4350 1365 4402 ut
1387 4341 1416 4402 hi
1437 4341 1547 4404 fluctus
1571 4349 1598 4402 et

368 4554 541 4624 turstinus]
561 4560 595 4622 cf.
615 4559 909 4624 Pruc.1p.215,13
978 4557 1108 4629 snoges]
1127 4562 1160 4625 os.
1178 4561 1298 4612 eruar
1316 4579 1343 4627 p.
1364 4565 1422 4626 155,
1440 4565 1485 4613 aa.
1505 4566 1597 4624 asar
1675 4549 1676 4576 ¹

299 4629 465 4678 inominata
482 4640 543 4678 sunt
619 4627 846 4678 tuaettnanonem
865 4628 1011 4680 redicumur
1081 4632 1113 4680 tt
1130 4646 1180 4692 que
1197 4631 1364 4680 terminantur
1438 4633 1469 4681 ic
1488 4647 1555 4694 qtrne
1573 4633 1595 4680 in

300 4697 340 4746 itis
411 4698 442 4746 l'l
460 4707 485 4746 et
502 4695 564 4746 baec
581 4696 696 4746 ntirabile
747 4696 879 4747 tardabitis
942 4696 1107 4748 antestans
1159 4699 1269 4748 dracena
1320 4713 1422 4764 ooupuu
1440 4700 1465 4748 iu
1485 4700 1596 4750 secrrndn

300 4764 448 4813 attonsa
516 4765 550 4813 25
567 4779 650 4830 pqttus
667 4779 735 4830 putre
804 4765 837 4815 26
855 4766 976 4816 aduerbio
1037 4766 1185 4818 interlucere
1270 4767 1303 4820 at
1321 4783 1336 4816 a
1353 4765 1452 4831 datiuo]
1470 4767 1596 4818 ablatiuus

367 4830 433 4880 ielioi
451 4829 518 4880 lelici
535 4831 642 4882 ieliciter
710 4834 743 4883 29
762 4835 830 4882 omni
899 4835 931 4885 31
950 4845 1039 4896 quarte
1090 4834 1138 4884 hoc
1156 4843 1195 4884 est
1262 4837 1295 4886 33
1311 4845 1400 4898 quarte
