3560 5574
373 371 437 439 260
764 369 1000 428 contueantur
1017 369 1260 426 amanuenses

272 569 494 635 tesmonium.
527 563 655 626 uidetur.
700 561 765 624 Vbi
794 559 969 624 adnerbium
994 573 1039 625 est
1061 561 1118 624 loei
1139 563 1395 641 iuterrogatiuum.
1440 561 1489 622 En
1521 570 1556 623 et
1582 579 1657 621 ecce

372 668 542 730 aecusatiuo
563 667 735 744 iunguntur,
759 673 790 727 ut
813 666 864 725 ‘eo
886 663 1053 742 Virgilium’
1077 671 1159 727 ‘ecee
1174 664 1380 726 Priscianum.’
1417 662 1459 722 Vt
1481 664 1659 743 priruitiuum

372 771 432 838 est,
455 767 525 830 inde
548 769 615 828 ‘nti'
631 767 786 836 diriuatur‚
810 776 839 827 et
861 775 932 828 sunt
952 767 1092 842 adnerbia
1114 767 1327 832 similitudinis.
1350 766 1426 828 adde
1449 783 1529 835 nam,
1554 765 1660 826 iit‘uii·

272 887 322 936 aaa,
336 890 359 927 n
374 872 471 932 nam':
495 873 554 932 iam
571 868 746 931 adnerbium
762 876 808 930 est
822 869 952 949 optandi.
983 869 1226 941 Quamobrem
1250 869 1444 950 compositum
1461 877 1562 928 estex
1577 866 1661 926 tribus

377 981 407 1034 et
429 973 538 1035 dieitur
559 971 778 1052 ‘quamobrem'
802 973 884 1050 quasi
908 970 964 1032 ‘ob
986 990 1073 1052 quam
1095 975 1193 1032 rem’:
1225 989 1292 1032 narn
1315 971 1498 1050 praepositio
1520 970 1662 1048 praeponi
1673 981 1680 1012 ἰ

271 1091 320 1140 aso,
335 1093 359 1133 na
374 1074 472 1136 debet.
495 1107 539 1119 -
560 1073 674 1135 Paruus
704 1091 795 1152 parua
823 1091 963 1153 paruum,
997 1073 1066 1134 inde
1097 1091 1226 1152 parum
1256 1071 1440 1134 adnerbium.
1492 1071 1661 1132 Forsitan

372 1177 468 1258 pluet;
492 1178 657 1237 iortasse
679 1177 780 1236 ueniet
801 1175 917 1256 hospes.
962 1175 1195 1244 Pomonalis,
1220 1175 1347 1254 eoquod
1364 1191 1521 1252 personam
1547 1173 1663 1233 demon-

373 1287 477 1340 strant.
527 1278 666 1340 Mecum
695 1276 855 1339 diriuatum
892 1288 936 1341 est
967 1297 982 1338 a
1012 1279 1106 1358 prima
1143 1295 1288 1354 persona:
1325 1287 1446 1338 tecum
1474 1294 1490 1334 a
1522 1272 1663 1334 secunda:

372 1379 566 1442 nobiscum
589 1379 725 1440 similiter
746 1381 887 1460 aprima:
911 1379 1104 1442 uobiscum
1127 1377 1298 1440 aseeunda.
1343 1378 1544 1440 Nobiscum
1570 1395 1663 1438 recor-

372 1483 480 1544 dantur
502 1483 565 1552 isli;
596 1481 789 1543 uobiscum
812 1479 863 1542 illi.
886 1515 928 1527 -
950 1480 1095 1544 ‘Orsum’
1119 1480 1244 1542 dicimus
1265 1482 1295 1542 in
1318 1489 1448 1560 partem:
1472 1478 1547 1540 inde
1570 1490 1692 1539 seor-n

374 1603 450 1646 sum
472 1585 492 1644 i·
515 1585 690 1664 separatim:
723 1587 872 1645 ‘seorsum
899 1585 958 1644 uiri
985 1584 1016 1642 in
1039 1583 1165 1644 ecelesia
1189 1590 1268 1643 stent
1292 1589 1321 1642 et
1343 1599 1477 1642 seorsum
1500 1581 1664 1643 mulieres?

271 1705 320 1754 see,
335 1705 359 1744 u
373 1685 527 1748 iurandi
549 1684 692 1748 adnerbie
714 1693 799 1755 suut,
822 1687 901 1747 sicut
922 1702 977 1744 nos
998 1685 1125 1746 dicimus
1148 1686 1220 1763 ‘per
1242 1684 1330 1744 deum
1339 1687 1359 1758 ’,
1388 1684 1427 1744 ita
1450 1685 1568 1764 antiqui
1592 1685 1664 1742 iura·

372 1789 443 1850 bant
465 1786 624 1867 ‘aedepol'
654 1789 679 1848 i·
707 1806 763 1868 per
787 1787 889 1848 aedem
919 1786 1057 1848 Pollucis.
1102 1785 1233 1847 ‘Aedes’
1268 1785 1375 1846 dieitur·
1408 1785 1571 1864 tempium,
1602 1784 1665 1844 iude

372 1888 503 1952 ‘aedilis’
526 1897 627 1952 eustos
649 1888 759 1970 templi.
798 1889 972 1950 Castori·
995 1906 1050 1967 per
1072 1887 1174 1950 aedem
1198 1887 1328 1950 Castoris
1355 1905 1430 1966 quos
1453 1886 1596 1948 colebant
1616 1903 1665 1966 pro

371 1991 439 2052 diis.
483 1989 586 2052 Pollux
616 2000 646 2053 et
674 1991 777 2052 Castor
804 1989 864 2052 duo
894 1989 1003 2052 iratres
1029 1990 1151 2052 luerunt
1177 1990 1228 2050 lilii
1258 1990 1337 2051 lonis
1364 1998 1395 2050 et
1420 1989 1519 2052 Ledae
1551 1989 1693 2050 manian·

372 2093 506 2154 ilerole
529 2094 550 2152 i·
574 2109 629 2170 per
650 2091 819 2154 Herculem.
856 2089 999 2154 Hercules
1022 2093 1077 2154 luit
1098 2093 1279 2153 fortissimus
1301 2091 1375 2153 deus
1395 2090 1515 2153 illorum
1532 2099 1565 2152 et
1586 2092 1665 2170 quasi

372 2194 486 2256 medius
508 2193 608 2264 lidius,
632 2196 652 2254 i·
676 2194 752 2256 illius
774 2194 863 2255 louis.
900 2187 984 2266 Διός
1011 2197 1123 2257 Graece
1145 2194 1223 2254 louis
1245 2193 1348 2254 Latine
1369 2192 1488 2262 dieitur,
1512 2193 1563 2254 uel
1585 2191 1664 2270 quasi

371 2295 488 2358 medius
511 2295 598 2357 lidius
620 2297 640 2354 i·
662 2287 804 2376 ἡμίθεος
830 2296 934 2357 Latine
962 2295 1124 2358 semideus:
1152 2288 1216 2377 ἠμί
1235 2297 1313 2356 enim
1336 2294 1446 2356 dieitur
1468 2295 1561 2363 semi.
1584 2288 1663 2362 θεός

371 2397 452 2458 deus.
498 2396 569 2459 lude
597 2397 747 2458 semideus
773 2399 851 2458 inter
874 2397 961 2458 deum
985 2405 1016 2458 et
1036 2398 1201 2467 hominem,
1230 2405 1372 2478 exparte
1394 2401 1499 2458 matris
1521 2396 1663 2460 mortalis,

371 2518 406 2560 ex
435 2507 519 2579 parte
547 2501 640 2579 patris
668 2496 843 2560 immortalis
871 2508 948 2570 erat;
982 2498 1103 2560 'lidius’
1126 2517 1181 2580 pro
1204 2497 1330 2560 ‘filins’:
1361 2497 1379 2558 d
1401 2516 1457 2578 pro
1480 2497 1489 2557 l
1512 2497 1662 2580 ponebant
1673 2517 1693 2550 n

269 2623 317 2672 seo,
332 2624 356 2663 na
371 2601 494 2680 antiqui,
508 2602 584 2662 sieut
600 2600 715 2663 ‘sedda'
732 2619 787 2681 pro
802 2601 907 2663 ‘sella'.
930 2601 978 2663 Ne
993 2602 1093 2670 laeias,
1108 2617 1144 2662 ne
1160 2598 1279 2662 uideas:
1304 2609 1348 2662 est
1362 2609 1392 2661 et
1406 2600 1663 2680 interrogatiuum.

370 2711 403 2764 ut
425 2703 619 2764 ‘dixistinei'
649 2705 770 2784 ponitur
793 2710 823 2764 et
843 2721 899 2783 pro
921 2705 967 2764 ‘ut
988 2705 1071 2773 non’,
1095 2712 1127 2763 ut
1150 2702 1244 2764 ‘bene
1267 2701 1346 2782 lege,
1371 2721 1409 2763 ne
1430 2703 1472 2763 sis
1494 2701 1622 2763 stadius’
1644 2700 1661 2757 i·

268 2829 318 2878 aaa,
333 2829 356 2868 nr
371 2812 405 2866 ut
426 2821 485 2866 non
507 2805 557 2866 sis.
596 2803 678 2866 'iam
701 2805 929 2886 inaequalitate
951 2807 1080 2885 ponitur,
1105 2813 1136 2866 ut
1159 2809 1232 2866 ‘mm
1255 2805 1323 2865 uolo
1344 2804 1454 2882 legere,
1477 2821 1569 2884 quam
1592 2804 1662 2862 seri·

269 2906 465 2978 aae,1⁸bere’,
487 2909 509 2967 i·
532 2915 693 2987 utrumque
714 2903 832 2990 1118811
855 2907 932 2968 uolo.
978 2905 1043 2970 Vbi
1071 2907 1217 2967 inlinitum
1247 2915 1292 2968 est
1313 2905 1488 2967 adnerbium
1513 2913 1543 2966 et
1565 2905 1660 2965 locum

370 3010 505 3089 requirit.
543 3007 693 3081 Quando
716 3007 890 3070 adnerbium
914 3011 1058 3088 temporis
1081 3017 1125 3068 est
1146 3010 1307 3078 infinitum,
1332 3027 1391 3070 non
1407 3007 1511 3068 delinit
1532 3017 1691 3086 tempusa

371 3122 403 3171 ut
425 3109 556 3199 {quaudo
579 3113 681 3172 inaniat
702 3109 781 3170 illei'
799 3081 867 3171 lid
891 3109 963 3179 hoe,
987 3111 1064 3192 quod
1087 3110 1196 3173 dieitur
1218 3109 1315 3179 ‘ubi’‚
1346 3109 1591 3190 respondendum
1620 3113 1661 3166 est

269 3210 457 3286 aso,1e‘bie’,
481 3211 568 3272 etad
593 3211 663 3282 boo,
694 3212 772 3292 quod
796 3211 904 3272 dieitur
927 3211 1092 3292 ‘quando’,
1115 3212 1353 3293 respondendum
1377 3221 1423 3273 est
1444 3211 1579 3274 ‘modo’.
1623 3208 1660 3268 ln

370 3313 437 3374 boo
460 3313 557 3382 loeo,
581 3313 700 3393 quando
722 3312 1091 3394 stabilitatem'sigrnifleat,
1115 3321 1147 3374 ut
1162 3315 1253 3376 ‘intus
1268 3317 1345 3376 sum’
1368 3313 1568 3375 ‘lorissense
1593 3328 1659 3372 eece

269 3439 317 3490 aas,
331 3413 569 3481 instabilitatem.
606 3415 654 3478 Ad
677 3415 815 3486 locum,
839 3415 957 3496 quando
980 3419 1141 3477 motionem
1165 3417 1325 3495 significat,
1350 3425 1382 3477 ut
1398 3416 1490 3476 ‘intro
1505 3419 1555 3476 eo'
1573 3415 1659 3474 ‘lonas

336 3549 340 3556 -
370 3522 433 3580 eo’:
458 3535 528 3579 eece
550 3519 722 3579 motionem.
767 3516 873 3580 ‘lutus’
897 3526 926 3580 et
948 3517 1045 3580 ‘loris’
1066 3519 1147 3580 idem
1169 3519 1329 3597 significan
1354 3519 1466 3579 ‘intro’
1489 3525 1520 3578 et
1540 3515 1657 3578 ‘iores’
1671 3531 1690 3568 n

252 3643 358 3694 ananam
372 3617 507 3682 similiter
528 3618 608 3680 idem
630 3627 683 3681 est.
729 3617 854 3689 Quidam
877 3620 1008 3682 adiciunt
1029 3619 1066 3682 de
1088 3619 1153 3681 loeo
1176 3622 1305 3700 speeiem
1333 3621 1465 3690 tertiam,
1494 3618 1548 3679 sed
1580 3615 1658 3696 quasi

369 3724 400 3784 in
419 3721 494 3794 loeo,
518 3721 654 3802 eoquod
682 3739 770 3783 unam
792 3719 988 3784 litteraturam
1011 3721 1123 3784 habent
1145 3739 1188 3789 ea.
1212 3739 1288 3800 quae
1310 3725 1342 3784 in
1364 3720 1430 3784 loeo
1452 3728 1531 3790 suut,
1554 3731 1586 3782 et
1607 3721 1658 3778 ista

370 3824 407 3886 de
428 3823 510 3896 loeo,
534 3831 564 3884 ut
587 3826 679 3885 ‘intus
701 3827 788 3885 exeo’
811 3824 896 3885 ‘ioris
917 3825 1035 3886 uenio’:
1060 3841 1130 3885 eece
1152 3823 1189 3884 de
1211 3822 1286 3884 loeo.
1330 3823 1389 3884 Per
1410 3811 1507 3885 luerim
1531 3822 1658 3884 adiciunt

268 3953 317 4002 seo,
331 3953 357 3992 se
371 3936 506 4004 quartam
528 3926 676 4006 speeiem.
698 3932 732 3987 ut
753 3924 828 3987 ‘hae
849 3924 916 3986 illae
939 3943 1032 4006 pergo
1041 3932 1059 3997 ’,
1082 3927 1179 4006 iper
1201 3944 1318 3988 omnem
1341 3933 1467 4004 partem.
1505 3924 1604 3986 Heus
1626 3927 1659 3982 et
1716 3965 1717 3980 .

369 4027 440 4090 ben
462 4025 596 4090 absolute
618 4035 748 4088 manent.
1667 4031 1687 4069 ⁵⁵

243 4156 357 4205 erasnm
453 4127 603 4192 Aduerbio
625 4145 742 4209 quoque
771 4129 879 4191 accidit
906 4130 1101 4209 comparatio,
1132 4131 1207 4192 sieut
1230 4139 1259 4192 et
1281 4132 1401 4192 nomini.
1446 4129 1517 4197 ldeo
1541 4129 1585 4190 bis
1608 4125 1654 4186 ad·
1716 4189 1717 4194 ,

369 4231 496 4304 uerbiis,
519 4248 594 4312 quae
617 4248 675 4292 non
700 4229 809 4292 babent
830 4250 935 4294 omues
957 4233 1081 4312 gradus.
1106 4233 1312 4312 coniungimns
1329 4233 1446 4312 ‘magis'
1462 4240 1491 4293 et
1507 4228 1653 4292 ‘inanime’
1716 4195 1717 4280 l

415 4437 424 4460 κ
439 4472 452 4520 1
472 4463 526 4536 ubi]
546 4469 731 4520 Commentariun
747 4471 774 4518 in
791 4484 837 4521 auo
854 4471 941 4520 codice
959 4471 1010 4520 ‘bie
1021 4470 1073 4520 nbi’
1091 4472 1182 4536 lepino
1200 4471 1302 4522 uidetur
1318 4487 1344 4536 p.
1359 4471 1448 4531 380st
1516 4471 1533 4518 u
1551 4481 1651 4536 paruum
1716 4505 1717 4548 3

372 4539 401 4590 17
420 4538 478 4588 dinis
496 4551 571 4602 graue
641 4539 672 4588 18
690 4537 832 4587 inominbens
902 4538 968 4587 benni
1021 4538 1093 4588 tineos

437 4776 469 4824 3ss
489 4775 579 4825 Glosen
596 4774 1103 4840 eodieieBernensias.14⁸anurrp.eia.:
1123 4775 1210 4842 Longe
1228 4778 1355 4842 positinns
1373 4792 1413 4826 est
1429 4793 1444 4826 n
1463 4793 1516 4840 qun
1533 4777 1651 4827 dininntnr
1716 4763 1717 4804 ἶ

370 4839 485 4906 longule3
508 4843 615 4892 diuinum
638 4844 704 4892 enlm
729 4842 848 4908 ‘longule
865 4844 942 4892 ntnin’
966 4844 984 4897 i.
1002 4859 1101 4908 parumn.
1140 4845 1171 4894 lit
1193 4847 1323 4895 selendum
1347 4855 1398 4902 est,
1422 4848 1482 4907 qndn
1506 4847 1649 4895 ‹linuinntiua
1716 4853 1717 4880 i
