3346 5558
234 195 362 244 ccxmv
651 185 700 234 DE
718 183 904 236 sunniam
922 184 1026 235 ARTE.

314 368 352 430 In
372 370 455 443 solio
482 372 614 433 seeundo
640 372 678 430 ue
701 369 933 449 praepositione
960 375 1004 434 ito
1032 371 1148 448 opiter,
1178 381 1211 434 ut
1232 381 1261 434 et
1283 377 1315 434 in
1337 372 1424 435 initio
1445 381 1475 434 et
1499 377 1534 435 in

227 476 289 546 fine
310 476 456 534 nonnette
479 472 698 548 desiderentur,
729 472 782 549 qui
803 481 962 548 tractatus,
994 477 1066 550 puio
1087 473 1235 552 exemplis
1255 493 1296 536 ex
1322 473 1410 536 libris
1430 475 1536 538 saeris

224 579 331 651 petitu
351 583 465 653 scatet,
494 577 538 636 nd
563 575 780 638 illustrandum
808 575 978 653 Smnrupdi
1003 593 1116 638 morem
1144 580 1316 655 aptissimus
1340 577 1417 639 sutis
1444 579 1536 638 nobis

230 677 341 751 «liunus
362 676 446 740 meus
466 686 519 753 est,
543 695 628 753 quan
650 685 744 740 totum
765 681 845 756 typis
865 680 1090 740 mandaremus.

315 829 366 892 iol.
389 830 450 892 11⁸.
464 879 471 892 .
486 879 514 894 ..
542 833 622 893 mina
645 838 763 892 transeo
787 839 817 891 et
838 831 956 909 qnando
979 850 1029 893 eas
1058 830 1185 894 uerbum
1213 832 1357 913 sequitur,
1385 831 1533 893 adnerbia

229 916 313 976 tlunt.
358 917 500 978 ‘Circum’
523 918 659 995 quamuis
681 917 720 978 sit
741 917 934 996 praepositio.
964 925 1009 977 est
1036 923 1135 978 tamen
1164 925 1193 977 et
1215 934 1334 979 nomen.
1380 916 1530 979 ‘Circum'

231 1010 260 1062 et
283 1003 386 1062 ‘eirea’
411 1004 645 1083 praepositiones
666 1019 757 1062 unum
786 1001 953 1078 significant
975 1011 1005 1063 et
1027 1020 1127 1063 casnm
1151 1001 1272 1063 nabunt
1295 1019 1413 1082 semper
1435 1019 1527 1064 aecn-

230 1087 356 1148 satiuum
379 1086 436 1149 hoc
459 1087 561 1148 modo:
585 1088 720 1148 ‘circum’
745 1084 793 1148 uel
816 1086 906 1147 ‘eirca
930 1087 1013 1164 (ergo
1034 1087 1113 1167 eod.)
1137 1089 1349 1167 propinquum’
1371 1086 1418 1148 uel
1441 1091 1527 1168 ‘pro-

230 1172 358 1250 pinquos
379 1170 527 1234 humanus
549 1177 636 1232 sum’.
681 1171 792 1232 ‘Circa’
815 1179 860 1232 est
881 1173 1078 1251 praepositio;
1101 1181 1146 1233 est
1161 1181 1192 1233 et
1206 1171 1333 1234 uerbum
1349 1173 1524 1252 imperatini

229 1256 323 1327 modi,
347 1265 392 1317 est
415 1265 445 1319 et
466 1256 641 1319 adnerbium
664 1254 729 1326 loni,
752 1255 804 1316 sed
834 1256 952 1335 quando
980 1259 1159 1337 praepositio
1187 1267 1247 1326 est,
1275 1275 1377 1319 casum
1406 1275 1530 1338 semper

229 1339 319 1402 trahit
333 1344 545 1416 aecusatiuum‚
570 1340 711 1404 utillud:
736 1341 827 1403 ‘circa
851 1339 933 1402 illum
955 1359 1065 1402 corona
1088 1342 1235 1405 iratrum’.
1282 1343 1414 1404 ‘Contra’
1438 1359 1529 1420 prae·

230 1427 337 1504 positio
359 1445 478 1508 semper
498 1428 682 1508 eontrarium
705 1425 851 1504 significat
878 1434 908 1486 et
937 1443 1036 1488 casum
1060 1445 1179 1508 semper
1200 1427 1289 1488 trahit
1310 1429 1528 1498 aecusatiuum,

231 1511 435 1590 singulariter,
472 1521 504 1573 ut
530 1511 617 1574 illud:
653 1515 695 1572 ‘at
724 1530 777 1572 uos
805 1521 907 1572 contra
937 1530 985 1572 me
1014 1513 1190 1590 erigimini:
1219 1510 1387 1592 pluraliter:
1416 1511 1528 1574 ‘multo

230 1603 364 1674 tempore
386 1601 530 1677 pugnauit
551 1597 633 1660 lesus
656 1606 759 1658 contra
782 1596 883 1657 hostes
910 1598 1005 1658 istos'.
1052 1597 1166 1658 ‘Extra’
1195 1599 1389 1680 praepositio*
1403 1614 1529 1658 aecusa-

229 1681 322 1742 tiunm
347 1681 435 1743 trahit
458 1702 575 1763 semper
605 1700 723 1750 ossum.
753 1679 955 1760 singulariter:
985 1682 1028 1743 ‘et
1055 1682 1216 1744 educentes
1243 1701 1310 1743 eum
1341 1689 1424 1743 extra
1451 1683 1530 1743 ciui-

228 1773 318 1827 tatem
342 1766 539 1848 lapidabant’;
563 1767 731 1848 pluraliter:
755 1768 850 1828 ‘extra
867 1783 1032 1847 synagogas
1055 1768 1163 1829 sacient
1184 1769 1262 1828 uos’.
1307 1766 1411 1828 ‘lntra'
1433 1785 1527 1847 prae-

227 1853 339 1928 positio
362 1861 407 1912 est
430 1852 556 1914 uerbum
579 1853 748 1934 imperatiui
772 1851 852 1912 modi
875 1861 904 1912 et
926 1850 1100 1914 aduerbinm
1124 1850 1195 1923 loci,
1225 1860 1269 1912 ut:
1299 1853 1388 1914 ‘intra
1411 1851 1528 1915 sedeo'.

227 1934 351 2005 Quando
374 1945 473 1998 autern
495 1940 678 2018 praepositio
701 1946 754 2006 est,
778 1954 878 1997 casum
901 1937 991 1998 trahit
1006 1938 1206 1999 accusatiuum
1229 1935 1287 1999 hoo
1308 1937 1411 1999 modo:
1434 1939 1527 1998 ‘intra

229 2039 332 2083 muros
355 2031 385 2083 et
406 2023 483 2083 intra
514 2023 628 2084 moenia
653 2023 770 2100 (menia)
799 2021 881 2083 urbis
909 2027 1036 2084 uersor’.
1081 2023 1186 2084 ‘lnlra'
1208 2023 1388 2103 praepositio
1411 2031 1440 2085 et
1460 2023 1528 2083 sin·

226 2105 357 2183 gularem
389 2106 436 2186 (m.
460 2108 481 2169 I
507 2107 707 2187 singulariter)
738 2116 767 2168 et
796 2104 939 2184 pluralem
967 2107 1058 2168 trahit
1084 2126 1185 2168 rasum
1214 2108 1271 2168 hoo
1298 2107 1399 2169 modo:
1434 2107 1526 2170 ‘inira

226 2195 349 2253 tectum’
374 2201 403 2252 et
424 2194 512 2254 ‘inira
537 2201 611 2254 tecta
635 2197 724 2253 sum’.
775 2192 881 2252 ‘luter’
910 2191 1054 2272 pluralem
1083 2201 1197 2254 tantum
1226 2191 1316 2253 trahit
1343 2211 1458 2267 casum,
1490 2203 1528 2253 nt

225 2274 315 2338 illud:
340 2282 379 2337 ‘et
402 2279 480 2338 inter
503 2275 638 2338 lromines
660 2286 856 2338 conuersatus
879 2283 947 2348 est',
971 2279 1028 2338 nisi
1050 2277 1128 2339 torte
1150 2277 1208 2338 duo
1231 2280 1351 2338 nomina
1374 2293 1467 2358 ponas
1491 2289 1527 2339 et

225 2361 319 2422 rlioas:
349 2365 442 2422 ‘inter
469 2361 583 2424 eaelum
612 2364 685 2440 (ee-l
719 2371 749 2423 et
782 2370 892 2423 terram
926 2361 1055 2424 habito'.
1107 2363 1226 2424 ‘luxu’
1260 2369 1304 2423 est
1337 2363 1523 2442 praepositio

225 2449 425 2508 aecusatiuum
450 2465 549 2508 easum
572 2446 693 2509 trahens
716 2447 771 2508 hoc
793 2447 895 2508 modo:
920 2449 1010 2508 ‘iuxta
1033 2447 1138 2509 altare'
1162 2455 1193 2508 et
1213 2448 1306 2508 ‘iuxta
1322 2447 1424 2508 altaria
1440 2450 1522 2508 ero’.

223 2529 275 2592 Est
306 2540 336 2592 et
362 2531 535 2594 adnerbium
564 2531 622 2593 looi
650 2551 705 2612 pro
733 2535 850 2612 ‘prope’
880 2533 1020 2612 positum.
1066 2531 1135 2595 ‘Ob’
1165 2534 1346 2612 praepositio
1369 2542 1398 2593 et
1419 2533 1525 2611 singu·

224 2614 326 2677 lariter
350 2624 379 2677 et
401 2616 558 2697 pluraliter
581 2618 779 2680 aecusatiuum
804 2617 894 2678 trahit
921 2635 1020 2678 casum
1050 2618 1106 2679 hoe
1136 2616 1236 2678 modo:
1267 2617 1316 2678 ‘ob
1339 2616 1526 2679 deienslonis

223 2704 355 2763 oausam'
379 2713 408 2763 et
430 2701 480 2761 ‘ob
503 2702 684 2764 ‹leiensinnis
706 2720 809 2764 causas
833 2701 869 2763 ad
893 2701 1043 2782 publicum
1067 2705 1163 2768 exeo’.
1209 2703 1313 2764 ‘l’one’
1337 2704 1525 2782 praepositio

222 2806 316 2868 prope
338 2791 390 2864 (nn
412 2791 471 2864 lep.
496 2787 619 2867 probet)
642 2786 823 2866 intellegitur
853 2796 977 2849 accentu
1000 2795 1127 2858 mutato,
1157 2806 1193 2846 ne
1222 2786 1348 2850 uerbum
1378 2807 1443 2848 esse
1462 2790 1523 2849 im-

223 2874 350 2952 peratiui
373 2872 453 2934 modi
476 2874 669 2942 existimetur,
701 2881 730 2932 et
752 2891 851 2934 eastun
875 2872 966 2934 trahit
987 2873 1187 2934 accusatiuum
1209 2875 1266 2934 hoe
1294 2872 1395 2934 modo:
1426 2875 1520 2953 ‘pone

223 2957 365 3020 tribunal’
390 2965 418 3019 et
439 2960 530 3039 ‘pone
547 2955 702 3020 tribunalia
724 2957 839 3018 sedeo’.
879 2958 959 3018 ‘Per'
984 2959 1165 3038 praepositio
1179 2976 1299 3038 semper
1315 2959 1518 3020 accusatiuum

222 3042 313 3104 trahit
340 3061 440 3105 nasum
469 3042 673 3122 singulariter,
705 3052 749 3103 nt:
779 3046 845 3122 ‘per
873 3051 983 3104 memet
1010 3045 1107 3124 ipsum
1134 3045 1235 3104 iurans
1263 3043 1335 3104 dicit
1356 3043 1520 3112 dominus',

222 3127 393 3208 pluraliter:
423 3129 464 3188 ‘et
494 3131 656 3190 recensiuit
684 3147 735 3190 eos
763 3146 817 3207 per
845 3127 948 3188 domos
976 3136 1006 3188 et
1032 3127 1181 3190 familias’.
1227 3128 1376 3208 ‘Propter’
1401 3137 1443 3188 est
1465 3127 1523 3188 ad·

222 3213 360 3274 nerbium
389 3212 463 3282 loci,
499 3223 531 3274 ut
558 3212 644 3274 illud:
679 3214 772 3274 ‘irrata
799 3211 939 3292 angulum
969 3221 1001 3283 et,
1026 3222 1149 3292 propter
1183 3214 1261 3274 uiam
1295 3213 1400 3274 lomus
1434 3211 1520 3276 iilius

221 3298 378 3374 graditur’.
422 3298 473 3358 Est
496 3309 525 3359 et
546 3299 726 3378 praepositio
750 3300 950 3360 aecusatiuum
974 3315 1092 3376 semper
1107 3298 1229 3359 trahens
1245 3317 1344 3359 nasum
1361 3300 1521 3376 utriusque

223 3380 359 3465 (utrique)
392 3385 522 3454 numeri,
552 3394 585 3445 ut
613 3383 701 3446 illud:
732 3388 868 3463 ‘propter
897 3383 1005 3444 iratres
1033 3401 1115 3445 meos
1143 3392 1174 3444 et
1195 3384 1346 3463 proximos
1368 3400 1449 3444 meos
1472 3381 1521 3443 lo·

220 3468 334 3548 quehar
362 3486 464 3548 pacem
493 3469 530 3530 de
558 3473 609 3540 te’,
639 3471 774 3551 ‘propter
801 3467 921 3529 domum
950 3467 1060 3529 domini
1089 3468 1137 3529 del
1159 3471 1253 3530 nostri
1276 3470 1409 3548 quaesiui
1438 3467 1518 3530 bona

221 3553 295 3614 tibi’.
341 3554 537 3614 ‘Secundum'
560 3555 741 3634 praepositio
763 3571 882 3635 semper
904 3553 1108 3616 aoousatiuum
1130 3551 1220 3614 trahit
1235 3571 1336 3614 casum
1358 3555 1518 3632 utriusque

219 3641 345 3708 numeri.
370 3637 510 3699 utillud:
542 3638 717 3701 ‘secundum
740 3656 847 3699 nornen
871 3647 953 3699 tuum
976 3637 1112 3700 densita
1135 3637 1251 3700 atlans
1273 3641 1347 3708 tua'‚
1371 3647 1401 3699 et
1422 3637 1516 3698 illud:

221 3723 338 3784 ‘reddet
360 3722 435 3784 deus
458 3725 618 3803 :unicuique
640 3724 803 3785 secundum
827 3741 916 3802 opera
938 3725 1013 3788 sua.'
1057 3722 1151 3785 ‘Post’
1173 3724 1354 3804 praepositio
1377 3721 1517 3784 similiter

219 3811 374 3889 utriusque
402 3810 518 3870 numeri
547 3810 638 3871 trahit
666 3825 764 3878 nasus,
795 3808 991 3886 singularem,
1019 3817 1053 3870 ut
1079 3807 1168 3870 illud:
1199 3815 1249 3870 ‘en
1277 3811 1333 3869 iste
1361 3817 1419 3870 stat
1445 3818 1517 3888 post

219 3895 361 3974 parietem
386 3898 544 3965 nostrum,
569 3893 736 3972 pluraliter:
760 3895 838 3973 ‘post
860 3893 931 3953 deos
947 3892 1059 3954 alienos
1074 3911 1134 3956 non
1156 3891 1262 3955 ibitis!
1305 3894 1426 3956 Transit
1440 3909 1516 3953 uero

219 3979 375 4060 aliquoties
401 3980 431 4040 in
460 3978 596 4041 adnerbii
625 3979 870 4057 significationem
898 3977 954 4038 hoe
987 3977 1091 4039 modo:
1124 3980 1203 4059 ‘post
1230 3979 1348 4040 currit.'
1391 3977 1514 4038 ‘Trans'

218 4082 337 4145 semper
359 4065 559 4125 aecusatiuum
584 4082 682 4126 casum
706 4063 795 4124 trahit
822 4063 977 4141 utriusque
1005 4065 1136 4134 numeri,
1168 4063 1340 4143 singularis,
1369 4061 1513 4124 utillud:

218 4149 302 4210 'abiit
323 4150 406 4210 lesus
429 4157 511 4210 trans
535 4167 617 4210 mare
639 4147 796 4218 Galileae’;
827 4145 982 4228 pluraliter
1004 4147 1139 4210 similiter
1168 4149 1268 4211 (liuere
1290 4146 1399 4210 debes:
1429 4147 1516 4208 ‘abiit

218 4242 299 4296 trans
321 4235 424 4314 maria,
445 4241 527 4296 nans
542 4243 646 4314 portus
661 4233 796 4314 (portosl'
819 4243 849 4294 et
863 4231 979 4295 similia.
995 4230 1007 4316 ΙΙ
1024 4234 1043 4294 l.
1060 4230 1104 4294 llb
1119 4231 1131 4316 ΙΙ
1148 4234 1398 4314 Frequentissime
1413 4241 1514 4294 autern

217 4319 313 4380 uerbo
336 4319 490 4389 adhaeret,
514 4330 546 4380 ut
575 4327 727 4381 transnato
755 4327 875 4380 transeo
904 4317 1068 4380 transuolat
1095 4321 1202 4381 transit
1229 4329 1358 4381 transeo.
1403 4318 1514 4380 ‘vltra’

218 4423 285 4465 num
309 4405 490 4485 praepositio
514 4413 567 4474 est,
591 4407 790 4466 accusatinum
815 4421 934 4482 semper
956 4403 1047 4464 trahit
1068 4422 1168 4466 casum
1190 4406 1347 4484 utriusque
1376 4403 1512 4472 numeri:

216 4489 405 4566 singulariter
421 4489 519 4552 dicere
535 4488 640 4551 debes:
664 4491 752 4551 ‘ultra
768 4491 903 4559 llumen',
927 4486 1080 4568 pluraliter
1100 4488 1191 4551 ‘ultra
1206 4489 1349 4561 llumina‘,
1373 4486 1512 4550 utillud:

216 4573 304 4634 ‘ultra
328 4574 447 4635 flumina
470 4573 642 4654 Aethiopiae
665 4574 813 4654 (ethiopie)
838 4573 906 4634 imle
929 4573 1078 4653 supplices
1100 4576 1180 4636 mei'.
1219 4576 1341 4637 Ponitur
1363 4584 1460 4636 autem
1477 4585 1512 4634 et

214 4677 269 4742 pro
291 4658 433 4721 aduorbio
449 4660 576 4728 infinito:
593 4661 711 4740 ponitur
727 4668 755 4721 et
769 4678 825 4740 pro
840 4659 895 4720 loni
913 4658 1069 4731 aduerbio;
1086 4661 1206 4739 ponitur
1222 4670 1251 4722 et
1266 4679 1321 4740 pro
1338 4659 1510 4740 ‘amplius’;
