3346 5558
262 359 305 422 52
797 355 865 408 nns
884 353 1014 405 nerant

261 547 366 610 eodem
390 547 477 607 modo
502 555 635 625 ternpore
658 546 759 606 futuro
782 563 850 604 cnut
873 543 978 604 dixero
1001 550 1056 602 etc.
1094 541 1244 602 Induitiuo
1265 539 1352 600 modo
1376 539 1519 598 numeris
1544 545 1576 596 et

260 651 398 732 personis
421 659 554 728 tempore
577 648 729 728 praesenti
750 645 865 714 dicore,
890 646 1051 724 praeterito
1075 643 1194 714 dixisse,
1218 643 1317 704 futuro
1341 640 1421 701 dictu
1444 642 1497 700 ire
1523 637 1576 698 uel

261 752 373 812 dietum
390 752 445 812 ire.
482 748 667 829 lnpersonali
690 748 778 808 modo
802 755 937 827 ternpore
959 747 1110 826 praesenti
1133 745 1252 816 dicitur,
1275 744 1439 824 praeterito
1461 743 1575 820 inper-
1665 753 1666 786 f

261 855 339 914 fecto
367 851 539 920 dicebatur,
567 851 730 930 praeterito
758 851 892 930 perfecto
921 848 1032 909 dictum
1061 855 1107 908 est
1129 854 1160 907 ct
1181 845 1316 907 ulteriori
1338 843 1427 906 modo
1450 842 1575 905 dietum

262 955 330 1024 fuit,
364 953 527 1034 praeterito
556 950 848 1032 plusquamperfecto
877 949 987 1011 dictum
1015 958 1080 1010 erat
1107 958 1137 1010 et
1165 948 1306 1010 ulteriore
1334 947 1423 1008 modo
1451 947 1602 1007 dictum⁵

262 1057 376 1132 fuerat,
398 1057 498 1118 futuro
521 1054 647 1116 dicetur.
693 1053 772 1114 llaec
795 1060 865 1114 sunt
888 1051 1012 1130 gerendi
1036 1049 1082 1112 uel
1105 1053 1127 1125 †
1149 1049 1289 1130 tipicialia
1312 1048 1418 1110 uerba:
1444 1047 1575 1110 dicendi

261 1157 387 1219 dicendo
416 1155 574 1217 dicendum
601 1155 684 1217 dictu
708 1155 808 1216 dictul.
854 1155 930 1215 Sunt
952 1155 1122 1234 participia,
1151 1170 1226 1230 quae
1251 1153 1408 1213 trahuntur
1430 1169 1446 1210 a
1472 1149 1577 1210 uerbo

262 1261 359 1321 actiuo
381 1258 439 1320 duo
462 1275 604 1338 praeseus
627 1265 658 1318 et
680 1259 832 1327 futurum,
857 1273 999 1334 praesens
1022 1253 1140 1324 dicens,
1164 1255 1297 1316 futurum
1320 1252 1466 1316 dicturus.

346 1360 435 1420 Dicor
468 1358 593 1421 uerbum
622 1359 772 1438 passiuum
801 1357 964 1418 indicatiuo
992 1356 1080 1418 modo
1109 1355 1221 1417 dictum
1249 1362 1384 1436 tempore
1412 1355 1576 1435 praesenti

242 1481 385 1525 numero
412 1461 557 1539 singulari
585 1465 696 1540 figurae
724 1458 867 1539 simplicis
896 1476 1043 1540 personae
1066 1460 1178 1538 primae
1201 1458 1420 1536 coniugationis
1447 1459 1573 1525 tertiae,
1589 1465 1614 1500 ¹⁰

262 1563 340 1642 quod
369 1562 568 1624 declinabitur
595 1563 653 1624 sie:
688 1562 772 1622 dicor
800 1559 908 1622 diceris
936 1560 1046 1621 dieitur
1074 1569 1147 1632 ete,
1177 1560 1281 1622 codem
1310 1559 1399 1620 modo
1427 1569 1574 1638 tempore

261 1667 424 1747 praeterito
452 1666 620 1746 inperfecto
648 1663 771 1725 dicebar
800 1671 872 1732 ete,
903 1662 1008 1722 eodem
1038 1662 1126 1722 modo
1149 1670 1284 1741 tempore
1308 1663 1472 1740 praeterito
1497 1678 1574 1739 per·

262 1768 339 1830 fecto
368 1767 466 1828 dictus
494 1785 559 1828 sum
588 1774 646 1828 eto.
676 1775 706 1826 et
729 1765 872 1827 ulteriora
897 1764 987 1824 modo
1010 1763 1108 1826 dietus
1131 1764 1171 1826 fui
1192 1771 1252 1825 etc.
1276 1762 1349 1824 dicti
1372 1764 1497 1824 fuerunt
1522 1761 1574 1822 uel

261 1875 359 1940 fuere.
384 1869 489 1931 eodem
513 1869 601 1930 modo
623 1877 759 1947 ternpore
781 1866 945 1946 praeterito
967 1865 1260 1946 plusquamperfecto
1283 1865 1380 1926 dictus
1402 1881 1485 1924 eram
1510 1871 1572 1924 ete.

261 1980 291 2032 et
319 1971 462 2032 ulteriore
492 1970 580 2031 modo
603 1970 700 2030 dictus
723 1968 836 2028 fueram
861 1975 932 2034 ete..
962 1967 1066 2029 eodem
1090 1967 1177 2028 modo
1199 1976 1334 2046 tempore
1357 1967 1458 2028 futuro
1481 1967 1613 2026 dicar-1⁵

262 2081 330 2142 etc„
355 2075 524 2152 inperatiuo
547 2071 635 2132 modo
657 2079 792 2150 tempore
815 2071 966 2148 praesenti
990 2069 1026 2130 ad
1049 2069 1209 2131 secundam
1225 2075 1256 2128 et
1271 2069 1388 2129 tertiam
1403 2085 1573 2147 personam

262 2176 362 2236 dicere
386 2173 514 2241 dicatur,
538 2171 617 2252 quod
640 2173 777 2250 primam,
803 2177 835 2232 ut
858 2189 948 2250 supra
971 2171 1084 2233 dictum
1107 2179 1161 2240 est,
1185 2187 1344 2250 personam
1365 2171 1396 2231 in
1419 2166 1574 2247 singulari

263 2294 388 2338 numero
411 2275 608 2354 imperatiuus
631 2272 736 2334 modus
759 2291 818 2333 non
841 2274 963 2352 recipit,
988 2281 1018 2332 et
1032 2271 1188 2352 pluraliter
1204 2271 1308 2336 eodem
1324 2272 1412 2332 modo
1428 2279 1572 2350 tempore

263 2377 414 2456 praesenti
449 2375 485 2434 ad
520 2391 623 2435 omnes
657 2391 802 2454 personas
829 2373 963 2435 dicamur
991 2374 1131 2436 dicamini
1158 2374 1306 2444 dicantur.
1341 2371 1448 2434 eodem
1478 2371 1572 2432 modo

263 2487 397 2556 tempore
427 2479 527 2538 futuro
556 2476 667 2536 diceris
694 2475 811 2536 dicetur
838 2474 972 2536 dicemur
994 2476 1134 2538 dicemini
1157 2475 1296 2536 dicentur
1318 2473 1365 2534 uel
1389 2473 1570 2535 diceminor.
1585 2479 1610 2515 ²⁰

263 2578 406 2658 Optatiuo
434 2577 522 2637 modo
550 2586 685 2656 ternpore
715 2577 864 2655 praesenti
887 2585 917 2636 et
939 2581 1099 2657 praeterito
1122 2577 1287 2658 inperfecto
1310 2579 1424 2639 utinam
1447 2577 1572 2638 dicerer

263 2687 330 2751 ete,
356 2678 460 2740 eodem
483 2679 571 2740 modo
596 2687 728 2756 tempore
751 2679 914 2758 praeterito
936 2680 1070 2758 perfecto
1093 2689 1122 2740 et
1141 2679 1434 2760 plusquamperfecto
1451 2681 1571 2740 utinam

263 2780 360 2841 dictus
388 2797 484 2840 essem
515 2788 572 2840 ete.
600 2787 630 2840 et
660 2777 795 2840 ulteriori
824 2779 912 2839 modo
941 2783 1054 2842 utinam
1083 2781 1180 2842 dictus
1209 2781 1330 2842 inissem
1355 2788 1428 2850 etc..
1460 2779 1570 2840 eodem

262 2882 351 2944 modo
375 2890 508 2962 tempore
532 2882 632 2944 futuro
655 2883 767 2942 utinam
792 2881 874 2942 dicar
897 2889 952 2942 ete.
990 2883 1187 2945 Coniunctiuo
1210 2881 1298 2944 modo
1321 2888 1457 2960 tempore
1481 2899 1571 2962 prae·

263 2985 342 3044 senti
375 3001 442 3044 oum
480 2983 562 3044 dicar
591 2993 664 3054 eto..
700 2983 805 3043 eodem
833 2983 922 3043 modo
949 2991 1083 3063 ternpore
1113 2987 1274 3063 praeterito
1303 2983 1470 3063 inperfecto
1499 2986 1608 3043 cumi‘t

263 3087 380 3148 dicerer
404 3095 470 3154 etc.¹
495 3085 599 3146 eodem
624 3086 711 3148 modo
734 3092 870 3164 tempore
893 3089 1056 3162 praeterito
1077 3087 1212 3164 perfecto
1228 3103 1295 3146 cum
1310 3085 1408 3146 dictus
1424 3087 1482 3145 sim
1499 3093 1569 3152 etc„

263 3195 292 3248 ct
316 3187 458 3248 ulteriore
483 3186 570 3246 modo
594 3205 662 3246 curn
686 3186 784 3246 dictus
807 3185 914 3246 luerim
938 3193 1010 3256 etc,
1035 3187 1139 3248 eodem
1163 3188 1251 3249 modo
1274 3197 1409 3268 tempore
1432 3193 1568 3266 praeter·

153 3354 157 3362 ,
264 3290 305 3348 ito
330 3287 621 3368 plusquamperfecto
646 3304 712 3348 curn
735 3267 833 3346 diclus
857 3304 953 3347 essem
977 3297 1032 3348 etc.
1057 3299 1086 3350 et
1109 3289 1253 3350 ulteriore
1276 3291 1363 3352 modo
1385 3306 1453 3350 eum
1470 3287 1570 3348 dictus

263 3391 386 3449 fuissem
411 3396 478 3456 etc,
506 3388 609 3448 eodem
633 3387 721 3448 modo
745 3396 878 3467 tempore
901 3389 1001 3449 futuro
1025 3407 1091 3449 rum
1116 3389 1214 3452 dietus
1235 3410 1288 3452 ero
1304 3399 1360 3452 etc.
1378 3397 1408 3452 et
1423 3390 1568 3451 ulteriore

265 3491 354 3551 modo
376 3507 445 3550 cum
468 3489 566 3550 dictus
588 3489 674 3552 fuero
697 3498 753 3552 eto.
789 3488 940 3551 lnlinitiuo
963 3489 1051 3550 modo
1075 3495 1207 3554 numeris
1223 3500 1253 3553 et
1270 3491 1407 3572 personis
1430 3499 1568 3570 tempore
1582 3493 1606 3530 ³⁰

334 3658 455 3707 teodctn
474 3657 550 3706 modo
569 3657 656 3708 omli
707 3655 835 3706 influitiuo
855 3659 878 3706 n
946 3659 1143 3723 2preteritod
1195 3662 1265 3712 dictu
1283 3662 1320 3710 ire
1339 3660 1377 3710 uel
1396 3659 1484 3711 omli
1554 3659 1569 3706 3

265 3726 394 3790 perfecto,
413 3741 460 3774 orn.
479 3725 652 3790 prseterit0B
704 3723 1002 3790 bplttsquamperfecto,
1021 3743 1067 3780 ortt.
1087 3729 1262 3793 praeteritoB
1323 3725 1488 3778 ddiciturB
1524 3742 1569 3792 ge·

265 3793 340 3844 rundi
360 3793 399 3840 ucl
417 3794 488 3858 tipiei
506 3791 556 3842 elia
575 3792 652 3842 uerba
670 3802 729 3841 sunt
746 3787 878 3841 die’endiB
905 3793 967 3841 haee
985 3805 1044 3844 sunt
1061 3795 1112 3844 alis
1130 3798 1209 3847 uerba
1227 3796 1330 3862 gerendi
1349 3795 1389 3844 uel
1408 3794 1515 3860 dpicin
1533 3794 1569 3854 cf.

266 3861 323 3912 rod.
345 3859 425 3910 Bern.
446 3863 496 3908 207
514 3862 579 3910 ortis
595 3860 775 3924 grammaticae
790 3860 837 3921 sot.
858 3862 938 3909 122⁸:
961 3858 1027 3910 Sunt
1044 3864 1121 3913 uerba
1141 3881 1206 3926 quae
1223 3864 1347 3930 tipicialis
1364 3863 1486 3914 dicuntur
1504 3862 1571 3912 idest

266 3927 455 3988 similitudinis,
479 3929 600 3988 quoniam
624 3926 815 3976 similitudinem
839 3928 1033 3993 participiorum
1056 3932 1080 3978 in
1100 3947 1128 3980 se
1148 3933 1286 3982 ostendunt
1302 3947 1360 3980 eum
1379 3932 1431 3980 sint
1448 3931 1528 3980 uerba
1547 3939 1571 3978 et

266 4009 316 4045 nou
341 3995 485 4060 participis.
522 3995 580 4044 Tris
603 3997 668 4044 enim
693 3993 769 4042 tterltn
791 3995 895 4044 amandi
917 3995 1027 4046 amando
1054 4000 1192 4050 amandum
1220 3999 1411 4049 similitudinem
1440 3997 1569 4064 participii

267 4061 602 4128 possiuaeuiguitiunionis
621 4062 699 4112 futuri
718 4062 841 4126 temporis
855 4063 1000 4126 ostendunt,
1018 4079 1129 4116 umatum
1149 4083 1209 4118 uero
1228 4067 1421 4116 similitudinem
1440 4065 1569 4131 participii

268 4132 395 4196 praeteriti
423 4133 545 4196 temporis
573 4132 693 4196 passione
719 4127 915 4194 significationis
943 4143 1035 4196 gestat.
1074 4133 1241 4187 deridendum
1261 4137 1376 4198 fortasse
1400 4134 1570 4199 participialia

266 4199 386 4248 dicuntur
403 4199 470 4248 idest
487 4198 581 4247 sitnilin
599 4199 688 4263 partiri
711 4197 752 4258 iis,
763 4198 796 4259 cs.
809 4213 836 4262 p.
847 4199 890 4262 57,
902 4199 936 4248 13
989 4200 1085 4250 'fdictu
1096 4203 1193 4254 indictn
1211 4204 1263 4253 duo
1282 4203 1418 4268 participia
1436 4201 1571 4251 trahuntur·

269 4279 295 4316 ut
313 4269 437 4325 dicturus,
455 4268 555 4316 andria
572 4214 708 4316 ceteririlJ
773 4267 949 4330 8presensA
1018 4269 1186 4334 llpassiuunt
1206 4269 1283 4320 estB
1353 4273 1386 4320 10
1403 4268 1569 4334 simplecisB

267 4336 358 4384 tercino
376 4334 546 4399 correpttteB
652 4333 788 4382 tasonem
809 4331 885 4382 modo
904 4338 1122 4399 temporeom.B
1227 4340 1259 4388 tt
1278 4338 1367 4387 eodem
1386 4336 1570 4388 monoculi

267 4404 403 4466 praeterito
422 4401 534 4466 perfeeto
554 4411 578 4449 et
595 4399 846 4466 plusquamperfecto
866 4401 889 4449 A
960 4403 989 4451 to
1007 4403 1159 4470 imperatiuo
1179 4406 1198 4454 B
1273 4407 1304 4456 l'f
1324 4415 1351 4454 ut
1368 4405 1454 4454 dicere
1470 4403 1571 4454 dicatur

267 4469 382 4519 dicemur
398 4469 519 4518 dicamini
536 4468 655 4518 dicuntur
671 4467 757 4517 futuro
774 4467 867 4517 diceris
884 4467 983 4518 dirstnr
1000 4469 1115 4522 dicamur
1132 4482 1191 4535 etc,
1208 4475 1303 4524 ceteris
1320 4471 1456 4524 011ιίεεὶ18
1540 4471 1571 4522 ts

267 4535 425 4586 dieamustl
495 4538 527 4587 19
545 4535 683 4586 diceresd
752 4537 785 4586 20
804 4537 957 4586 obtatiuon
1010 4539 1041 4589 21
1061 4541 1150 4591 eodem
1169 4542 1247 4592 modo
1266 4539 1485 4607 temporeom.B
1539 4541 1571 4590 ἥ

268 4613 293 4650 et
310 4603 431 4662 ulteriori,
451 4619 498 4654 ort.
517 4604 634 4654 modun
688 4603 777 4652 eodem
796 4603 872 4653 modo
891 4615 1009 4670 tempore
1026 4606 1112 4659 futuro
1131 4609 1216 4660 omB
1285 4611 1319 4660 at
1336 4608 1568 4658 coniunctatiuod

268 4671 301 4718 26
325 4671 514 4721 eodemmodo
538 4671 755 4736 componenti
823 4673 857 4721 26
879 4672 969 4721 eodem
991 4677 1069 4727 modo
1091 4687 1206 4742 tempore
1229 4677 1316 4728 om.B
1366 4678 1400 4728 2⁶1
1418 4687 1444 4724 et
1460 4691 1509 4727 om.
1528 4674 1572 4726 ΑΒ

268 4736 357 4784 eodetu
377 4739 454 4788 ntodo
473 4749 588 4804 tempore
606 4755 653 4788 otti.
673 4739 693 4788 B
744 4739 879 4803 praeterito
899 4738 1011 4804 perfecto
1030 4755 1054 4794 et
1071 4743 1326 4810 plusquamperfecto
1346 4731 1368 4794 n
1427 4745 1461 4794 29
1480 4743 1571 4793 eodem

268 4805 346 4852 modo
369 4815 484 4870 tempore
506 4823 553 4858 om.
574 4807 593 4854 B
662 4816 687 4854 et
705 4803 824 4855 ulteriore
848 4808 924 4855 modo
948 4821 1006 4856 cum
1029 4813 1112 4862 dictus
1134 4811 1208 4862 fuero
1230 4818 1281 4864 etc,
1305 4815 1331 4862 fn
1352 4825 1434 4876 aurp.
1448 4811 1530 4875 inser,
1552 4815 1572 4860 Α
