3378 5550
402 257 441 308 ΙΝ
460 255 598 306 nonnul
616 254 709 306 ARES
728 255 775 304 ET
795 253 1062 306 utussnurstrvu.
1313 271 1371 318 cxl

2 425 4 442 '
83 441 217 504 uidelicet
240 451 269 504 et
292 444 449 504 maiorem:
479 445 624 505 minorem
654 443 689 504 ad
719 463 828 524 pueros
851 442 1056 514 instruendos,
1081 445 1222 504 maiorem
1247 443 1282 504 ad
1304 462 1373 523 per·

83 547 229 606 [entiores.
275 545 373 606 Minor
396 563 469 606 uero
484 546 539 606 sub
562 547 795 624 interrogatione
819 554 846 606 et
862 547 1056 626 responsione
1081 547 1235 626 conposita
1258 551 1374 626 estque

83 649 217 725 congruit
245 649 357 726 pueris.
402 646 494 708 llaior
523 666 596 708 rrero
625 647 758 710 absolute
794 655 840 708 est
865 649 1019 728 conposita
1048 649 1116 728 quia
1146 647 1375 726 perfectioribus

83 749 228 809 conuenit.
274 749 336 810 Edo
360 747 468 809 multos
490 767 595 812 sensus
619 749 721 812 babet:
745 749 864 830 quaudo
886 749 1032 827 equaliter
1048 750 1213 811 declinatur
1236 750 1291 810 edo
1314 748 1376 810 edis

83 851 147 920 edit,
171 851 319 929 significet
342 853 474 929 parturio
497 853 561 912 siun
585 851 728 922 informo,
758 851 835 912 uncle
863 851 1041 914 Sedulius
1065 853 1128 928 (op.
1149 853 1257 928 pesele.
1281 851 1334 912 lib.
1358 853 1377 912 I

83 963 144 1014 torn.
178 954 222 1012 VI
240 971 274 1029 p.
293 961 355 1014 460
376 957 405 1012 F
422 955 469 1014 ed.
488 953 599 1030 seon:
622 953 751 1016 Edidit
773 963 807 1015 et
830 973 952 1016 serum
976 953 1174 1034 suspendit
1196 952 1237 1013 ad
1262 952 1373 1014 ubere

83 1064 211 1116 natum.
258 1053 381 1124 Ouaudn
405 1056 583 1135 inequaliter
605 1057 660 1117 edo
684 1075 715 1116 es
738 1065 791 1126 est,
815 1057 962 1135 significat
984 1055 1141 1117 manduco.

1 1133 2 1152 Χ
160 1155 300 1232 Remigii
322 1175 397 1219 uero
418 1156 620 1234 expositionis
641 1160 698 1220 troc
720 1168 764 1219 est
780 1157 973 1236 marleiam
992 1157 1020 1230 s.
1047 1165 1120 1218 25⁶:

47 1273 191 1324 respersas
228 1259 361 1320 Partes
384 1259 569 1322 orationis
592 1269 676 1322 suut
699 1269 797 1321 octo:
827 1279 956 1322 nomen
981 1267 1051 1324 etc.
1073 1293 1114 1302 —-
1138 1261 1374 1322 interiectio.

163 1359 334 1422 Notandum
358 1362 508 1440 inprimis,
538 1362 615 1442 quod
640 1364 769 1424 maiores
790 1361 843 1424 lras
865 1370 964 1442 partes
988 1361 1151 1423 maioribus
1175 1371 1204 1422 et
1226 1361 1376 1426 intellectu

84 1463 255 1524 tortioribus
277 1461 406 1524 uonsms
428 1466 620 1544 conscripsit;
651 1464 899 1543 quemadmodum
931 1465 1008 1526 enim
1038 1465 1184 1525 minorem
1214 1465 1375 1527 editionem

1 1549 2 1552 ¹
84 1567 179 1625 minus
206 1564 443 1643 intelligentibus
473 1565 492 1625 i·
521 1568 621 1646 pueris
648 1566 703 1627 snb
740 1567 974 1646 interrogatione
1002 1567 1088 1646 pueri
1121 1574 1149 1627 et
1182 1569 1377 1646 responsione

84 1669 211 1746 magistri
242 1666 404 1735 ordinauit,
435 1669 473 1728 ite
499 1667 574 1728 itanc
597 1668 779 1730 auctioribus
805 1667 977 1731 doctoribus
1000 1671 1064 1730 sine
1087 1666 1145 1728 ulle
1168 1669 1226 1728 iam
1248 1669 1375 1729 interro·

85 1771 198 1846 gellone
222 1767 271 1829 uel
294 1771 489 1850 responsione
512 1771 687 1849 composuit.
733 1768 789 1842 Oui
817 1772 901 1847 quasi
929 1771 984 1831 iem
1014 1769 1153 1832 roborato
1175 1771 1294 1848 ingenio
1317 1788 1375 1830 nou

84 1870 249 1947 indigentes
270 1871 503 1949 interrogatione
526 1889 580 1949 per
602 1891 634 1933 se
658 1888 732 1950 quae
756 1871 859 1933 uolunt
880 1870 980 1951 legere
1003 1881 1032 1933 et
1053 1870 1220 1951 intelligere
1236 1881 1370 1952 possunt.

86 1973 160 2033 llanc
184 1975 275 2034 etiarn
300 1973 467 2034 decorando
491 1975 554 2034 suis
577 1972 772 2048 circumdedit
794 1973 843 2034 bic
865 1975 1047 2036 ornamentis
1068 1973 1105 2036 ab
1128 1973 1255 2036 bumanc
1272 1993 1296 2034 s.
1314 1976 1375 2036 uite

1 2109 3 2162 q
85 2074 223 2153 qualitate
246 2075 324 2136 illam
349 2076 547 2137 conformans.
592 2075 692 2136 Primo
719 2077 798 2138 enirn
829 2075 866 2136 de
890 2094 978 2146 uoce,
1008 2075 1115 2137 deinde
1137 2076 1175 2136 de
1197 2074 1308 2146 littera,
1338 2075 1375 2136 de

85 2176 197 2248 sillaba,
224 2177 261 2238 de
283 2176 426 2257 pedibus,
450 2176 487 2238 de
510 2179 602 2248 tonis,
626 2177 663 2238 de
685 2176 835 2258 partibus,
864 2178 900 2240 ad
925 2177 1060 2240 ultimum
1084 2177 1121 2238 de
1144 2177 1223 2238 uitiis
1244 2179 1372 2258 scripsit.

85 2277 180 2340 lufaus
203 2281 286 2340 renim
309 2297 374 2340 cunr
398 2281 541 2348 nascitur,
571 2281 669 2360 primo
697 2298 800 2342 uocem
829 2281 893 2340 sine
921 2298 1010 2341 sensu
1040 2280 1161 2348 emittit,
1190 2288 1292 2359 postea
1317 2282 1374 2340 iam

1 2448 3 2458 ¹
84 2379 230 2460 loquendo
252 2380 344 2444 uerba
368 2384 491 2461 prolert,
515 2400 590 2462 quae
606 2380 708 2461 procul
725 2380 816 2442 dubio
833 2379 939 2442 litteris
954 2390 985 2441 et
999 2380 1112 2443 sillabis
1135 2389 1280 2452 constant,
1305 2401 1372 2442 cum

84 2485 170 2544 rectis
193 2483 323 2563 pedibus
345 2483 484 2546 incedere
507 2483 625 2563 incipit;
654 2491 684 2543 et
712 2491 867 2562 postquam
898 2485 955 2544 iam
979 2482 1126 2563 loquendo
1149 2491 1178 2543 et
1200 2482 1376 2544 ambulando

85 2583 250 2654 roboratur.
275 2587 402 2664 partium
426 2603 490 2646 mox
515 2585 649 2646 doctrina
674 2583 801 2666 (dict'ua)
826 2585 978 2648 imbuitur.
1024 2584 1096 2646 Cum
1120 2593 1217 2646 eutem
1242 2585 1373 2664 aliquan·

86 2683 174 2747 tulum
203 2687 376 2756 roboratur,
406 2687 571 2749 Latinitatis
599 2705 702 2750 eruore
735 2696 839 2769 eaptus
869 2686 917 2749 uel
945 2686 1027 2766 loqui
1056 2685 1164 2767 aliquid
1195 2687 1299 2748 Latine
1328 2686 1375 2747 uel

86 2787 196 2850 dictare
221 2789 337 2868 gaudet.
383 2789 442 2851 Sed
466 2790 531 2870 quia
556 2789 686 2851 nondum
711 2797 757 2850 est
779 2791 809 2851 in
841 2797 903 2850 arte
926 2789 1091 2869 perlectus,
1119 2790 1247 2850 incurrit
1270 2787 1375 2849 barbe·

2 2924 7 2933 ·
86 2890 206 2952 rismum
231 2893 249 2951 i·
274 2891 303 2953 in
326 2891 463 2954 dictando
488 2889 535 2952 uel
559 2889 708 2972 loquendo
731 2893 834 2953 uitium
857 2891 936 2955 lacit.
974 2889 1058 2960 Quod
1081 2890 1209 2954 dedecus
1226 2910 1292 2954 cunr
1317 2893 1375 2952 iarn

0 3005 1 3012 ¹
85 2994 208 3055 cautiori
232 2993 317 3054 oculo
340 2994 458 3056 nouerit
480 2993 648 3062 declarare,
678 3011 803 3054 securus
826 2992 933 3054 abltinc
956 2991 1077 3070 (adhinc
1097 2995 1175 3072 cod.)
1199 2993 1375 3072 eligentibus

86 3093 182 3155 uerbis
206 3096 270 3156 siue
292 3096 452 3156 dictatione
474 3097 636 3158 sententias
658 3107 753 3156 ornet.
798 3093 949 3167 Quidam
972 3094 1052 3156 lrunc
1073 3094 1207 3156 ordinem
1224 3113 1282 3156 nou
1298 3099 1374 3156 reci-

87 3197 165 3274 piunt
189 3207 346 3277 exparte:
377 3215 444 3258 narn
466 3205 533 3276 post
561 3204 662 3277 partes
683 3205 800 3276 ponunt
825 3195 915 3275 pedes
938 3203 968 3260 et
989 3207 1077 3259 tonos
1100 3215 1167 3258 cum
1190 3195 1375 3258 barbarismo

88 3305 171 3378 atque
196 3299 304 3360 ceteris
327 3300 419 3370 uitiis,
450 3300 518 3377 quia
547 3299 634 3378 pueri
656 3301 753 3378 primo
777 3297 889 3361 litteras
918 3307 947 3360 et
968 3297 1088 3360 sillabas
1110 3298 1248 3359 iubentur
1271 3317 1375 3378 agnos·

88 3417 160 3471 cere,
185 3401 293 3463 deinde
316 3409 414 3481 partes
437 3417 616 3481 componere
645 3400 762 3462 illarum
791 3420 865 3480 cquae
894 3402 1031 3480 componi
1061 3409 1123 3462 tum
1152 3400 1261 3461 babere
1284 3404 1375 3480 perti-

89 3504 157 3564 ciem
183 3504 253 3582 (leg.
265 3503 344 3576 sort.
362 3501 539 3584 illarumque
556 3505 802 3584 compositionum
820 3502 930 3564 babere
951 3505 1097 3584 peritiam)
1122 3502 1228 3582 quibus
1251 3505 1376 3580 cognitis

91 3607 209 3667 rromina
225 3604 395 3666 sillabarum
412 3612 440 3665 et
457 3615 632 3668 accentuum
650 3607 717 3675 t¹³e;
742 3606 827 3680 dori.
844 3606 1013 3685 ceteraque)
1039 3614 1070 3666 ut
1092 3603 1211 3666 sedulus
1235 3603 1374 3685 (sedulus)

90 3706 176 3768 discat
194 3706 288 3768 donec
304 3707 339 3767 ed
356 3707 412 3768 boc
428 3709 585 3787 perueniat
601 3715 631 3766 ut
645 3709 718 3768 sciat
735 3711 828 3769 uitare
846 3707 1062 3769 barbarismum
1075 3727 1142 3770 cum
1158 3709 1264 3768 ceteris
1281 3708 1374 3768 uiciis.

1 3875 2 3880 η
55 3817 201 3873 torturae
223 3809 270 3869 Ex
294 3808 368 3870 biis
391 3810 784 3872 suuldus-nomen
809 3818 844 3872 et
866 3810 1029 3875 uerbum.
1075 3808 1377 3888 l‘riucipnlespartes

90 3914 193 3972 nerito
216 3911 340 3972 dicende
363 3919 419 3972 etc.

166 4013 339 4089 desinitque
359 4013 392 4074 in
414 4015 491 4075 boec
512 4014 653 4087 serbus.
679 4012 750 4075 36⁶:

1 4159 2 4166 κ
57 4119 377 4180 tanmrnecentus
398 4117 435 4175 in
459 4117 732 4178 interiectione
755 4117 850 4176 certi
868 4133 1037 4177 essenon
1060 4125 1217 4195 possunt
1238 4124 1276 4177 ut
1298 4117 1376 4176 lere

91 4217 121 4276 in
147 4218 239 4279 aliis
267 4217 423 4280 uocibus
451 4237 541 4298 quas
568 4218 788 4280 inconditas
816 4220 1037 4282 inuenirnus.
1087 4217 1120 4279 ln
1153 4217 1218 4279 aliis
1251 4217 1375 4279 uocibus

91 4317 107 4376 i·
128 4321 157 4380 in
182 4318 248 4380 aliis
269 4317 404 4400 partibus
426 4321 491 4381 siue
514 4319 695 4382 dictionibus
722 4339 746 4382 s.
777 4319 912 4382 barbaris
935 4327 964 4380 et
986 4322 1153 4400 peregrinis
1176 4337 1251 4398 quae
1274 4322 1376 4382 incon-

93 4419 144 4482 dite
167 4421 306 4483 dicuntur
328 4423 348 4481 i·
370 4423 557 4500 inconposite
580 4423 646 4501 quia
670 4421 788 4483 illorum
811 4421 930 4502 regulas
956 4421 1003 4482 nel
1026 4432 1166 4484 accentus
1188 4425 1375 4502 ignoramus:

94 4521 173 4584 ‘lere’
197 4534 294 4585 antem
318 4522 391 4584 dicit
413 4525 480 4604 quia
503 4541 629 4602 quorum
653 4525 791 4586 noticiam
815 4523 960 4586 babemus
983 4532 1015 4586 ut
1029 4526 1139 4586 cristus
1154 4527 1265 4588 sciurus
1289 4543 1375 4604 quem

94 4633 239 4688 accentum
263 4625 401 4696 babeant,
425 4625 473 4689 uel
496 4625 598 4688 aliter:
629 4625 727 4689 nullus
755 4635 895 4688 accentus
925 4636 1023 4689 certus
1052 4634 1097 4688 est
1118 4628 1148 4689 in
1172 4628 1377 4688 interiectione

1 4728 2 4744 ¹
96 4737 122 4788 nt
141 4729 203 4792 lere
225 4729 256 4790 in
279 4727 342 4790 aliis
365 4728 490 4792 uocibus
512 4732 580 4813 quia
603 4748 737 4814 quaeque
760 4748 834 4810 gens
858 4749 924 4794 suas
949 4730 1037 4794 babet
1058 4732 1281 4794 interiectiones
1302 4749 1378 4812 quae
