3308 5542
650 1205 696 1286 Ι.

155 1403 519 1487 COMMENTVM
547 1403 776 1488 SEDVLII
797 1402 1046 1488 TVRIOEN
1047 1402 1111 1485 SE
1132 1403 1197 1486 ΙΝ

336 1527 341 1546 ’
535 1539 816 1624 EVTYOHIS

62 1711 218 1786 toton
250 1713 319 1787 DE
352 1711 766 1788 DISOERNENDIS
793 1711 1322 1787 CONIVGATIONIBVS.

613 1919 735 1926 --.-.-...-·..ν

609 2067 694 2134 Cos.
716 2067 745 2133 Ι.

383 2187 444 2252 oo
466 2159 609 2253 olonis
631 2185 964 2252 usuvsosslpuls.

29 2297 30 2370 ἶ
120 2311 154 2370 in
175 2313 234 2374 tuoe
251 2314 420 2388 proectoro
442 2313 616 2386 doctrinae,
647 2328 726 2387 quoe
747 2328 808 2388 per
829 2311 959 2371 medium
981 2311 1063 2386 quod
1083 2319 1197 2372 uooont
1217 2327 1326 2371 aeuum

29 2463 30 2491 ,
64 2413 168 2486 domur,
195 2417 417 2490 prommoticue
439 2413 620 2489 srupmento
641 2421 670 2474 et
691 2414 809 2474 edendo
836 2419 865 2472 ct
885 2413 1075 2472 emendando
1102 2414 1217 2474 duobus
1244 2413 1328 2474 nobis

29 2509 30 2542 ¹
63 2513 183 2574 nundus
203 2522 234 2575 et
255 2518 392 2590 uetustis,
417 2523 451 2578 ut
471 2517 624 2588 uidentur,
648 2533 745 2592 neque
765 2517 853 2576 nimis
874 2517 1026 2591 corruptis
1046 2517 1092 2576 uti
1110 2516 1205 2576 licuit.
1250 2514 1327 2586 Quo·

63 2631 107 2673 ssu
124 2619 197 2678 ulter
221 2617 394 2679 Turicensis
417 2617 439 2677 0
460 2624 496 2678 tt
516 2635 596 2680 suec.
619 2618 673 2678 IX
690 2619 821 2694 scriptus
838 2615 925 2689 soliis
945 2617 1070 2694 XXXI,
1093 2633 1218 2692 quorum
1241 2617 1329 2678 initio

64 2717 142 2791 ubique
161 2721 369 2796 adposuimus,
396 2727 525 2796 praeter
546 2721 624 2782 iilud
643 2723 739 2798 ipsum
765 2727 959 2781 commentum
980 2720 1056 2780 ninii
1076 2722 1222 2794 continet,
1252 2719 1329 2780 odeo

64 2827 84 2876 ut
99 2823 140 2879 uei
164 2829 303 2882 extremo
328 2823 402 2883 tritri
420 2825 542 2899 popina
569 2826 726 2899 scriptura
754 2826 874 2882 omnino
895 2829 1011 2883 coreot.
1056 2821 1119 2882 Sed
1138 2837 1205 2882 eum
1228 2823 1329 2882 nuilus

64 2921 92 2976 iii
105 2939 186 2984 nonu
208 2925 338 3000 antiquo
360 2926 465 2985 titulus
482 2929 644 3001 praefixus
665 2933 740 2985 esset
761 2941 858 3000 neque
878 2927 948 3002 ipsu
967 2941 1075 2985 monus
1089 2927 1251 2998 recentior,
1268 2940 1329 2999 qua

64 3021 97 3080 'ie
111 3027 320 3097 prommoticu’
337 3031 565 3106 praescriptum
587 3035 644 3101 est,
669 3029 803 3088 ductoris
824 3043 931 3087 nomen
953 3033 1216 3100 commemoraret,
1236 3042 1329 3103 prue-

64 3125 126 3184 rtoro
148 3145 221 3188 cusu
248 3130 378 3208 accidit,
407 3137 440 3190 ut
460 3129 626 3191 Francisci
644 3128 827 3191 ouecnetcri
853 3130 1070 3190 foecundissimo
1091 3131 1233 3189 comitate
1256 3130 1329 3187 uite·

65 3229 109 3286 rius
125 3231 233 3291 codices
255 3233 364 3291 notitia
386 3233 588 3306 inbueremur,
612 3236 698 3294 onim
720 3248 777 3308 ope
791 3238 820 3290 et
835 3231 929 3291 uerbo
950 3231 1152 3306 multifarium
1174 3231 1333 3291 emendari

31 3265 33 3379 h
62 3339 154 3399 possem
173 3340 264 3408 utque
285 3337 444 3409 copnosci,
469 3338 604 3410 quiscum
620 3336 759 3412 opusculi
770 3335 891 3393 minime
903 3335 1069 3408 spernendi
1081 3339 1190 3394 ductor
1207 3332 1328 3406 suisset.

32 3423 33 3430 '
65 3430 118 3490 ium
137 3437 165 3494 in
187 3452 222 3495 co
245 3437 360 3496 codicis
380 3439 572 3514 opoprupito,
591 3439 673 3514 quod
686 3436 891 3498 Buechelerus
912 3436 988 3495 mihi
1007 3437 1187 3510 transmisit,
1212 3435 1332 3495 disertis

66 3535 137 3594 urio
155 3541 393 3614 superscriptum
414 3545 475 3599 est:

33 3709 34 3716 χ
162 3637 270 3718 incipit
291 3640 569 3702 commentariolum
592 3640 698 3702 sedulii
719 3641 749 3700 in
772 3635 866 3701 artem
890 3640 986 3701 eutitii
1008 3639 1205 3718 grammatici.

66 3733 140 3814 itque
159 3749 258 3802 tomen
279 3749 364 3804 certo
385 3747 464 3819 scio,
488 3751 587 3805 utrum
609 3745 685 3804 duee
705 3761 798 3804 monu
821 3746 949 3818 antiquo
971 3760 1011 3802 an
1033 3745 1199 3803 recentiori
1218 3744 1333 3818 scriptu

68 3843 116 3899 int:
135 3861 201 3904 nom
225 3849 347 3906 omnino
368 3863 464 3922 neque
486 3849 524 3907 de
545 3853 695 3923 tempore,
718 3864 778 3922 quo
799 3849 932 3922 scriptus
953 3852 1029 3905 esset
1043 3847 1098 3905 iste
1112 3847 1220 3919 codex,
1239 3863 1334 3920 neone

67 3942 184 4021 uiuo,
214 3948 267 4008 ubi
291 3955 469 4010 seruaretur
495 3949 600 4024 hodie,
629 3951 792 4025 quidquem
814 3950 905 4025 potui
929 3950 1105 4024 cooperire,
1141 3949 1278 4024 quamuis
1304 3953 1334 4006 et

68 4045 244 4130 idooiturem
270 4067 327 4126 epo
354 4053 546 4128 cupidissime
572 4051 843 4124 reducendum,
873 4051 1022 4126 quidquid
1047 4053 1111 4126 ipse
1137 4051 1332 4125 conperisset,

34 4213 35 4226 ἦ
69 4149 143 4210 eduio
168 4153 245 4212 nitu
265 4155 431 4229 ponderet.
486 4154 617 4226 Quorum
645 4172 761 4217 summa
788 4155 864 4214 hoec
894 4160 953 4214 est:
988 4153 1158 4214 Cornelium
1185 4150 1334 4212 Boclcium

34 4245 35 4256 ¹
67 4252 241 4321 professorem
262 4255 496 4332 Friburpensem
519 4259 665 4333 cotiepom
687 4274 770 4318 suum
788 4258 961 4332 permisisse
980 4257 1037 4316 sibi
1058 4257 1143 4328 olim,
1168 4261 1201 4314 ut
1222 4255 1336 4314 codicis

68 4353 109 4410 »ise
131 4355 339 4420 Bruucettensis
369 4362 435 4420 siue
461 4359 635 4434 Houpensis
667 4361 885 4436 opopropnou,
920 4359 1002 4434 qnod
1033 4359 1111 4434 ipse,
1147 4357 1218 4416 dum
1251 4357 1338 4431 apud

69 4451 153 4528 iripos
172 4468 325 4537 moratur,
348 4461 542 4536 confeceret,
566 4479 650 4523 suum
673 4464 703 4522 iu
726 4479 809 4522 usum
832 4462 1015 4522 describeret
1019 4479 1032 4530 ,·
1064 4461 1233 4535 quodcum
1255 4457 1336 4519 Bne·

70 4555 174 4621 uicturus
197 4561 380 4636 faciendum
407 4569 544 4624 curosset
566 4571 658 4640 utque
679 4566 757 4625 odeo
780 4565 843 4640 ipse
865 4562 1066 4640 opoprnpiron
1088 4578 1174 4622 suum
1195 4578 1262 4622 cum
1285 4577 1336 4620 or-

71 4657 167 4736 cietppo
189 4667 351 4726 Bockiuno
373 4667 534 4741 diiipenter
554 4668 743 4744 contulisset,
766 4673 928 4743 postquam
956 4667 1055 4726 uirum
1084 4665 1168 4724 iilum
1189 4663 1336 4724 tioerotts-
1425 4711 1436 4730 ,

72 4761 161 4838 simun,
190 4767 242 4828 ubi
261 4769 396 4830 codicem
424 4773 585 4830 inuenisset
607 4771 885 4846 descripsissetque,
916 4768 1134 4844 interropouit,
1163 4771 1277 4825 certum
1300 4763 1338 4822 ab

73 4879 95 4915 n
111 4883 272 4944 responsum
301 4873 403 4932 tulisse
429 4873 558 4946 nultum,
588 4874 660 4947 quio
688 4875 751 4950 usse
779 4873 813 4933 id
840 4875 899 4932 ium
925 4873 1000 4932 sutis
1025 4887 1057 4931 se
1083 4872 1163 4929 seire
1189 4871 1336 4942 neposset,
