3378 5550
308 396 431 444 LXXXII
718 381 784 434 Ans
803 383 934 434 nspoffl
953 381 1193 435 GRAMMATICI.

307 571 393 632 ε11212
416 568 524 647 aliqua
545 572 584 630 de
606 568 735 632 nomine.
782 573 891 633 Murus
909 571 1032 644 sornus’
1054 579 1336 648 212.-2.17,12
1359 573 1471 632 ‘altare
1492 575 1603 652 aplare

306 673 466 733 cochleare
480 671 545 734 dici
560 673 669 752 delret’,
692 689 771 747 quae
791 671 825 732 in
839 674 908 733 cod.
927 681 981 732 511
998 675 1095 750 21222
1116 673 1237 747 desunt,
1261 672 1334 747 quin
1350 675 1388 734 alr
1403 673 1471 752 ipsa
1486 679 1603 752 Aspero

305 773 424 851 scripta
451 773 512 836 sint
539 792 634 850 aeque
655 792 675 833 2
697 772 828 836 librario
849 776 900 835 uel
926 774 989 836 alio
1010 773 1211 850 qrammatico
1240 773 1376 848 adiecta,
1408 795 1468 838 nan
1497 776 1603 838 dubito

305 884 334 936 et
356 878 392 938 22
413 875 464 950 id,
488 876 560 954 quia
582 875 661 938 talia
684 875 907 937 adiectamenta
930 895 990 938 non
1011 875 1044 938 in
1066 874 1171 951 initio,
1195 878 1250 936 sed
1269 875 1303 938 in
1322 881 1383 950 dne
1405 877 1602 954 adqlntinari

305 981 412 1055 solent,
435 986 466 1038 et
482 987 668 1055 propterca,
696 980 779 1054 quod
798 995 858 1040 non
886 977 992 1048 uideo,
1022 979 1170 1054 quomodo
1199 977 1341 1054 sinqulae
1362 979 1440 1041 istae
1462 981 1602 1042 obserua-

305 1079 401 1140 tiones
417 1081 460 1138 ad
480 1079 625 1142 sermonis
640 1077 863 1157 proprietatem
881 1079 1085 1156 pertinentes,
1110 1098 1188 1156 quae
1202 1079 1274 1141 iude
1289 1099 1309 1140 a
1326 1099 1361 1158 p.
1376 1090 1424 1157 17,
1442 1089 1476 1141 12
1496 1079 1603 1156 lequu-

305 1190 366 1256 tur,
391 1185 473 1244 nullo
496 1181 586 1257 quasi
605 1181 723 1258 plutine
744 1179 925 1258 interposita
942 1181 1048 1244 'statim
1066 1189 1138 1260 post
1155 1201 1189 1258 p.
1217 1191 1267 1255 12,
1289 1190 1323 1242 21
1344 1181 1492 1244 collocari
1509 1192 1600 1260 potu-

305 1283 395 1344 erint.
442 1286 538 1359 Atque
560 1283 639 1346 idem
663 1287 701 1344 de
722 1283 785 1345 2112
806 1287 873 1346 laco
892 1303 925 1360 p.
951 1293 1001 1358 51,
1030 1291 1063 1343 21
1087 1319 1128 1328 -
1144 1302 1181 1360 p.
1206 1294 1255 1358 55,
1275 1292 1313 1344 22
1332 1287 1523 1346 statuendum
1545 1293 1599 1345 est.

305 1385 384 1446 Nam
406 1394 438 1446 ut
459 1387 638 1460 concedam,
664 1387 758 1446 221112
777 1405 810 1464 p.
836 1395 892 1464 51,
918 1393 1052 1444 27-211,·
1082 1386 1131 1447 ‘ul
1153 1403 1172 1444 2
1194 1385 1348 1448 constanti
1369 1395 1544 1448 constanter
1558 1421 1602 1429 -

304 1505 324 1548 2
346 1487 496 1549 concordi
516 1487 711 1550 concorditer
732 1497 761 1548 el
783 1487 831 1548 1211
852 1485 984 1548 similia’
1008 1489 1046 1547 ab
1069 1486 1133 1549 2112
1155 1486 1265 1548 addita
1282 1505 1374 1565 posse
1396 1487 1512 1564 uideri,
1542 1490 1602 1548 1122

304 1591 343 1649 dc
363 1588 472 1652 ceteris
489 1609 523 1666 p.
549 1599 604 1664 55,
631 1598 741 1650 1—22
761 1587 885 1650 minime
907 1588 1122 1668 concesserim,
1146 1588 1219 1664 quia
1242 1593 1279 1650 de
1300 1591 1524 1668 conparatione
1545 1592 1601 1650 ad-

305 1691 477 1753 uerlriarnm
500 1691 684 1769 2111212212
706 1689 821 1754 donati
843 1701 939 1752 artem
964 1691 1096 1768 primam
1126 1690 1344 1768 interpretanti
1365 1691 1487 1754 omnino
1509 1711 1601 1767 apen-

305 1798 467 1856 (12112121.
499 1796 686 1863 Ε1122212.
709 1811 789 1869 quac
811 1795 849 1854 de
870 1811 980 1854 manca
1002 1793 1119 1870 aliquot
1140 1793 1356 1854 adueraiorum
1377 1793 1601 1871 conparatione

300 1915 333 1972 p.
350 1907 413 1972 ·55,
439 1904 537 1956 3-12
560 1898 768 1976 21121222121,
797 1894 908 1972 optime
930 1897 968 1956 ab
991 1897 1093 1957 eodem
1117 1895 1169 1958 illo
1192 1895 1347 1970 dicuntur,
1377 1896 1444 1972 qai,
1472 1915 1540 1957 2222
1563 1899 1602 1956 de

304 1997 456 2060 nominum
478 1997 701 2076 conparatione
722 2001 846 2073 2221121,
869 2017 900 2074 p.
927 2007 976 2070 12,
1002 2005 1079 2058 1-5
1101 1997 1216 2060 similia
1239 1997 1382 2059 tradidit.
1427 2000 1536 2073 Itaque
1557 2017 1596 2057 ea

303 2118 433 2176 quoque,
458 2118 537 2175 quae
556 2117 588 2175 p.
614 2109 662 2168 55,
689 2098 943 2160 12-22121212
965 2102 1109 2160 2211227
1130 2103 1283 2176 12222121,
1307 2119 1367 2162 noa
1390 2111 1449 2161 lara
1473 2103 1508 2162 od
1530 2119 1597 2160 enm

303 2219 442 2276 causam,
467 2200 540 2277 quia
563 2221 592 2262 u.
620 2209 655 2260 12
677 2207 721 2262 ‘ut
741 2221 837 2278 supra
857 2201 969 2262 dictam
991 2207 1046 2262 est'
1071 2199 1120 2284 (p.
1139 2211 1193 2277 51,
1218 2211 1247 2264 1.
1271 2200 1301 2285 a)
1324 2202 1462 2276 additur,
1488 2201 1600 2278 Asperi

303 2323 366 2364 esse
387 2301 587 2378 crediderim,
620 2321 710 2379 quam
732 2306 813 2380 quod
834 2307 910 2365 tales
928 2305 1104 2378 sarmarum
1126 2307 1283 2379 2211112221
1308 2323 1399 2382 quam
1426 2303 1599 2381 locupletis·

303 2394 392 2468 simas
414 2422 590 2482 proponere
617 2404 714 2482 ipsius
735 2423 798 2466 mos
819 2406 951 2479 estsere
984 2405 1093 2480 ubique
1126 2409 1320 2476 obseruatum
1352 2404 1488 2480 idcirco,
1522 2405 1599 2480 quia

298 2527 332 2584 p.
358 2515 408 2578 51,
432 2515 530 2566 S-tt
552 2506 689 2568 rariores
716 2506 930 2569 adueromrnm
954 2509 1077 2582 formas
1097 2508 1171 2570 satis
1193 2512 1295 2584 anrquo
1316 2511 1521 2585 exemplorum
1543 2527 1598 2569 nu·

303 2626 385 2671 mero
399 2607 606 2682 instruxerat,
632 2607 760 2670 usitatas
775 2617 864 2684 atque
879 2613 1072 2686 2212212122
1088 2619 1266 2672 ornamento
1280 2628 1389 2671 carere
1403 2628 1463 2671 non
1473 2627 1594 2688 possus,

302 2729 381 2788 quae
411 2729 507 2788 supra
540 2710 697 2791 omiserat,
734 2709 767 2772 12
797 2715 859 2786 pne
890 2712 1060 2775 subintulit.
1111 2713 1237 2774 Rectum
1269 2711 1347 2774 enim
1379 2711 1598 2774 sententiarum

302 2813 438 2876 ordinem
460 2812 636 2890 saepissime
663 2813 812 2890 neqlenit,
841 2816 922 2890 quad
942 2813 1015 2876 inde
1038 2823 1135 2876 artum
1163 2823 1206 2876 211
1213 2859 1222 2892 ,
1251 2817 1347 2890 quod,
1378 2831 1457 2890 quae
1478 2815 1516 2875 de
1536 2813 1598 2874 sin-

301 2915 382 2992 qulis
410 2915 560 2978 orationis
587 2915 727 2994 partibus
755 2915 942 2991 repuleriter
969 2915 1055 2978 dicta
1084 2915 1243 2978 obseruari
1263 2924 1427 2992 poterant,
1456 2917 1509 2976 sub
1537 2933 1598 2975 uno

302 3017 403 3080 omnin
425 3027 586 3096 conspectu
602 3035 792 3094 proponere,
816 3017 936 3094 reliqua
959 3017 1179 3094 inrequlariter
1201 3025 1351 3094 usurpata
1372 3017 1462 3094 quasi
1483 3035 1596 3094 appen-

302 3119 381 3182 dicis
408 3123 475 3182 laco
501 3119 683 3195 1211222212
709 3120 825 3182 maluit.
871 3124 969 3196 Atque
995 3123 1071 3182 11222
1098 3120 1169 3197 1212
1196 3123 1266 3183 dum
1293 3139 1334 3181 22
1357 3118 1488 3180 diuersis
1508 3118 1598 3180 libris

300 3221 511 3298 qrammaticis
538 3239 705 3298 2211221212
732 3224 846 3295 studet,
878 3241 969 3299 saepe
996 3221 1090 3284 nimio
1122 3221 1287 3297 collipendi
1314 3225 1428 3284 ardore
1455 3224 1598 3300 abreptus

301 3342 336 3386 eo
358 3325 504 3386 deductas
531 3333 589 3398 cst,
626 3333 657 3385 21
684 3327 834 3399 22212212,
868 3343 927 3400 quo
959 3324 1018 3386 ista
1051 3324 1208 3402 explicata
1241 3332 1346 3394 erant,
1378 3323 1597 3386 sententiarum

301 3445 434 3494 conexu.
460 3435 554 3503 prout
581 3426 688 3488 liberet
716 3425 862 3502 quidque,
892 3436 1080 3504 2222122121.
1128 3427 1190 3498 Quo
1208 3426 1329 3499 sactum
1351 3435 1407 3496 est,
1437 3435 1468 3488 ut
1495 3426 1597 3488 multis

301 3527 377 3590 locis
398 3527 501 3590 ‘enim'
524 3532 573 3590 uel
594 3529 688 3589 ‘narn'
708 3527 866 3604 particula
886 3527 988 3605 posita
1010 3547 1070 3590 nou
1093 3531 1218 3602 12211221,
1250 3530 1293 3589 ad
1319 3531 1400 3605 quod
1425 3529 1595 3603 reseratur,

301 3631 345 3706 cs.
365 3649 399 3708 p.
418 3639 468 3700 17,
487 3639 531 3691 17.
551 3639 606 3702 211,·
630 3639 678 3705 50,
698 3637 749 3700 21,·
775 3639 892 3704 21212·
915 3629 1055 3692 1121111121
1072 3650 1106 3708 p.
1126 3639 1172 3704 21),
1200 3629 1237 3690 21
1260 3649 1321 3692 non
1343 3638 1402 3698 est.
1426 3648 1485 3707 quo
1507 3633 1596 3690 ‘leaec

302 3734 406 3794 uerba’
424 3732 584 3809 pertinere
612 3731 764 3801 dicamus,
797 3731 858 3793 uisi
880 3743 1034 3794 auctorem
1057 3736 1135 3793 male
1157 3735 1233 3794 lzaec
1255 3732 1443 3810 excerpsisse
1465 3731 1595 3794 arlritrc-

301 3853 378 3896 mur.
419 3837 551 3896 Ceteram
575 3833 1165 3911 2212211212221221111211112111211,
1189 3843 1229 3906 21,
1253 3834 1306 3910 qui
1327 3833 1461 3912 scripsit,
1481 3853 1593 3911 puera-

301 3955 369 3998 rum
397 3935 509 3999 animis
535 3936 760 4014 simplicissima
788 3936 865 3998 artis
895 3936 1118 4012 qrammaticae
1141 3945 1310 4014 praecepta
1337 3954 1427 4012 quarn
1450 3935 1595 4012 plurimis

297 4043 421 4112 firmata
443 4038 590 4116 exemplis
611 4038 770 4100 inculcare
791 4037 921 4100 uoluisse
942 4037 1094 4114 uideatur,
1118 4039 1202 4114 quod
1216 4047 1248 4100 ut
1261 4039 1407 4113 efficeret,
1431 4055 1510 4114 quae
1531 4037 1594 4111 dis-

299 4141 434 4214 ficiliora
455 4149 546 4202 21221
567 4140 736 4220 intellectu,
765 4149 819 4202 aut
841 4140 962 4202 omnino
989 4139 1198 4218 praetermisit
1225 4149 1294 4215 aut,
1322 4158 1359 4202 ue
1387 4143 1468 4202 lianc
1495 4139 1595 4214 officii

296 4253 418 4320 partem
434 4248 532 4321 plane
554 4243 724 4320 neqleccisse
743 4252 915 4320 putaretur,
940 4241 1036 4304 2111121
1058 4253 1148 4319 atque
1170 4241 1284 4320 raptim
1304 4241 1508 4319 percursauit.

384 4349 422 4407 In
445 4347 631 4408 emendando
653 4344 752 4406 lilrcllo
775 4363 852 4420 quae
873 4363 919 4404 me
937 4345 1103 4421 superent,
1127 4348 1203 4406 1222
1217 4353 1297 4406 sunt.
1333 4347 1367 4405 Ρ.
1386 4341 1593 4420 12521121

299 4447 491 4510 scribendum
512 4457 581 4509 2121
588 4469 599 4518 ,·
617 4467 651 4524 p.
679 4455 732 4522 12,
760 4455 795 4506 ts
817 4449 899 4524 quad
919 4444 1032 4522 leqitur
1050 4441 1226 4524 '‘qramcn',
1246 4449 1343 4524 paulo
1363 4455 1432 4523 post
1455 4453 1490 4504 21
1509 4444 1594 4518 [also

300 4547 445 4626 repetiui,
475 4568 542 4611 cum
570 4547 686 4611 codicis
714 4551 740 4608 Α
766 4547 923 4626 scriptura
946 4551 1101 4624 ‘promen'
1125 4549 1230 4625 221121
1252 4549 1407 4624 ‘permen’
1436 4547 1593 4624 leqendum

300 4669 363 4711 esse
384 4653 603 4712 demonstraret
608 4673 619 4722 ;
637 4672 672 4731 p.
698 4659 748 4729 12,
767 4659 802 4710 21
821 4669 882 4727 212
900 4651 980 4711 ‘mel'
996 4653 1141 4712 mettum
1163 4650 1297 4712 scribere
1319 4647 1466 4724 dubitaui,
1492 4667 1592 4724 qnam·

300 4769 388 4828 quam
411 4761 518 4814 auctor
535 4753 696 4832 proposita
724 4755 868 4814 ‘aurum'
897 4752 1040 4815 uocalmli
1068 4751 1275 4814 declinatione
1297 4751 1370 4813 ‘sic
1392 4751 1592 4812 declinan-

300 4857 381 4916 dum
409 4873 489 4916 esse
517 4864 675 4932 arpentum
698 4865 755 4917 etc.
779 4859 837 4917 mel
860 4855 962 4918 airuau
986 4857 1097 4917 oleum’
1122 4874 1235 4934 parurn
1264 4863 1408 4916 22221212
1430 4855 1593 4923 1122221112
