3316 5566
620 375 828 430 aennensis.
1330 375 1374 440 93

91 567 190 628 buius
211 573 246 627 et
265 555 354 628 duic
376 584 468 626 unae
491 572 525 625 et
547 563 727 627 similiter
755 563 856 626 ullae
878 567 1011 626 nullae
1033 564 1135 626 solae
1157 573 1256 628 totae
1278 564 1386 654 aliae

92 669 222 730 alterae
244 671 280 729 in
306 687 370 729 usn
400 669 616 748 antiquiore
645 669 866 728 inuenimus.
912 669 1056 730 Cicero:
1090 667 1167 728 Nou
1195 685 1289 728 unae
1322 669 1376 727 rei

92 759 211 840 statui,
236 769 301 832 sed
324 769 496 830 omnibns
513 769 708 830 constitui.
740 769 958 832 Terentius:
982 769 1055 830 lloc
1077 771 1158 848 ipsa
1181 771 1216 829 in
1233 771 1376 829 itinere

92 871 474 934 alteraedumnarrat.
507 871 617 932 ldem:
641 869 1374 952 Numquamedepolquicquamiamdiu,

71 974 178 1050 aqnol
207 975 321 1052 magis
350 973 488 1036 uellem
517 973 672 1034 euenire
695 1017 703 1032 .
727 1019 733 1032 .
845 971 933 1032 mibi
963 971 1068 1034 solae
1096 971 1266 1033 ridiculo
1294 973 1375 1040 init,

93 1093 173 1154 qnae
205 1076 292 1154 qnid
328 1077 483 1137 timeret
516 1073 688 1136 sciebam.
739 1075 940 1136 Caecilius:
981 1072 1113 1136 Nullae
1150 1075 1295 1136 nationi
1324 1083 1377 1134 tot

93 1187 204 1240 tantas
226 1189 295 1240 tam
319 1180 522 1240 continuas
544 1179 733 1239 uictorias
761 1185 831 1237 tam
856 1175 962 1236 breui
990 1177 1113 1255 spatio
1140 1176 1246 1237 datas
1274 1175 1375 1236 arbi·

92 1289 163 1339 tror
189 1298 291 1360 qnam
321 1279 438 1343 uobis.
489 1279 589 1340 Tertia
618 1280 733 1356 species
762 1286 807 1340 est
834 1279 983 1339 contraria
1011 1279 1125 1358 primae
1152 1276 1374 1338 declinationis:

93 1380 242 1442 litterarum
272 1383 392 1442 nomina
422 1383 451 1441 in
481 1400 497 1441 a
521 1381 700 1451 desinentia,
730 1397 807 1458 quae
836 1398 895 1440 non
923 1387 994 1440 sunt
1014 1378 1374 1458 primaedcclinationis,

57 1485 149 1564 ‚iniquia
176 1491 345 1563 monoptota
375 1492 442 1544 sunt
472 1491 501 1543 et
522 1479 750 1544 indeclinabilia.
793 1481 865 1542 lnde
887 1481 1106 1542 Priscianus
1134 1481 1220 1541 dicit:
1257 1481 1374 1542 Litte-

92 1603 200 1646 rarum
229 1587 377 1646 nomina
407 1581 698 1646 indeclinabilia
728 1589 813 1645 suut
841 1590 910 1643 tam
940 1581 1034 1662 apud
1058 1582 1239 1652 GraecoS,
1269 1601 1374 1662 quam

91 1686 174 1764 apud
197 1686 370 1756 Latinos,
395 1693 434 1746 ut
456 1685 527 1748 alla
551 1685 788 1765 betagamma
812 1683 922 1746 delta.
961 1684 1143 1762 Quamquam
1168 1692 1269 1746 contra
1286 1703 1374 1763 regu·

91 1787 139 1848 lam
155 1833 286 1850 ......
302 1790 341 1848 1ιι
363 1787 507 1848 modum
531 1786 657 1848 deltae
679 1786 834 1848 litterae
857 1786 995 1848 cithara
1018 1786 1175 1848 lormata
1199 1793 1262 1846 est.
1300 1787 1373 1846 ltem

92 1884 1374 1969 Sergiusdicit:Digammosdictaeoquodcharactereiusexduabns

66 1993 228 2066 ogammis
251 1993 310 2060 iit:
348 1999 377 2052 et
400 1991 648 2070 Hieronymus
671 1991 758 2052 dicit:
796 1991 994 2070 llucusque
1023 2008 1088 2069 per
1112 1998 1204 2050 etam
1229 1989 1373 2068 longam

93 2091 253 2162 diximus,
283 2109 379 2152 nranc
407 2109 471 2172 per
501 2109 517 2152 e
547 2093 697 2154 breuem
727 2093 903 2154 dicemus.
948 2090 1058 2162 Quarta
1087 2093 1202 2171 species
1230 2099 1276 2151 est
1304 2109 1373 2152 con·

94 2195 238 2256 uarietatis
259 2195 373 2275 primae
397 2194 618 2256 declinationis:
644 2195 762 2256 nomina
786 2195 902 2255 numeri
924 2195 954 2254 in
976 2213 991 2254 a
1014 2194 1191 2263 desinentia,
1216 2211 1291 2272 qnae
1315 2211 1374 2255 non

96 2306 153 2356 sunt
166 2299 275 2376 primae
291 2296 506 2366 declinationis,
524 2297 591 2374 qnia
608 2315 669 2358 non
685 2295 880 2366 declinantur,
894 2304 926 2357 ut
943 2295 1062 2376 triginta
1080 2295 1271 2376 qnadraginta
1288 2297 1374 2375 quin·
1391 2303 1394 2309 “

97 2400 216 2477 quaginta
237 2401 387 2478 sexaginta
410 2401 557 2477 octoginta
574 2400 742 2478 nonaginta,
766 2398 802 2460 de
825 2397 933 2478 quibus
956 2399 1120 2460 Donatus
1141 2397 1228 2459 dicit:
1253 2398 1375 2458 Nomi-

71 2511 131 2558 ana
150 2519 381 2563 numerorum
409 2519 426 2562 a
454 2509 630 2580 quattuor
653 2519 768 2581 usque
797 2501 839 2561 ad
863 2509 1009 2562 centum
1032 2518 1101 2560 non
1124 2499 1375 2561 declinantur.

99 2600 307 2665 h'amahuno
328 2603 496 2683 usquead
514 2587 1103 2682 tresperomuescasusnn'meri
1126 2601 1374 2663 declinantur.

27 2749 28 2752 ,
99 2701 172 2764 ltem
193 2723 208 2764 a
230 2703 406 2766 ducentis
429 2713 464 2766 et
490 2704 671 2785 deinceps
700 2714 850 2786 praeter
878 2703 993 2766 mille.
1038 2703 1110 2764 hem
1134 2705 1237 2783 quinta
1259 2705 1376 2785 species

99 2815 135 2865 est
153 2809 292 2869 contraria
316 2809 428 2888 primae
451 2806 669 2870 declinationis:
698 2810 819 2869 nomina
842 2806 1001 2873 llebraioa,
1033 2823 1109 2883 quae
1139 2806 1320 2866 nominatiuo
1348 2813 1377 2864 et

100 2911 245 2970 accusatiuo
268 2919 298 2970 et
321 2909 457 2970 nocatiuo
481 2916 511 2969 et
532 2907 661 2970 ablatino
684 2911 714 2970 in
736 2928 783 2971 arn
807 2910 1013 2978 terminantur,
1036 2916 1070 2968 ut
1091 2907 1139 2968 hic
1160 2906 1252 2968 Adam
1276 2905 1375 2967 ethic

74 3007 225 3072 elbraham
254 3019 284 3073 et
310 3011 391 3073 lannc
417 3010 508 3072 Adam
537 3021 567 3072 et
594 3010 673 3072 hnnc
700 3011 848 3072 Abraham
878 3018 907 3071 et
929 3029 946 3070 o
969 3009 1060 3070 adam
1085 3017 1114 3070 et
1136 3028 1153 3069 o
1174 3007 1323 3070 Abraham
1346 3017 1375 3070 et

27 3123 28 3180 j
101 3108 130 3169 ah
151 3111 202 3174 boc
222 3114 314 3175 Adam
346 3120 376 3173 et
402 3112 439 3174 ab
468 3112 524 3173 boc
546 3112 704 3175 Abraham.
750 3111 809 3174 Sed
836 3111 903 3173 ideo
930 3113 1045 3191 primae
1073 3109 1278 3172 declinationis
1305 3121 1374 3172 snut

27 3185 29 3232 ³
101 3222 202 3290 propter
222 3219 393 3295 genetiuum
416 3222 446 3276 et
466 3214 597 3276 datiuum
613 3217 644 3277 in
661 3235 695 3277 ae
711 3213 916 3295 diphthongon
931 3213 1112 3284 desinentes,
1137 3221 1169 3274 nt
1184 3212 1270 3274 buius
1284 3213 1373 3283 Adae,

101 3311 170 3376 linias
189 3316 323 3378 Abrahae
347 3316 415 3377 huic
430 3316 510 3377 Adae
533 3316 602 3378 buio
623 3317 769 3379 Abrahae.
808 3315 880 3378 ltem
903 3325 983 3377 sexta
1007 3317 1122 3395 specics
1146 3325 1190 3377 est
1212 3315 1374 3377 contrarie·

101 3418 156 3477 tatis
179 3421 290 3498 primae
318 3417 540 3480 declinationis:
575 3420 694 3480 nomina
721 3417 842 3480 mobilia
870 3419 1012 3479 feminina
1040 3419 1071 3478 in
1094 3437 1110 3479 a
1132 3418 1312 3488 desinentia,
1343 3427 1375 3480 nt

74 3515 144 3576 alu
157 3523 247 3582 anima
263 3520 322 3582 lilia
345 3519 422 3581 mula
440 3539 513 3600 equa
536 3539 603 3582 ursa
619 3519 735 3592 samaria,
760 3538 835 3600 quae
851 3527 1009 3600 propterea
1026 3522 1173 3582 contraria
1190 3517 1201 3601 b
1219 3519 1266 3582 iol.
1282 3517 1341 3581 95³
1359 3517 1372 3602 ll

102 3619 218 3684 dicuntur
239 3624 353 3704 primae
376 3618 598 3692 declinationis,
622 3624 688 3703 qnia
712 3622 842 3684 datiuum
867 3631 897 3684 et
916 3603 1076 3684 ablatinnm
1099 3621 1242 3704 pluralem
1266 3624 1298 3683 in
1321 3621 1375 3684 bns

101 3727 251 3794 terminant;
276 3725 388 3786 iaciunt
403 3725 484 3785 enim
501 3723 613 3786 deabus
633 3724 789 3786 animabus
810 3723 925 3786 filiabus
948 3723 1083 3786 mulabus
1104 3721 1235 3802 equabus
1250 3723 1375 3786 ursabns

102 3939 105 3947 Ι
154 3877 262 3926 lnullae
279 3893 328 3928 om.
380 3877 458 3926 altere
475 3876 553 3926 altere
621 3873 755 3943 bcicero]
775 3879 808 3939 cf.
823 3878 972 3928 Priscianus
990 3879 1039 3929 tt.
1094 3877 1263 3928 3terrentlns
1282 3877 1331 3928 hoc
1349 3880 1373 3926 in

102 3953 145 4002 ipsa
159 3944 183 3992 iu
198 3945 304 4010 itenere,
323 3961 391 3996 corr.
410 3945 501 3994 itinere
556 3943 634 4012 altere
652 3961 699 4010 pro
718 3946 809 4012 alapae,
828 3947 971 3997 com-ri
1056 3947 1073 3994 4
1091 3947 1201 4008 quicque
1219 3945 1375 4018 iamdiuque

103 4040 214 4118 bueuenire
231 4047 292 4097 milri
311 4044 379 4110 sole]
398 4047 439 4097 De
450 4049 542 4098 laeana
559 4048 595 4110 cf.
609 4048 694 4102 Prisc.
707 4045 724 4096 1
739 4063 767 4112 p.
779 4049 863 4111 198‚1
932 4048 948 4096 6
967 4027 1070 4096 cecilius
1089 4047 1157 4098 nialle
1175 4019 1286 4111 naddne,
1304 4063 1373 4102 corr.

105 4121 123 4154 1¹¹
177 4116 255 4177 tique
273 4115 349 4165 uobis
412 4114 737 4180 illitteratum—primae
754 4114 932 4164 declinationis
949 4131 1087 4180 perperam
1105 4119 1199 4166 iterata
1216 4123 1275 4168 aunt
1343 4117 1375 4165 10

105 4172 235 4247 Priscianus]
255 4181 294 4233 De
313 4185 411 4234 nomine
428 4191 476 4233 etc.
494 4200 519 4248 p.
531 4185 594 4245 443,
607 4186 641 4232 21
711 4185 741 4233 12
760 4183 853 4232 lotitans
897 4185 967 4248 apud
986 4183 1091 4233 Latinos
1111 4195 1135 4234 et
1153 4195 1241 4234 aleriam
1259 4183 1373 4239 Kailios:

105 4247 140 4293 ud
152 4259 172 4296 et
187 4263 270 4300 neutra
288 4258 313 4302 et
331 4253 358 4301 in
374 4252 431 4302 cod.
451 4249 532 4301 Beria.
551 4254 604 4301 432
623 4252 753 4302 omittitur.
823 4251 886 4302 Post
908 4261 996 4301 contra
1019 4252 1132 4318 regulam
1155 4254 1269 4305 auctoris
1286 4267 1374 4302 nomen

106 4311 248 4381 desiderator,
266 4335 302 4370 eac
319 4321 389 4370 onius
407 4335 486 4383 opere
504 4318 585 4368 deltae
601 4321 713 4384 panetiai
728 4322 869 4384 exemplum
887 4321 1062 4384 depromptum
1079 4327 1118 4370 ert
1176 4323 1207 4372 13
1226 4323 1251 4370 in
1270 4320 1372 4369 modom

108 4379 266 4436 rehabuere
284 4387 391 4436 ciatham
477 4389 510 4436 14
527 4384 654 4452 seregius]
674 4388 714 4437 De
730 4389 819 4439 littera
834 4403 861 4452 p.
881 4391 940 4451 476,
951 4391 983 4438 15
1001 4387 1038 4436 K.
1089 4388 1240 4452 deganamua
1259 4387 1326 4437 delta
1344 4401 1373 4436 eo

108 4449 160 4504 lund
173 4467 275 4504 caracter
346 4457 377 4505 15
395 4456 428 4504 ait
445 4454 604 4504 hieronimus
674 4457 705 4506 16
723 4457 943 4505 οοιιιιιιιίιιιιιιιιεΔ
1001 4457 1031 4506 ti
1049 4455 1203 4505 antinoum
1273 4454 1374 4506 19110-

109 4515 173 4582 natm]
189 4537 213 4584 p.
231 4525 288 4588 377,
308 4525 356 4573 20:
374 4522 406 4572 de
424 4537 474 4586 qna
492 4522 575 4572 lorma
593 4533 654 4572 sunt
671 4525 746 4573 etiam
765 4525 870 4573 nomina
888 4537 1051 4572 numerorum
1069 4538 1084 4572 a
1103 4535 1223 4586 quattuor
1241 4539 1323 4586 usqua
1341 4524 1374 4572 ad

109 4593 269 4639 meramnum
287 4591 318 4640 ab
337 4605 388 4640 uno
407 4600 453 4640 etc.
524 4593 557 4641 20
575 4607 590 4640 a
607 4601 708 4641 centum
794 4595 827 4642 21
845 4590 932 4650 1ιιιιιιο,
951 4606 1019 4641 corr.
1038 4591 1106 4640 huno
1192 4595 1224 4642 22
1244 4603 1269 4642 et
1285 4593 1373 4658 inceps

110 4647 257 4728 bisantione
306 4659 409 4725 ebraice
477 4658 612 4709 alanino
689 4661 722 4711 26
740 4660 856 4710 *braham
909 4661 923 4708 d
975 4670 1000 4709 et
1017 4661 1049 4709 ah
1068 4657 1096 4708 ho
1182 4663 1215 4711 26
1233 4659 1373 4710 habraham

111 4715 353 4792 lltnedgptongon
372 4725 513 4776 disinentea
581 4727 615 4777 28
633 4727 709 4778 liuius
727 4728 782 4795 aclq
832 4727 891 4776 huic
909 4726 1037 4777 habrahae
1084 4730 1370 4789 contrahendarum.

122 4793 145 4830 ns
185 4791 214 4840 29
229 4794 327 4844 inubilia
344 4795 493 4844 femininina
547 4797 580 4846 30
598 4795 645 4844 dea
664 4797 757 4856 orrania,
776 4798 811 4859 cs.
822 4798 892 4858 infra
906 4798 956 4846 32:
973 4795 1070 4846 deabus
1089 4797 1230 4862 animabus,
1249 4805 1275 4848 et
1290 4813 1372 4864 porro

117 4854 290 4916 etthoen
308 4864 409 4912 animus
462 4862 528 4912 mola
596 4865 628 4913 32
648 4865 814 4914 terminantur
866 4864 997 4914 animabus
