3346 5558
396 349 482 400 VITA
500 349 523 400 Λ
542 348 687 400 FLACCO
706 349 817 400 numo
837 348 1077 402 CONSCBIP'I'A.
1287 364 1390 412 ccffl

82 538 229 619 pilleatus
251 540 360 599 meruit
381 538 536 617 subrogari
553 545 583 599 ct
598 557 612 598 a
629 539 777 601 Cicerone
797 538 959 600 ordinatim
983 548 1099 600 sextum
1121 541 1151 600 in
1174 541 1277 602 senatu
1300 539 1389 601 subiit

84 643 201 702 locum.
253 640 343 718 Igitur
371 643 440 721 quia
467 638 601 702 habitum
629 641 761 722 corporis
790 642 853 703 eius
882 641 1015 702 breuiter
1046 642 1289 721 perstrinximus,
1318 641 1390 703 libet

85 761 144 822 per
169 740 285 821 singula
308 761 375 804 curn
399 761 493 824 paene
515 742 649 804 membra
671 741 835 822 desIgnare.
880 743 950 804 Erat
980 744 1089 824 quippe
1118 751 1228 805 statura
1258 743 1388 824 pusillus,
1476 823 1482 836 .

88 845 192 924 capite
213 844 341 906 rotundo
363 845 391 906 in
416 845 534 908 modum
559 846 675 907 tresicac
698 847 782 925 porci
804 844 918 926 capillis
941 845 1098 907 admodum
1114 847 1189 906 rasis
1205 853 1234 908 ct
1247 847 1409 908 scabiosis*

57 957 185 1026 satque
206 945 420 1010 melancholico
449 947 574 1010 humore
601 947 797 1010 madentibus.
843 949 930 1009 Facio
958 947 1032 1008 adeo
1060 949 1186 1018 rustica,
1217 967 1275 1010 uuo
1304 949 1390 1010 oculo

87 1048 202 1118 luscus,
227 1049 318 1112 altero
342 1049 448 1130 lippus,
472 1049 548 1111 collo
572 1047 674 1129 gracili
691 1058 720 1111 et
736 1067 849 1130 grosso,
873 1048 1003 1111 brachiis
1019 1048 1160 1111 breuibus
1176 1058 1205 1111 et
1220 1053 1388 1122 contractis,

88 1151 222 1229 genibus
245 1150 323 1220 latis,
353 1151 434 1212 tibiis
456 1152 564 1232 oppido
587 1153 679 1214 otrrtis
701 1161 731 1213 et
753 1153 877 1231 grossis,
907 1151 1034 1231 pedibus
1062 1151 1129 1214 latis
1157 1159 1187 1213 ot
1214 1154 1331 1231 spissis,
1361 1161 1391 1214 ot

90 1254 163 1333 quid
189 1252 383 1314 morandum?
405 1255 503 1315 omnia
526 1252 699 1315 habitudine
722 1271 811 1316 seruo
827 1251 998 1314 consimilis.
1045 1254 1099 1315 llic
1116 1253 1284 1315 calaumaco
1301 1264 1391 1335 caput

90 1356 200 1416 loueus
222 1374 312 1436 super
334 1357 438 1434 quauis
461 1356 574 1417 ratione
603 1352 755 1418 consultus
783 1355 915 1417 breuiter
942 1358 1039 1417 omnia
1064 1365 1093 1417 et
1115 1355 1274 1418 luribuude
1297 1357 1388 1436 expli-

48 1457 191 1527 meabat,
215 1458 254 1518 ita
277 1466 309 1518 ut
330 1477 386 1518 noc
408 1457 525 1536 quidem
554 1477 569 1518 a
593 1456 743 1539 discipulis
770 1459 948 1536 Interrogari
976 1457 1105 1520 auderet.
1151 1457 1295 1529 Quocirca
1319 1459 1388 1520 dum

89 1578 185 1639 saepe
208 1559 308 1622 lurore
331 1568 542 1640 perstreperet,
566 1560 676 1640 uulppo
698 1562 747 1621 oui
770 1577 875 1622 anaso
898 1559 1067 1622 obscenitas
1089 1559 1238 1622 dellnobat
1260 1559 1386 1630 assidua,

90 1669 198 1722 senatu
231 1659 331 1742 pulsus
358 1661 508 1722 cuiusdam
538 1661 698 1724 macellarii
725 1659 869 1724 famulitio
898 1669 1052 1743 susceptus
1080 1671 1133 1723 est.
1183 1661 1269 1722 l'luru
1299 1661 1390 1742 pudet

90 1765 217 1826 referre.
262 1763 341 1824 Obiit
363 1762 429 1824 lllll
450 1763 513 1825 llal.
538 1762 666 1824 Ianuarii
689 1770 719 1823 ot
740 1765 903 1843 proiectum
927 1772 972 1824 est
993 1763 1118 1826 cadauer
1141 1765 1204 1824 eius
1226 1764 1387 1836 iulossam

90 1885 151 1943 quo
176 1867 328 1946 peregrini
350 1865 595 1944 aggregabuntur.

55 2011 78 2048 ¹5·
184 2000 310 2078 Explicit
331 2000 416 2062 vira
439 1999 558 2062 [luunt
582 2001 720 2064 nonant
742 2000 986 2064 GRAMMATICI.

165 2295 177 2340 l
198 2289 308 2356 pileatus
328 2289 459 2342 lbbricius
511 2291 642 2356 surrogari
660 2291 794 2343 Fabricius
846 2293 869 2340 in
890 2303 980 2341 senatu
997 2293 1131 2342 Fabrloiru
1155 2293 1179 2340 ln
1199 2301 1313 2342 senatum
1330 2295 1389 2344 cod.

246 2355 268 2424 s.

89 2429 245 2479 allabitum
264 2429 393 2492 corporis,
415 2430 440 2478 in
458 2444 537 2492 morp.
556 2425 615 2493 cpio
701 2431 800 2492 3pene
890 2428 1050 2488 osabtosts,
1073 2429 1099 2478 in
1117 2445 1195 2494 marg.
1213 2425 1232 2491 l·
1251 2445 1295 2478 sco
1375 2433 1391 2479 b

90 2547 283 2610 melancontco,
302 2547 449 2610 inmorp.l
536 2546 719 2598 Sconslmulis
738 2546 870 2597 Faenum
939 2547 1022 2613 capud
1086 2549 1139 2600 .12
1162 2505 1289 2612 l'ttmullblo
1359 2549 1391 2598 13

90 2633 163 2681 obiit
183 2631 246 2681 XIV
263 2631 318 2682 Kal.
338 2632 470 2683 Fabrict'm
540 2634 570 2683 15
589 2629 773 2684 unanlnrtcr
