3316 5566
624 402 837 456 cunnensls.
1344 403 1385 466 79

76 586 254 648 desinentes
276 591 533 650 communissent
556 591 689 668 generis,
714 591 791 652 idest
807 590 962 652 masculini
987 599 1017 651 et
1039 591 1184 658 leminini,
1208 593 1251 652 sic
1268 599 1297 653 et
1312 609 1382 652 ccu-

78 691 209 767 paratiui
232 691 264 750 in
289 708 323 750 us
345 689 518 752 desinentes
533 708 707 754 communes
723 697 792 754 sunt
807 691 885 752 inter
901 700 1037 754 neutrum
1053 693 1183 754 nominis
1198 700 1228 754 et
1243 700 1382 756 neutrum

77 789 227 856 aduerfli.
272 790 403 854 Dicimus
425 794 504 854 enim
528 793 637 854 bonum
662 793 767 856 melius
790 795 951 874 optimum,
976 802 1006 855 et
1027 793 1104 855 hene
1127 792 1234 856 melius
1257 797 1381 875 optime:

77 895 120 952 sic
149 892 271 954 doctum
301 895 420 957 doctius
447 895 668 966 doctissimum,
699 903 728 956 et
756 895 843 958 docte
873 895 990 959 doctius
1018 896 1203 966 doctissimo
1232 897 1380 960 modicum

53 999 181 1056 ominus
203 998 373 1066 minimum,
398 1003 427 1058 et
449 997 564 1059 modice
587 998 684 1058 minus
706 999 843 1067 minime;
873 1017 1013 1078 magnum
1037 999 1130 1060 maius
1153 1000 1329 1070 maximum,
1352 1008 1382 1061 et

79 1115 188 1175 magne
216 1099 312 1159 maius
340 1101 482 1168 maxime:
512 1099 621 1160 malum
649 1101 735 1180 peius
763 1101 940 1180 pessimum,
970 1107 1000 1160 et
1022 1098 1098 1161 male
1121 1102 1208 1180 peius
1235 1103 1379 1182 pessime:

79 1202 199 1280 sapiens
228 1202 391 1280 sapientius
419 1202 686 1280 sapientissimum,
721 1210 751 1262 et
778 1205 929 1282 sapienter
957 1203 1119 1280 sapientius
1146 1205 1378 1282 sapientissime;

79 1300 211 1380 locuples
230 1301 405 1382 locupletius
422 1301 697 1384 locupletissimum,
714 1309 743 1364 et
756 1303 922 1384 locupleter
934 1303 1112 1384 locupletius
1132 1301 1378 1385 locupletissime;

78 1405 162 1464 iners
185 1405 312 1465 inertius
334 1407 564 1474 inertissimum,
589 1413 618 1466 et
632 1407 746 1467 inerter
761 1407 887 1467 inertius
910 1407 1106 1474 inertissime:
1130 1405 1223 1470 audax
1239 1405 1380 1469 audacius
1436 1475 1442 1486 ‚

49 1515 68 1553 ¹⁰
80 1505 323 1576 audacissimum,
348 1514 377 1567 et
399 1507 540 1568 audacter
561 1507 610 1568 uel
634 1507 785 1570 audaciter
807 1507 950 1571 audacius
965 1505 1170 1568 audacissime.
1204 1508 1278 1569 ltem
1294 1509 1379 1579 scias,

80 1609 153 1670 sicut
176 1611 276 1670 omnia
300 1607 481 1688 superlaliua
505 1609 666 1671 masculina
690 1611 719 1670 in
743 1629 779 1671 us
803 1611 1000 1671 terminantur
1023 1616 1053 1669 et
1075 1609 1172 1670 omnia
1196 1609 1377 1689 superlatiua

80 1711 220 1771 leminina
249 1713 279 1770 in
304 1730 319 1770 a
342 1718 371 1771 et
394 1718 531 1772 rreutrum
554 1713 584 1772 in
608 1731 672 1782 um,
701 1713 744 1772 sic
772 1713 860 1772 etiam
891 1711 991 1771 omnia
1013 1710 1196 1788 superlatiua
1218 1711 1377 1774 aduerhio·

80 1830 144 1872 rum
168 1814 200 1874 in
225 1831 241 1872 e
263 1811 398 1874 uocalem
428 1831 548 1894 semper
576 1815 774 1874 terminantur
795 1811 807 1895 ΙΙ
829 1812 880 1874 iol.
898 1809 957 1873 g7s
975 1808 1000 1893 Η.
1046 1809 1211 1890 Aliquando
1238 1821 1337 1875 autem
1361 1832 1376 1874 a

82 1915 242 1994 participiis
264 1916 455 1994 conparatiua
478 1917 618 1982 ueniunt.
643 1922 675 1975 ut
696 1913 852 1994 indulgens
874 1913 1077 1992 indulgentior
1100 1923 1130 1975 ot
1150 1932 1254 1976 amans
1271 1900 1376 1978 aman«

51 2017 149 2085 urion
179 2015 338 2094 aliquando
363 2036 435 2078 uero
458 2017 494 2078 ab
518 2015 668 2078 aduerlriis
690 2017 754 2076 siue
776 2014 1048 2097 praepositionibus
1070 2017 1209 2086 ueniunt,
1238 2025 1272 2076 ut
1293 2025 1376 2078 extra

82 2119 216 2187 exterior,
246 2118 322 2180 ultra
347 2118 480 2188 ulterior,
509 2120 583 2180 citra
606 2119 742 2189 citerior,
766 2121 844 2180 intra
867 2118 1000 2187 interior,
1025 2117 1103 2178 inlra
1126 2117 1260 2188 interior,
1286 2137 1375 2198 supra

81 2222 222 2298 superior,
251 2229 320 2301 post
346 2223 504 2301 posterior,
534 2238 628 2301 prope
650 2221 782 2300 propior,
812 2227 879 2282 ante
902 2220 1049 2289 anterior;
1080 2220 1124 2280 sic
1146 2237 1162 2280 a
1185 2221 1301 2300 pridem
1325 2219 1376 2281 ad·

83 2320 182 2381 uerbio
210 2321 324 2383 abiecta
354 2323 420 2384 dem
451 2324 595 2402 accipitur
622 2329 651 2382 et
679 2320 748 2382 lacit
771 2323 995 2402 conparatiuum
1018 2321 1112 2399 prior,
1136 2321 1187 2382 sed
1209 2323 1220 2381 i
1242 2323 1375 2402 corripit,

82 2423 111 2484 in
135 2422 318 2504 superlatiuo
342 2443 414 2486 uero
436 2426 570 2486 seruauit
590 2423 833 2503 productionem:
864 2428 985 2501 accepta
1010 2439 1076 2482 mus
1098 2422 1167 2483 lacit
1189 2424 1315 2505 primus,
1340 2442 1374 2484 ex

53 2542 136 2603 oque
157 2527 290 2587 nascitur
318 2527 415 2607 primo
443 2527 490 2587 uel
518 2527 615 2606 prime
638 2524 822 2586 aduerbium.
869 2523 942 2586 ltem
964 2526 1055 2596 scias,
1080 2523 1157 2604 quod
1181 2529 1375 2607 conparatiuo

85 2633 107 2684 et
134 2627 316 2707 superlatluo
344 2627 400 2688 hae
433 2627 594 2707 particulae
623 2627 699 2688 adici
729 2645 787 2689 non
816 2623 940 2695 debent,
973 2625 1051 2687 idest
1084 2635 1141 2688 tam
1176 2628 1249 2689 adeo
1282 2630 1377 2707 magis

85 2731 204 2790 maxime
233 2731 334 2790 minus
355 2731 492 2802 minime,
525 2729 577 2790 sed
606 2731 736 2809 position
765 2727 937 2789 adiciendae
965 2736 1049 2796 sunt,
1083 2737 1134 2790 aut
1161 2729 1297 2808 augendo
1326 2739 1376 2791 aut
1419 2797 1422 2802 ,

85 2830 252 2900 minuendc;
281 2831 433 2910 augendo,
463 2839 577 2893 uttam
606 2830 716 2900 bontas,
745 2829 819 2890 adeo
848 2829 956 2896 bonus.
986 2831 1079 2909 magis
1107 2830 1218 2900 bonus,
1248 2832 1374 2892 manime

85 2928 187 3000 bonus;
222 2930 399 3003 minuendo,
434 2942 468 2994 ut
499 2935 599 2994 minus
633 2931 744 3002 bonus.
782 2933 904 2993 minime
938 2929 1042 2992 bonus.
1087 2933 1123 2993 Vt
1156 2931 1375 2994 Priscianus

56 3029 161 3094 adicit:
183 3035 303 3096 Minus
326 3033 545 3096 adnerbium
568 3042 623 3096 est
646 3033 791 3112 quando
814 3052 892 3095 cum
915 3035 1080 3113 positiuo
1101 3036 1271 3096 iunctum
1293 3052 1374 3096 con·

87 3139 216 3199 trariae
244 3137 548 3216 significationis
583 3137 881 3215 comparatiuum
910 3134 1158 3206 demonstrat,
1189 3142 1227 3196 ut
1256 3137 1374 3197 minus

86 3235 228 3318 ineptus
251 3239 311 3300 uel
334 3241 455 3300 minus
477 3239 630 3309 stultus,
653 3257 719 3320 pro
742 3236 983 3318 prudentiam
1007 3246 1063 3300 est
1086 3245 1208 3299 tameo
1230 3237 1374 3317 quando

86 3355 144 3414 pro
178 3343 288 3402 ‘non'
326 3339 507 3402 aduerhio
543 3342 716 3421 ponitur,
754 3347 793 3400 ut
829 3341 951 3400 minus
988 3339 1107 3402 bonus
1142 3358 1210 3421 pro
1247 3338 1372 3402 malus.

88 3439 197 3510 Quando
228 3451 326 3505 autem
360 3444 483 3504 minime
516 3441 563 3502 uel
593 3443 719 3503 maxime
746 3443 875 3522 positiuo
903 3443 1046 3521 iungitur,
1074 3443 1172 3504 uicem
1199 3439 1373 3522 superlatiui

58 3545 218 3625 acomplet,
247 3554 279 3607 ut
306 3542 560 3615 cintasindus,
593 3544 670 3606 idest
691 3545 855 3623 pessimus,
891 3552 921 3604 et
947 3546 1076 3605 maxime
1105 3543 1214 3613 honus,
1243 3541 1301 3603 hoc
1330 3550 1374 3605 est

88 3647 212 3724 optimus.
257 3648 331 3709 ltem
354 3645 564 3726 conparatiuus
586 3648 738 3708 inuenitur
759 3663 815 3726 pro
836 3647 964 3726 positiuo
987 3647 1102 3726 positus
1116 3653 1147 3706 et
1162 3647 1261 3707 minus
1281 3645 1370 3723 signi-

88 3745 477 3829 lcatetnulliconparatur,
502 3756 548 3809 ut:
574 3751 661 3808 ‘lam
684 3750 827 3818 sanior,
851 3747 916 3808 sed
940 3748 1051 3809 cruda
1075 3747 1142 3808 deo
1165 3746 1372 3825 uiridisque

89 3855 272 3914 senectus'.
303 3851 524 3912 Priscianus
547 3850 632 3912 dicit:
655 3849 719 3911 Est
741 3849 887 3929 quando
909 3869 976 3929 pro
999 3851 1166 3929 positiuo
1189 3867 1372 3929 conpara·

88 3953 176 4015 tinus
197 3956 347 4035 positus
369 3953 492 4014 minus
514 3970 555 4013 eo
577 3953 775 4031 significat
797 3959 832 4014 et
853 3951 946 4013 nulli
969 3961 1213 4033 conparatur,
1237 3959 1269 4012 ut
1291 3953 1372 4012 ‘tri-

62 4056 167 4117 srtior
189 4056 306 4137 adque
331 4053 462 4117 oculos
489 4052 660 4115 lacrimis
688 4055 834 4116 suliusa
863 4056 1067 4124 nitentes’;
1095 4055 1247 4115 tristior
1277 4053 1371 4113 enim

89 4149 137 4214 lic
156 4159 212 4220 ‘eu
235 4166 343 4240 parte
367 4158 534 4220 tristem'
558 4157 766 4235 significat.
804 4156 958 4218 lnuenitur
980 4176 1068 4238 saepe
1091 4155 1301 4236 conparatiuus
1317 4172 1371 4234 pro

142 4313 206 4320 -.-—.
213 4315 259 4320 -....
286 4315 300 4320 .-

145 4415 301 4466 lcnmmuni
371 4410 564 4482 2desiuentes]
585 4415 743 4465 continentes
796 4415 879 4465 neutri
897 4414 1008 4464 nominis
1077 4408 1231 4477 Blocuplex
1299 4408 1371 4461 locu-

90 4473 145 4550 lltlc
206 4485 320 4535 tinente
390 4485 422 4534 10
440 4483 558 4533 audatius
577 4484 773 4535 audatiasimum
842 4483 966 4534 eudiciter
1036 4483 1066 4532 l’l
1084 4482 1206 4547 proprior
1275 4479 1308 4529 18
1325 4479 1371 4529 ad-

16 4602 17 4617 ]
90 4556 141 4595 stela
186 4551 319 4618 accipitur]
338 4553 396 4602 An:
414 4552 506 4618 accipit
524 4551 570 4600 ori
630 4553 841 4617 incoeperamus
909 4553 943 4602 20
979 4551 1043 4599 rima
1062 4549 1101 4598 nel
1120 4550 1202 4614 prime
1261 4549 1293 4597 21
1312 4562 1371 4613 par-

16 4681 17 4688 }
91 4611 151 4665 ticnle
213 4623 246 4672 22
263 4619 400 4670 adiciende
452 4622 486 4672 23
503 4619 551 4670 ade
575 4620 657 4670 bonus
725 4621 759 4670 24
776 4615 935 4683 Priscianus]
953 4566 977 4668 ἵ
986 4635 1014 4683 p.
1034 4621 1083 4673 93.
1103 4620 1145 4666 20.
1215 4617 1249 4666 25
1267 4626 1306 4666 eat
1323 4632 1371 4670 ont.

16 4689 17 4714 ³
117 4689 230 4738 conuerte
297 4689 553 4755 recooperandum
627 4690 659 4738 2⁷
677 4683 753 4754 inept'
820 4687 854 4737 28
871 4686 992 4736 aduerbia
1061 4687 1093 4736 32
1113 4694 1269 4750 cooperator
1320 4684 1370 4734 iam

91 4751 172 4822 sutor]
193 4757 493 4824 Verp.Aen.V1304.
546 4773 573 4806 se
591 4757 669 4806 crrrda
687 4755 719 4806 de
737 4771 767 4806 ec
836 4757 869 4806 33
887 4751 1046 4818 Priscianus]
1065 4753 1082 4802 1
1097 4769 1126 4818 p.
1145 4754 1223 4814 92,9
1275 4767 1370 4818 conpa-

92 4820 171 4871 ratiuus
186 4827 315 4891 positiuus
332 4827 364 4876 34
382 4824 453 4876 nullu
505 4822 611 4890 tristior]
635 4824 904 4889 Verp.Aen.1228
972 4823 1005 4874 36
1024 4822 1158 4872 lnuenitur
1176 4847 1207 4858 -
1226 4835 1273 4887 pro
1291 4815 1371 4886 senis]

92 4884 119 4943 is·
132 4889 207 4944 Prisc.
225 4896 240 4944 l.
258 4897 275 4944 l.
295 4897 311 4943 6
362 4909 424 4962 sepe
