3346 5558
606 318 846 372 ommutui
1336 319 1379 384 45

74 527 153 578 rum,
177 507 285 570 datiuo
307 509 353 571 bis
376 507 520 578 laciebus,
545 509 714 572 accusatiuo
737 509 790 570 bas
805 509 909 578 iacies,
935 509 1071 569 uocatiuo
1086 527 1105 568 o
1119 507 1225 580 iacies,
1248 508 1377 570 ablatiuo

74 609 178 671 abbis
202 609 349 672 faciebus.
393 611 444 672 Sic
470 608 679 673 declinandum
708 619 766 673 est:
790 612 869 673 acies
891 609 990 672 rabies
1012 610 1160 691 pernicies
1183 609 1249 672 dies
1271 608 1378 690 glacies

73 713 196 774 canities
220 715 339 793 species
361 719 391 774 et
411 711 458 773 bis
479 711 595 774 similia.

155 815 235 878 ltem
259 833 368 878 nomen
391 815 567 877 femininum
596 813 676 893 quod
703 811 900 876 declinabitur
929 815 985 876 sic:
1015 815 1200 877 nominatiuo
1228 813 1377 877 baeodo·

44 917 165 988 anina,
198 919 343 998 genetiuo
372 917 459 978 buius
487 917 640 986 dominae,
675 915 774 978 datiuo
809 914 878 977 huic
912 916 1072 1004 dominae,
1098 917 1268 978 aecusatiuo
1300 915 1377 977 bano

75 1017 246 1091 dominam,
270 1020 408 1081 uocatiuo
431 1036 449 1078 o
471 1018 608 1088 domina,
632 1016 761 1081 ablatiuo
784 1017 820 1078 ab
842 1017 899 1079 bac
913 1017 1032 1080 domina
1055 1023 1085 1078 et
1106 1015 1260 1098 pluraliter
1282 1019 1377 1080 nomi-

75 1122 172 1182 natiuo
195 1120 257 1182 bae
279 1120 432 1192 dominae,
455 1121 594 1200 genetiuo
622 1119 728 1181 barum
758 1117 960 1190 dominarum,
989 1119 1090 1181 datiuo
1117 1118 1164 1181 bis
1192 1118 1376 1189 dominabus,

76 1223 246 1284 aecusatiuo
269 1221 324 1284 bas
346 1221 495 1294 dominas,
519 1223 655 1283 uocatiuo
678 1241 695 1282 o
718 1221 871 1290 dominae,
901 1220 1030 1282 ablatiuo
1058 1220 1095 1283 ab
1123 1221 1170 1283 bis
1192 1220 1376 1283 dominabus.

75 1323 120 1384 Sic
141 1324 358 1388 declinandum
382 1333 440 1386 est:
465 1325 562 1386 anima
585 1323 663 1384 mula
692 1339 767 1402 equa
795 1322 865 1394 dea,
895 1322 1119 1403 quodpropter
1146 1322 1376 1386 discernendum

48 1441 176 1487 asarum
207 1426 329 1489 dieitur.
382 1425 456 1488 Nam
485 1424 617 1505 equabus
645 1433 676 1486 et
701 1423 837 1487 mulabus
864 1432 894 1486 et
921 1424 1036 1503 reliqua
1063 1425 1094 1484 iu
1122 1424 1179 1487 boc
1208 1443 1278 1487 casu
1307 1425 1376 1486 ideo

76 1535 175 1590 uonna
198 1529 351 1590 rationem
374 1529 446 1590 artis
469 1535 630 1608 ponuntur,
647 1545 686 1588 ne
698 1524 854 1590 masculini
867 1526 974 1606 potius
996 1543 1084 1604 quam
1107 1527 1241 1590 seminini
1256 1529 1376 1607 generis

77 1631 280 1691 nominentur.

153 1731 234 1794 ltem
256 1750 367 1794 nornen
389 1731 469 1811 quod
491 1733 522 1793 in
545 1731 688 1810 singularl
710 1747 837 1792 numero
861 1729 950 1792 babet
970 1747 1066 1808 genus
1088 1729 1284 1792 masculinum
1301 1737 1328 1791 et
1345 1731 1375 1790 in

77 1830 178 1909 plurali
193 1841 339 1896 neutrum
355 1834 538 1895 nominatiuo
553 1833 602 1895 bic
613 1833 770 1904 Tartarus,
785 1833 926 1911 genetiuo
943 1831 1031 1893 buius
1047 1829 1173 1902 Tartari,
1190 1832 1290 1894 datiuo
1306 1831 1375 1893 huic

49 1931 206 2006 ulartaro,
225 1937 396 1998 accusatiuo
412 1935 491 1998 bunc
505 1936 679 2006 Tartarum,
696 1934 834 1995 trocatiuo
849 1952 868 1995 o
883 1933 1016 2004 Tartara,
1033 1931 1161 1996 ablatiuo
1177 1932 1215 1995 ab
1231 1933 1287 1996 boc
1302 1933 1375 1996 'l'ar-

78 2043 135 2096 taro
150 2046 180 2099 et
194 2037 353 2118 pluraliter
369 2039 551 2100 nominatiuo
567 2036 641 2098 baec
656 2035 795 2108 Tartara,
811 2037 981 2098 accusatiuo
995 2033 1070 2096 baeu
1084 2033 1222 2107 Tartara,
1239 2035 1375 2098 uocatiuo

79 2137 235 2201 oTartara.
266 2139 341 2202 Nam
357 2148 387 2200 et
401 2139 583 2220 reliquorum
601 2156 721 2200 casuum
738 2135 853 2199 declina
870 2139 959 2199 tionis
974 2137 1004 2198 iu
1017 2136 1075 2198 boc
1088 2138 1209 2198 nomine
1223 2137 1254 2198 in
1270 2134 1374 2217 plurali

80 2257 196 2302 numero
211 2259 271 2303 oon
284 2249 343 2302 tam
354 2237 441 2301 laeile
453 2239 563 2302 dietum
575 2241 755 2302 insanimus.
772 2239 822 2301 Sic
833 2237 1043 2300 declinandum
1055 2247 1099 2300 est
1110 2237 1215 2300 sibilus
1223 2236 1373 2300 carbasus.

155 2343 371 2422 Quaecumque
394 2343 514 2404 nomlua
537 2340 667 2404 ablatiuo
689 2359 760 2403 casu
783 2358 909 2403 numero
937 2339 1119 2420 singularia
1142 2341 1190 2403 uel
1217 2360 1236 2402 o
1262 2340 1375 2403 luerint

52 2445 232 2507 attaminata
256 2444 428 2523 genetiuum
450 2441 596 2523 pluralem
618 2443 648 2505 in
671 2461 736 2504 rum
760 2440 901 2522 syllabam
924 2443 1057 2512 mittunt,
1080 2441 1213 2505 datiuum
1242 2451 1272 2504 et
1294 2441 1374 2504 abla-

82 2541 165 2606 buum
186 2547 220 2608 in
242 2547 283 2616 is,
308 2552 340 2606 ut
359 2547 386 2606 si
408 2545 488 2606 dicas
510 2543 641 2607 ablatiuo
655 2545 692 2608 ab
708 2545 766 2607 boc
787 2545 853 2606 uiro
876 2543 983 2606 borum
1006 2545 1151 2615 uirorum,
1175 2543 1213 2606 ab
1235 2544 1292 2606 boc
1315 2551 1373 2605 ter·

82 2646 152 2705 mino
173 2647 284 2710 borum
305 2648 517 2718 terminorum,
547 2645 584 2707 ab
607 2646 665 2709 boc
685 2645 782 2726 gladio
804 2644 912 2707 borum
935 2644 1115 2724 gladiorum,
1142 2648 1187 2707 sic
1209 2654 1239 2707 et
1260 2644 1297 2708 ab
1320 2645 1375 2706 bac

82 2743 196 2810 ecelesia
220 2747 326 2810 barum
350 2747 560 2818 ecelesiarum,
590 2748 670 2809 sicut
696 2746 733 2810 ab
756 2747 812 2809 bac
839 2745 938 2810 labula
966 2747 1070 2810 barum
1093 2746 1274 2818 fabularum,
1298 2749 1376 2808 sicut

83 2848 160 2910 etiam
181 2849 220 2912 ab
243 2850 299 2911 bae
321 2847 436 2912 macula
463 2850 569 2912 barum
592 2849 785 2913 macularum.
831 2846 867 2909 Et
889 2848 963 2911 dicis
990 2849 1127 2912 similiter
1149 2849 1195 2910 bis
1217 2855 1248 2910 et
1269 2848 1305 2910 ab
1329 2847 1375 2910 bis

55 2947 161 3020 antris,
182 2950 230 3012 bis
249 2958 280 3012 et
301 2949 339 3013 ab
362 2950 407 3012 bis
422 2953 573 3023 terminis,
601 2950 647 3012 bis
675 2959 706 3014 et
733 2949 770 3012 ab
797 2950 846 3012 bis
872 2949 990 3030 gladiis,
1020 2949 1156 3014 similiter
1183 2957 1213 3011 el
1241 2948 1375 3011 ecelesiis

83 3047 178 3114 fabulis
200 3052 336 3116 maculis.

157 3154 370 3236 Quaecumque
397 3157 518 3217 nomina
545 3152 674 3217 ablatiuo
702 3173 772 3216 casu
801 3155 920 3216 numeri
946 3153 1107 3234 singularis
1130 3173 1146 3216 e
1173 3152 1221 3215 uel
1243 3155 1254 3214 i
1283 3152 1372 3216 uelu

84 3252 183 3318 luerint
210 3259 397 3328 terminata,
417 3258 589 3338 genetiuum
622 3254 767 3336 pluralem
796 3259 930 3327 mittunt,
954 3258 980 3318 si
1003 3275 1019 3318 e
1042 3256 1185 3338 producta
1208 3255 1311 3326 luerit,
1341 3257 1372 3317 in

140 3559 252 3629 iacies]
273 3563 396 3613 acerrimam
414 3563 568 3614 eamnerota‘o
586 3562 649 3612 llaec
667 3562 744 3612 estin
757 3559 791 3614 B:
810 3561 877 3611 acies
896 3561 981 3612 rabies
1000 3561 1100 3612 scabies
1118 3562 1252 3628 congeries
1270 3563 1371 3628 species

86 3631 207 3692 temperies
225 3632 328 3693 requies
346 3631 401 3680 dies
420 3630 515 3694 glacies
534 3629 645 3679 canicies
664 3639 689 3678 et
706 3628 746 3678 his
767 3629 861 3680 similia
914 3630 1036 3695 pernities
1055 3631 1078 3679 Α
1130 3631 1225 3680 ditem
1244 3629 1314 3679 aliud
1332 3642 1372 3679 est

85 3698 202 3747 nonenss
255 3699 293 3746 sic
316 3697 378 3750 baec
394 3699 501 3747 domina
518 3705 567 3747 ete.
585 3698 685 3748 ombria
701 3713 803 3748 eamean
821 3696 998 3748 ammnlbmb
1083 3697 1223 3748 ddomina
1241 3697 1372 3763 pluraliter

86 3757 101 3805 Β
159 3766 342 3816 decensatiuo
360 3765 407 3816 bns
425 3766 544 3816 dominas
565 3766 682 3814 uocatiuo
700 3763 787 3816 om.B
856 3766 938 3814 ildea
960 3765 1046 3816 ΜΒ
1098 3767 1169 3827 quod
1186 3779 1248 3814 uero
1266 3777 1372 3831 propter

86 3824 101 3872 Β
170 3836 204 3886 10
220 3833 319 3896 reliqua
336 3833 478 3883 nominati
567 3834 597 3882 11
616 3831 785 3882 racionemB
854 3847 887 3882 ne
903 3833 1038 3882 masculini
1056 3834 1143 3899 potius
1161 3847 1239 3898 quam
1257 3832 1373 3884 leminini

85 3899 270 3952 nominenturA
306 3917 338 3951 ne
364 3900 506 3951 masculino
533 3900 624 3966 pocius
649 3915 727 3962 quam
744 3899 872 3950 lemeuiuo
891 3915 985 3965 genere
1006 3902 1176 3965 pronunciare
1199 3900 1373 3951 uideanturB

87 3963 111 4011 1²
125 3965 180 4018 ltem
199 3969 271 4033 quod
294 3970 321 4018 iu
343 3969 469 4034 singulari
491 3983 597 4018 numero
620 3967 697 4018 habet
719 3983 802 4034 genus
828 3968 997 4018 masculinum
1016 3978 1041 4017 et
1058 3969 1084 4016 in
1102 3967 1195 4034 plurali
1213 3979 1330 4019 neutrum
1349 3970 1372 4018 A

87 4027 135 4082 lton
155 4051 249 4088 nomen
271 4037 298 4086 in
321 4037 452 4102 singulare
479 4050 585 4086 numero
612 4035 754 4086 masculino
777 4051 871 4102 genere
888 4045 929 4086 est
946 4036 971 4084 in
990 4035 1082 4100 plurali
1101 4037 1184 4085 nerrtri
1202 4036 1243 4085 lric
1261 4045 1371 4086 tartarus

86 4093 147 4151 baius
163 4106 251 4154 tartari
269 4103 357 4155 etc.B
444 4105 476 4155 14
495 4118 510 4154 o
529 4103 677 4154 tanerusB
756 4105 789 4156 lb
807 4113 902 4154 tartaro
921 4103 1053 4169 pluraliter
1070 4103 1169 4153 bnecB
1222 4105 1371 4154 aecusatiuo

88 4163 136 4216 bueo
150 4171 256 4222 Tartara
275 4173 393 4222 uocatiuo
411 4187 427 4221 o
444 4172 550 4222 Tartara
571 4169 659 4223 om.B
746 4173 779 4222 ld
802 4185 861 4220 narn
884 4170 1079 4234 reliquorumB
1131 4171 1369 4222 declinationuma

87 4231 303 4290 declinationemB
391 4240 423 4290 tt
441 4242 466 4289 in
484 4238 575 4306 plurali
594 4253 700 4289 numero
718 4238 806 4291 oua.B
858 4239 954 4290 dictum
972 4239 1058 4290 orn.B
1141 4240 1173 4290 18
1191 4241 1328 4290 carbaseus
1347 4243 1371 4288 Α

89 4299 112 4378 ¹⁹.
126 4307 268 4358 nomeneB
321 4322 427 4358 numero
445 4308 531 4362 orn.B
599 4309 633 4358 20
651 4306 804 4373 genetiuoB
840 4307 867 4357 in
886 4323 942 4358 ram
960 4307 1085 4373 syllabam
1102 4309 1205 4358 mittunt
1221 4308 1245 4357 A
1280 4308 1369 4370 inquid

89 4380 171 4446 mittunt
187 4378 214 4426 in
233 4375 328 4426 rumB
408 4377 440 4426 at
461 4375 591 4441 quomodo
611 4384 639 4425 ut
655 4375 679 4425 si
696 4376 720 4425 A
747 4375 877 4438 quomodo
895 4375 958 4425 siB
1009 4375 1121 4426 ablotiuo
1140 4374 1226 4427 orn.B
1278 4375 1370 4425 borant

88 4447 183 4511 lberam
200 4445 239 4494 sic
256 4445 289 4493 ab
307 4442 356 4493 hac
373 4442 465 4493 eclesie
483 4441 513 4503 B,
530 4444 628 4494 ombria
645 4443 678 4492 ab
696 4444 743 4494 boc
761 4443 1011 4494 termino-borum
1030 4443 1184 4509 gladiorum.
1253 4444 1287 4494 23
1305 4443 1371 4494 eele-

88 4515 164 4582 lterum
181 4510 203 4560 B
238 4513 305 4561 sicut
322 4513 354 4560 ab
373 4511 419 4560 bac
436 4510 522 4561 labala
539 4537 573 4547 —
590 4510 681 4561 barum
698 4510 854 4561 macularum
872 4511 951 4564 ΜΒ
1020 4513 1054 4561 24
1070 4523 1096 4561 et
1112 4510 1177 4562 dicis
1194 4510 1312 4561 similiter
1329 4511 1370 4562 lais

89 4574 137 4624 uris
152 4593 174 4628 et
190 4580 222 4629 ab
241 4579 281 4630 his
306 4580 369 4629 uiris
393 4579 433 4629 lais
451 4577 550 4630 eclesiis
572 4590 597 4629 et
619 4579 651 4628 ab
669 4578 709 4630 bis
728 4580 827 4630 eclesiis
844 4593 1021 4642 quaecumque
1037 4585 1096 4640 eto,
1119 4581 1218 4632 ommia
1238 4579 1331 4631 celeria
1350 4579 1369 4629 B

88 4637 114 4688 25
127 4642 161 4695 bis
179 4657 204 4696 et
220 4649 253 4698 ab
271 4647 311 4697 bia
331 4649 394 4698 uiris
411 4647 452 4698 his
471 4657 496 4696 et
512 4647 545 4697 ab
561 4646 603 4696 his
621 4646 685 4696 uiris
703 4647 744 4697 lais
763 4657 789 4698 et
804 4650 836 4698 ab
857 4647 897 4698 his
916 4647 1029 4698 terminis
1048 4654 1097 4698 ete.
1116 4650 1138 4698 A
1208 4649 1241 4699 27
1260 4663 1370 4700 nomena

90 4703 113 4784 Β,
145 4717 239 4765 numeri
257 4715 396 4781 singularis
413 4715 498 4767 ora.B
550 4715 664 4764 elittera
683 4715 723 4765 uel
741 4732 757 4766 u
775 4716 807 4781 B,
827 4719 925 4769 ondam
944 4717 982 4767 uel
1001 4718 1018 4770 i.
1086 4715 1120 4766 28
1138 4715 1261 4782 pluralem
1279 4717 1369 4780 inquid

90 4786 172 4832 nitrum
189 4783 233 4831 AB
