3352 5556
303 397 406 444 ccxlv
610 381 659 430 ΒΕ
679 378 830 431 IVLIANO
847 377 1042 430 TOLETANO
1061 375 1303 430 GRAMMATICO

383 565 395 652 ii
420 569 440 630 i.
464 565 529 648 83?
548 565 559 650 ΙΙ
582 569 657 630 Sunt
679 567 734 630 alia
757 566 949 646 homonyma,
978 585 1053 646 quae
1082 583 1138 627 una
1168 564 1367 646 appellatione
1395 564 1477 644 plura
1501 567 1596 643 signi-

299 657 402 726 ficant,
431 660 463 714 ut
491 671 583 733 nepos
610 656 690 714 acies
718 654 806 716 aries.
856 651 954 723 Quare
983 653 1122 712 dicuntur
1150 650 1346 732 homonyma?
1390 651 1431 710 Eo
1454 652 1532 731 qnod
1565 655 1597 712 in
1669 669 1670 730 p

298 759 357 800 uno
380 741 500 800 nomine
523 737 639 816 plurem
662 738 790 799 habeant
817 737 1073 814 significationem.
1118 736 1216 815 Nepos
1239 737 1385 816 quomodo
1415 745 1459 796 est
1488 737 1597 796 bomo-
1669 751 1670 798 t

298 825 439 906 nymumi
483 823 580 902 Nepos
602 824 710 884 dicitur
732 821 809 884 lilius
831 823 881 882 lilii
905 831 934 882 et
957 840 1049 900 napos
1072 821 1179 883 dicitur
1195 821 1338 900 prodigus
1353 821 1400 882 uel
1417 821 1597 889 luxoriosus,
1669 825 1670 900 t

298 911 349 988 qui
372 908 448 969 male
471 909 601 970 uiuendo
623 927 704 970 suam
728 907 921 969 substantiam
946 907 1109 968 defraudat.
1148 907 1188 968 lia
1211 908 1274 967 eius
1295 906 1471 986 exemplum.
1518 907 1624 967 Dici-s
1669 905 1670 978 l

298 1005 346 1056 tur
369 1003 399 1055 ct
426 1002 618 1072 consumptor
646 1011 753 1072 nepos,
784 993 833 1072 qui
862 1009 986 1052 auorum
1015 1002 1045 1052 et
1075 995 1243 1070 parentium
1272 992 1396 1052 deuoret
1424 999 1533 1052 terram
1566 994 1598 1052 iu
1669 1049 1670 1054 ,

298 1096 382 1140 more
405 1079 529 1156 scorpii,
552 1079 601 1158 qui
624 1077 769 1139 deuorant
791 1086 911 1138 terram.
957 1077 1072 1156 Scorpii
1095 1079 1173 1138 enim
1197 1096 1271 1138 uxor
1294 1095 1369 1156 nepa
1392 1077 1469 1137 dicta
1493 1087 1555 1146 est,
1582 1096 1598 1136 a
1669 1077 1670 1092 ³

299 1183 358 1242 quo
382 1171 504 1242 nepotes
528 1172 637 1224 terram
661 1162 849 1223 deponentes.
894 1163 1086 1223 Cicereio
1110 1161 1321 1223 Catilinam:
1351 1162 1453 1241 ‘quis
1474 1180 1599 1240 ganeo
1669 1223 1670 1230 ,

298 1258 363 1311 aut
400 1251 482 1327 quis
516 1252 661 1328 nepos'.
717 1249 801 1310 Acies
835 1246 983 1326 quomodo
1016 1257 1062 1308 est
1094 1247 1322 1327 homonymum?
1372 1249 1458 1308 Acies
1484 1247 1600 1308 dicitur
1669 1279 1670 1310 t

300 1335 456 1405 exercitus,
480 1335 558 1394 acies
581 1333 745 1401 oculorum.
769 1334 848 1394 acies
870 1333 950 1393 icrri.
996 1333 1035 1393 [la
1060 1332 1227 1410 exemplum
1250 1333 1404 1394 exercitus.
1617 1349 1638 1384 n
1669 1371 1670 1382 .

475 1435 570 1496 ilinc
591 1437 692 1496 acies
713 1442 827 1514 atque
849 1434 934 1494 hinc
956 1436 1057 1495 acies
1079 1433 1231 1496 adstare
1254 1434 1429 1495 Latinas.¹

307 1522 347 1584 lla
364 1523 448 1584 ierri.
844 1541 848 1555 “

591 1605 670 1667 Stat
691 1604 786 1666 lerri
808 1605 914 1665 acies
937 1623 1112 1665 mucrone
1136 1622 1305 1666 corusco.

301 1692 341 1752 lla
364 1688 528 1753 oculorum.

396 1777 472 1836 Huc
495 1775 660 1853 geminas
683 1793 778 1835 nnnc
802 1774 916 1835 llecte
939 1776 1056 1844 acies,
1079 1773 1171 1837 hanc
1193 1776 1320 1855 aspice
1343 1782 1496 1854 gentem.
1619 1791 1642 1827 1³³

303 1873 387 1940 dri’es
410 1877 557 1958 quomodo
586 1883 630 1936 cst
657 1875 885 1957 homonymum?
929 1879 1013 1938 Aries
1041 1869 1147 1937 dicitur
1176 1895 1285 1937 ueruex
1316 1886 1345 1937 et
1372 1877 1450 1938 aries
1477 1876 1602 1948 dicitur,

304 1963 383 2042 quod
406 1981 502 2042 genus
526 1968 570 2022 est
591 1962 830 2032 machinamenti,
856 1961 932 2022 unde
949 1979 1056 2043 vmurus
1078 1970 1272 2041 expugnatur.
1669 1975 1670 1978 ’

387 2130 400 2215 ll
424 2132 444 2193 i.
467 2129 557 2212 84¹²ss
579 2130 658 2192 luter
681 2139 787 2210 quotus
817 2138 846 2192 et
874 2139 952 2194 totus
981 2139 1027 2192 est
1053 2130 1149 2209 aliqua
1178 2130 1317 2192 discretio
1346 2149 1382 2191 an
1412 2134 1488 2193 noni
1534 2133 1601 2193 Est.

302 2217 476 2290 Quomodo?
520 2217 613 2278 Totus
634 2223 664 2277 et
686 2216 721 2276 ad
745 2216 879 2277 ordinem
903 2219 1032 2297 pertinet
1054 2223 1082 2277 ct
1104 2217 1139 2278 ad
1163 2235 1335 2286 nnmerum,
1359 2228 1467 2296 quotus
1489 2217 1524 2278 ad
1551 2239 1602 2278 or·

302 2305 402 2363 dinem
423 2311 547 2362 tantum.
594 2300 765 2372 Quomodo?
809 2301 880 2362 Puta
903 2305 928 2362 si
951 2302 1029 2362 dicat
1058 2300 1175 2382 aliquis:
1208 2304 1340 2381 ‘quintus
1369 2311 1414 2362 est
1437 2301 1546 2364 Vincila
1573 2306 1670 2363 ineu*

305 2388 410 2449 ordine
433 2391 510 2456 suo’,
542 2386 608 2446 dico
631 2405 686 2465 ego
714 2403 860 2448 consensu
892 2389 982 2448 animi
1012 2391 1071 2448 mei
1092 2389 1205 2457 ‘totus',
1235 2387 1310 2446 idest
1332 2389 1386 2447 ‘sic
1408 2391 1474 2446 est'.
1519 2388 1603 2458 Quot

305 2471 478 2533 naturaliter
501 2471 593 2534 breue
616 2481 675 2541 est,
700 2480 817 2550 quotus,
840 2472 918 2549 quod
942 2471 1009 2532 inde
1032 2471 1197 2540 descendit,
1227 2474 1371 2548 originem
1400 2481 1499 2533 seruat
1527 2492 1605 2533 sarae

306 2555 540 2638 principalitatis.
585 2556 641 2616 Tot
664 2555 757 2618 breue
781 2565 834 2624 est,
858 2565 945 2626 totus,
970 2556 1046 2634 quod
1069 2558 1139 2617 inde
1162 2557 1322 2626 descendit,
1346 2565 1438 2618 mutat
1453 2559 1604 2635 originem

304 2662 374 2703 suae
398 2640 630 2723 principalitatis,
654 2643 720 2722 quia
744 2640 940 2721 longumest.
978 2642 1033 2724 lla·
1050 2645 1113 2702 eius
1136 2642 1312 2721 exeurplum.

516 2733 687 2805 Totus'et
708 2740 773 2805 ille
794 2745 876 2804 dics
899 2751 932 2804 et
956 2745 1017 2822 qui
1038 2753 1218 2804 nascetur
1240 2743 1282 2805 ab
1305 2743 1383 2804 illu.

777 2947 824 3008 utt
847 2893 1122 3010 conrnunhtvo.

393 3131 404 3216 Η
429 3137 449 3195 1.
472 3132 534 3196 85¹³
558 3131 569 3216 ΙΙ
586 3135 681 3214 Saepe
704 3144 802 3195 autem
826 3137 1034 3214 conparatiuns
1055 3135 1164 3212 gradus
1186 3137 1378 3213 praeponitur
1405 3133 1603 3215 superlatiuo,

304 3229 337 3282 ut
359 3219 477 3280 stultior
499 3219 669 3280 stultissimo
693 3227 722 3280 ot
743 3221 839 3280 maior
854 3221 991 3280 maximo.
1028 3219 1200 3290 Quomodo?
1237 3221 1384 3291 Quantum
1401 3221 1436 3281 ad
1452 3223 1604 3290 rationem

304 3308 449 3386 pertinet,
479 3306 576 3365 iunior
599 3307 710 3366 seniori
732 3303 876 3384 praeferri
900 3323 958 3364 non
982 3304 1084 3372 debet,
1116 3306 1166 3366 sed
1196 3308 1295 3367 inueni
1323 3315 1424 3367 contra
1454 3306 1605 3384 regulam.

307 3390 359 3452 uhi
382 3393 592 3468 conparatiuns
614 3388 794 3468 superlatiuo
818 3397 1025 3468 praeponatur.
1070 3389 1111 3450 lla
1140 3392 1203 3451 eius
1226 3390 1402 3468 exemplum.
1446 3390 1606 3454 Tiburtius
1622 3411 1649 3448 uu

304 3477 350 3536 uir
372 3474 589 3553 pulcherrimus
611 3492 746 3553 corpore,
770 3474 821 3535 sed
844 3473 999 3554 pulchrior
1022 3482 1130 3535 mente.
1523 3489 1526 3498 ’

390 3641 404 3726 ΙΙ
428 3646 448 3706 1.
472 3641 532 3704 86⁸
554 3641 567 3726 ΙΙ
587 3643 766 3721 Plerumque
788 3644 986 3723 superlatiuus
1009 3663 1062 3722 prro
1087 3646 1212 3724 positiuo
1240 3647 1354 3724 positos
1384 3649 1480 3708 minus
1507 3649 1607 3724 signi·

307 3731 376 3790 licat
399 3738 429 3790 ct
452 3727 523 3788 nulli
547 3739 734 3810 conparatur,
759 3736 790 3789 ut
812 3729 944 3808 luppiter
966 3731 1095 3807 optimus
1118 3733 1268 3791 maximus.
1314 3730 1486 3801 Quonrodoi
1524 3732 1608 3794 louis

306 3813 469 3885 dicebatur,
501 3818 550 3893 qui
580 3816 738 3892 imperauit
761 3814 906 3875 omnibus.
957 3815 1019 3874 llos
1048 3823 1111 3875 erat
1138 3816 1278 3894 antiquis,
1308 3825 1340 3876 ut
1368 3815 1437 3876 dum
1466 3825 1608 3880 mortuus

309 3900 413 3960 luisset
436 3917 538 3958 eorum
562 3901 711 3979 princeps,
735 3899 771 3958 ad
794 3898 1016 3960 similitudinem
1040 3901 1103 3959 eius
1126 3902 1275 3978 erigerent
1296 3908 1429 3972 statuam,
1451 3910 1481 3962 et
1495 3902 1608 3964 adora·
1625 3921 1654 3957 os.

307 4189 440 4250 explanat.
459 4188 484 4236 in
506 4188 629 4236 Donatum
647 4186 688 4235 lib.
707 4185 741 4235 11
758 4202 784 4250 p.
802 4187 864 4246 536,
878 4189 923 4234 28:
943 4186 992 4234 alin
1011 4197 1118 4235 aetatem
1139 4200 1166 4236 ut
1184 4189 1266 4238 bimus
1286 4191 1389 4250 trimus,
1408 4192 1476 4255 quod
1492 4207 1522 4240 eo
1540 4208 1609 4242 cou-
1669 4193 1670 4198 ’

305 4256 415 4320 probari
431 4256 539 4314 uidetur,
560 4256 629 4319 quod
644 4255 736 4303 similia
751 4253 819 4316 fere,
838 4270 868 4301 en·
887 4253 992 4317 Serpiur
1009 4272 1034 4318 p.
1055 4259 1116 4306 535.
1135 4259 1200 4316 536,
1224 4259 1256 4306 de
1279 4259 1463 4320 cognominibus
1481 4261 1605 4324 tradidit,

308 4325 343 4386 rs.
362 4325 433 4384 infra
451 4323 487 4371 ud
503 4323 560 4371 aad
613 4321 728 4370 ortubum

377 4389 667 4452 lomonimn,acmper
734 4387 866 4453 dplurnm
943 4389 1142 4452 5suamsuaim
1228 4394 1409 4443 ficousumtor
1476 4394 1611 4447 deuolant

307 4459 361 4508 Sin
375 4457 500 4506 cantilena
510 4457 567 4518 quis
581 4471 663 4518 ganea
715 4453 814 4520 Cicero]
834 4458 859 4506 in
874 4457 946 4511 Cutil.
961 4458 995 4507 II
1006 4462 1031 4520 4,
1046 4463 1068 4517 7,
1087 4461 1121 4521 cs.
1142 4461 1173 4510 de
1192 4467 1245 4511 toto
1262 4464 1317 4511 loco
1335 4457 1450 4528 {Serpii}
1468 4465 1609 4526 empluuot.

307 4543 333 4588 p.
353 4529 415 4588 538,
435 4528 467 4574 16
483 4540 545 4588 sep.¹
565 4523 608 4572 acti
625 4523 724 4574 Keiliur
742 4541 791 4575 non
809 4524 915 4574 muctar
934 4527 1024 4577 ‘dicit’
1043 4533 1102 4576 onte
1122 4527 1243 4579 ‘Cicero'
1262 4535 1385 4580 inserere.
1489 4530 1517 4579 ll
1539 4531 1610 4582 ilinc

309 4591 390 4658 acics]
413 4593 492 4656 Verp.
511 4591 576 4640 Aen.
598 4591 692 4642 VIIII
709 4595 760 4642 556
830 4594 860 4642 13
880 4591 1024 4660 Stntlerri]
1049 4595 1213 4660 Ver9.Aen.
1236 4597 1346 4648 11333
1421 4599 1453 4648 15
1470 4598 1537 4647 hunc
1556 4617 1608 4664 ge-

310 4657 404 4726 minas]
428 4660 506 4724 Vcrp.
526 4659 591 4709 Aen.
613 4659 655 4708 VI
672 4661 721 4709 786
772 4661 877 4724 aspicite
964 4663 996 4711 16
1014 4663 1104 4711 ueruix
1191 4664 1222 4713 17
1239 4667 1422 4715 maccuamcnti
1458 4667 1497 4716 ne
1519 4668 1611 4720 ariete

309 4730 380 4791 apud
397 4728 510 4793 Serpium
529 4727 591 4776 nibil
608 4729 735 4778 inuenitur
753 4729 856 4788 dierunt,
880 4745 960 4795 neque
983 4734 1137 4793 cuempiam:
1167 4733 1252 4782 ‘Hinc
1269 4737 1353 4783 acies'
1372 4733 1403 4784 ab
1421 4735 1463 4784 ttto
1480 4735 1612 4796 adfertur

310 4798 342 4846 ‘30
359 4795 460 4844 Vincila
479 4791 538 4859 etc]
562 4795 638 4845 Recte
656 4797 733 4860 tpuor
749 4797 807 4846 mitt
823 4799 913 4847 uideor
930 4815 955 4861 p.
973 4797 1094 4850 CCXIII
1112 4802 1149 4850 23
1167 4803 1333 4850 ‘lanatarium'
1352 4803 1489 4853 coniecisse
1570 4808 1608 4856 21

310 4862 379 4925 qtaod
436 4865 468 4915 27
487 4877 548 4928 sepe
616 4865 649 4914 29
667 4863 798 4928 praeferri,
816 4879 884 4914 corr.
904 4865 1031 4930 praeferre
1099 4871 1132 4920 32
1151 4883 1211 4933 prac
1229 4870 1342 4934 positiuo
1412 4873 1444 4921 3³
1463 4871 1570 4936 inprims
