3346 5558
312 257 415 307 (ξοην
479 244 528 296 DE
547 243 764 297 Mnxlnssnno
783 242 965 294 PAPERINO
984 241 1202 294 Buteoniuo
1220 240 1435 296 AVGVSTINO.

397 433 416 493 i.
439 429 503 494 27¹³
529 431 783 510 Hieronymus
806 447 883 492 nouo
905 447 1014 508 genere
1037 430 1154 493 dicendi
1178 431 1231 492 ait:
1262 428 1333 491 item
1356 437 1389 488 ut
1411 438 1520 489 notum
1548 448 1621 488 sen·

312 554 379 599 sum
401 553 456 614 per
479 535 611 612 ignotum
634 532 778 601 ostendat,
803 540 834 593 ut
857 539 914 592 cst:
938 535 1064 593 ‘nomen
1088 531 1199 594 dietum
1223 539 1268 593 est
1289 532 1372 612 quasi
1394 534 1564 592 notamen’
1591 543 1621 591 et

311 636 439 715 reliquo.

383 826 396 874 1
415 821 487 873 hiero
537 822 638 872 dicendi
656 831 684 872 ut
702 819 722 874 ti
775 821 958 872 portendatur
1007 819 1171 888 dictumest]
1195 823 1303 872 Videtur
1320 821 1353 871 de
1370 822 1514 884 deficiendi
1532 823 1564 870 m·
1582 829 1621 870 at-

315 893 481 959 quaeratione
499 893 555 956 opi,
573 891 608 953 cs.
628 906 673 940 arc
691 905 815 956 anonymo
832 889 912 943 Ber-n.
930 907 957 954 p.
976 893 1019 953 64,
1037 893 1053 940 6

400 1063 480 1123 Huic
500 1062 679 1136 ouercam
695 1061 769 1122 duos
791 1063 818 1120 A
823 1064 995 1136 opertior·
1014 1064 1106 1134 locos,
1131 1077 1257 1136 quorum
1271 1061 1351 1120 alter
1365 1062 1395 1120 r'n
1411 1061 1522 1120 cariem
1541 1061 1621 1132 defi-

315 1167 437 1226 nitiones
458 1164 664 1241 explicandae
683 1167 811 1225 mauric
832 1170 983 1238 uersatur,
1004 1163 1034 1237 s.
1058 1170 1096 1222 ε’
1115 1161 1192 1236 ets.
1217 1167 1288 1222 14¹:

400 1265 421 1326 i.
444 1261 485 1326 8·
514 1266 548 1325 vt
575 1263 808 1341 Augustinus
836 1264 919 1326 dicit:
949 1265 1003 1327 vni
1029 1266 1196 1327 inuenimns
1219 1264 1338 1325 ‘dietus’
1362 1261 1409 1324 uei
1432 1263 1541 1325 ‘dicta‘
1570 1264 1621 1326 net

314 1367 461 1436 ‘dictum'‚
486 1383 546 1427 non
569 1373 673 1428 notura
699 1364 740 1426 ibi
768 1365 918 1438 definitur,
946 1368 997 1430 sot
1020 1369 1097 1448 quod
1121 1385 1175 1429 usu
1197 1365 1246 1427 uei
1267 1367 1441 1428 auctoritate
1463 1364 1515 1425 uet
1542 1385 1621 1426 con-

315 1468 473 1530 suetudine
501 1469 549 1536 uu
579 1467 629 1528 uhi
657 1485 729 1529 uero
756 1469 907 1530 inuenitur
935 1468 1074 1540 uerbum,
1103 1469 1181 1550 quod
1207 1467 1314 1530 dieitur
1336 1469 1413 1535 ‘est’‚
1437 1466 1477 1528 ihi
1501 1475 1620 1530 notura
1670 1495 1671 1520 t

315 1588 422 1632 sensus
444 1568 493 1631 uel
515 1570 597 1632 uocis
619 1568 667 1631 uel
689 1586 793 1631 sensns
814 1579 844 1631 et
865 1573 948 1633 noeis
970 1571 1116 1634 definitur.

400 1671 420 1734 i.
439 1669 498 1734 15·
520 1669 556 1732 Et
577 1671 809 1749 Augustinus
830 1672 913 1735 dicit:
937 1674 1079 1737 Neutrum
1095 1674 1269 1736 dictumest
1291 1692 1326 1734 ex
1343 1673 1520 1733 necessitate
1538 1692 1647 1736 ususs

315 1777 347 1836 in
369 1773 546 1855 quibusdum
569 1773 752 1844 mortalibus,
776 1792 851 1853 quoe
874 1793 929 1837 nec
951 1784 1111 1857 potuerunt
1132 1776 1191 1838 dici
1212 1773 1372 1837 masculino
1393 1791 1448 1835 noc
1465 1775 1620 1836 feminino
1670 1785 1671 1802 ³

316 1894 371 1937 nee
393 1875 503 1956 otiquid
527 1883 670 1954 generant
692 1894 747 1938 neo
768 1897 785 1940 a
807 1877 934 1955 quodam
957 1880 1128 1958 gignuntur.
1172 1877 1243 1938 inde
1265 1876 1461 1938 articuloritor
1485 1885 1620 1938 natura·

317 1977 443 2058 titorque
467 1975 640 2039 mortalibus
662 1980 832 2056 iunguntur.

384 2167 445 2214 lut
462 2161 608 2280 agustinus]
626 2165 662 2228 es.
680 2181 726 2215 cre
743 2181 869 2231 anonyma
885 2167 966 2219 Bern.
981 2185 1009 2234 p.
1029 2171 1072 2234 64,
1092 2171 1159 2218 2-8
1226 2167 1295 2217 siut
1313 2163 1346 2218 de
1362 2165 1457 2216 dinitnr
1527 2168 1620 2216 'ineo

317 2230 387 2282 uliud
405 2233 473 2297 signi
494 2242 552 2281 eant

406 2387 496 2448 Vides
520 2388 598 2447 mero
627 2389 706 2447 inter
732 2407 763 2448 sc
788 2398 936 2452 concentu
964 2391 1143 2469 Hieronymi
1167 2398 1196 2451 ct
1218 2391 1378 2466 Aepustr'm'
1403 2391 1484 2450 locos
1511 2393 1619 2450 conti-

316 2491 394 2565 neri,
416 2489 499 2562 quod
518 2488 604 2548 houd
623 2506 698 2549 casu
714 2489 834 2563 suctum
857 2510 920 2553 esec
941 2495 1071 2568 uidetur,
1094 2495 1147 2554 scd
1168 2493 1316 2568 quomodo
1336 2493 1371 2551 ic
1390 2489 1542 2552 occidisse
1567 2495 1620 2552 dr·-

316 2606 395 2665 cam,
418 2589 564 2665 expedire
584 2607 644 2650 nort
667 2594 762 2652 uctco.

406 2691 516 2752 Vltimo
536 2694 602 2752 Ioco
620 2710 791 2769 proponam
812 2703 986 2773 excerptum
1008 2699 1047 2758 cic
1065 2700 1322 2774 praepositionum
1344 2693 1519 2758 accusation
1533 2715 1619 2757 cusu

316 2790 489 2855 tunctorum
511 2792 680 2870 quontitate
699 2793 857 2858 metricum
877 2807 1045 2860 memoratu
1066 2797 1282 2874 aequissimum,
1305 2801 1336 2858 io
1351 2816 1411 2873 quo
1425 2800 1458 2858 id
1479 2813 1618 2859 strumo-

312 2911 389 2971 pcre
415 2898 599 2972 querendum
626 2904 683 2970 est,
713 2900 795 2976 quoti
823 2900 960 2962 auctoris
988 2918 1094 2962 nornen
1122 2902 1249 2962 dimidia
1277 2917 1317 2959 erc
1332 2908 1426 2976 parte
1441 2901 1619 2976 putredine

315 2995 459 3059 munuc:
1430 2985 1438 2996 ’

400 3099 420 3161 i.
444 3097 484 3160 3ιι
511 3101 582 3162 item
694 3119 811 3164 nouus
833 3102 917 3165 dicit:
941 3104 1178 3186 Praepositioues
1194 3105 1392 3165 accusatione:
1416 3102 1477 3163 ‘od’
1494 3101 1615 3173 breuis.

315 3202 408 3281 ‘aput'
432 3202 535 3264 ambae
561 3202 681 3274 breues,
704 3204 807 3266 ‘ante'
831 3203 935 3266 ambae
958 3205 1066 3267 breues
1087 3214 1170 3276 sunt,
1194 3205 1387 3267 ‘aduersum’
1410 3221 1514 3266 omncs
1536 3204 1616 3268 bre·

317 3321 378 3374 uos,
402 3304 470 3365 ‘cis'
492 3304 589 3383 longo,
612 3305 711 3368 ‘citro’
734 3308 761 3367 ci
775 3306 877 3369 breuis
897 3315 942 3367 tra
958 3305 1053 3387 longa,
1078 3308 1216 3370 ‘circum’
1239 3308 1343 3369 ambae
1358 3306 1476 3376 breues,
1500 3307 1615 3368 ‘cirea’

316 3409 358 3468 cir
380 3406 481 3468 breuis
510 3425 544 3468 co
572 3408 674 3486 longa,
705 3409 832 3471 ‘contro’
860 3428 917 3470 con
946 3409 1047 3470 breuis
1070 3417 1113 3470 tra
1136 3409 1238 3488 longo,
1272 3410 1367 3488 ‘erga’
1389 3429 1423 3470 er
1447 3409 1548 3471 breuis
1572 3428 1615 3488 ga

316 3507 413 3590 longa,
437 3510 544 3570 ‘extra’
568 3528 603 3570 ex
627 3509 726 3572 breuis
748 3519 792 3573 tra
815 3511 911 3591 longo.
936 3513 1038 3572 ‘inter'
1061 3511 1165 3574 ambae
1189 3499 1303 3581 breues,
1327 3512 1429 3572 ‘intra'
1451 3513 1481 3571 in
1506 3509 1644 3572 breuiss

314 3619 360 3673 tra
382 3611 484 3691 longo,
513 3611 615 3674 ‘inira’
638 3613 668 3674 in
692 3612 792 3674 breuis
813 3615 857 3676 ira
881 3614 984 3692 ionga,
1012 3615 1121 3675 ‘iuxta’
1143 3615 1225 3695 prior
1247 3613 1348 3675 breuis
1369 3621 1398 3672 to
1421 3609 1517 3690 longo,
1542 3613 1615 3673 ‘ob’

317 3713 422 3784 breuis,
446 3715 563 3794 ‘penes’
585 3714 689 3776 ambae
712 3715 834 3787 breues,
857 3718 935 3798 ‘per’
958 3717 1073 3788 breuis,
1096 3717 1226 3797 ‘prope’
1248 3715 1352 3776 ambos
1376 3714 1499 3782 breues.
1523 3717 1614 3792 ‘pro-

315 3821 393 3896 pter’
425 3815 529 3878 ambae
552 3816 674 3889 breues,
705 3821 846 3900 ‘praeter'
869 3837 941 3900 prae
963 3817 1050 3896 longo
1079 3826 1124 3879 ter
1152 3817 1266 3892 breuis,
1296 3817 1385 3896 ‘post’
1411 3817 1524 3884 breuis,
1554 3819 1613 3877 sed

315 3916 401 3998 ionga
423 3920 578 3999 positione.

318 4037 544 4048 -——

384 4109 397 4156 l
416 4107 617 4174 praepositionis
635 4109 781 4158 accusatiue
798 4107 840 4157 ndi
859 4109 943 4158 breuis
1011 4110 1027 4159 2
1044 4107 1133 4156 ambae
1157 4107 1286 4173 tremente
1304 4108 1378 4174 umbp
1397 4107 1486 4156 breues
1505 4118 1544 4155 est
1562 4109 1611 4156 nd-

238 4217 243 4230 .
315 4191 416 4226 uersum
485 4176 556 4226 tor
575 4175 674 4236 breues,
693 4191 761 4227 corr.
779 4177 864 4226 breuis
916 4191 977 4242 ergn
995 4191 1036 4226 rer
1053 4175 1138 4225 breuis
1207 4175 1319 4238 ipeues
1338 4176 1470 4225 umbreues

402 4347 473 4419 Qm's
494 4347 545 4407 illc
565 4350 604 4410 st't
626 4356 749 4422 auctor,
773 4345 889 4424 nescio,
913 4350 968 4409 scd
988 4349 1026 4408 de
1047 4349 1151 4408 codem
1172 4353 1440 4408 retractaverunt
1459 4346 1614 4422 [Probru]

315 4449 353 4508 de
374 4451 485 4510 ultirnt's
506 4448 631 4526 syllabis
647 4468 681 4528 p.
706 4456 778 4524 253,
805 4455 842 4508 28
869 4456 898 4509 ct
918 4449 1046 4510 Seruius
1068 4451 1106 4510 de
1125 4447 1269 4522 finalibus
1287 4467 1320 4528 p.
1344 4457 1417 4523 454,
1444 4455 1496 4524 27,
1526 4456 1611 4509 uter-

315 4566 373 4623 que
401 4569 476 4611 uero
504 4553 566 4626 ito,
596 4560 629 4613 ut
655 4567 675 4612 c
702 4560 805 4612 nostro
826 4554 941 4628 procot
966 4551 1127 4628 discrepet.
1174 4551 1262 4611 Beda
1284 4569 1400 4628 quoquc
1425 4568 1456 4626 p.
1485 4557 1562 4610 2363
1586 4553 1617 4610 P

315 4649 393 4711 nturi
412 4653 519 4713 trorum
541 4651 639 4714 simite
654 4656 793 4730 protulit.

902 4789 1071 4798 —.————⁴
