3308 5542
479 317 559 369 COD.
583 318 687 370 BERN.
708 320 758 370 tlt
778 323 805 370 cl
824 318 846 370 A
866 322 907 378 92,
927 321 967 372 34.
1314 338 1377 386 tau

85 531 137 585 ergo
158 513 292 587 primitas
321 515 448 570 inuentae
472 521 536 568 sunt
552 511 659 568 litterae
675 511 853 570 Latinarum?
890 511 932 570 xv
949 522 977 570 ct
993 523 1088 588 postea
1104 523 1236 588 quattuor
1251 513 1378 588 addltlalc

26 611 27 630 ι
83 598 185 654 suntab
207 597 290 655 Orlio
318 607 348 654 et
370 596 460 670 alilale
484 604 614 671 quattuor
637 614 651 654 a
674 598 808 654 Diomede.
850 598 921 672 Ergo
945 595 1084 673 quantiam
1107 607 1171 656 sant
1193 598 1377 660 Hebraeorum

82 683 192 756 littelale
216 682 417 758 Grlalecoram
440 683 499 739 siae
522 681 680 738 latinorum
703 682 898 740 Chaldaeorum
922 682 1098 756 (caldeorum)
1121 692 1168 741 aut
1183 685 1307 741 Sirenum
1331 697 1378 744 aut

84 772 102 824 ia
126 786 175 842 quo
203 769 322 826 similes
345 775 392 824 aat
414 769 442 824 ln
466 785 520 842 quo
543 766 707 825 dissimiles?
750 767 933 826 Hebraeorum
957 785 1075 843 namque
1097 769 1206 826 litterae
1228 769 1294 826 XXll
1317 787 1378 829 esse

82 861 224 911 noscantur.
281 853 421 912 Similiter
453 852 649 910 Chaldaeorum
683 851 859 926 (caldeorum)
893 863 921 911 et
953 853 1077 911 Sirorum
1113 855 1140 909 in
1174 855 1378 914 characteribus

84 939 276 1012 ⁸caracteribus)
304 948 333 996 et
354 937 477 1013 apicibus
498 938 570 995 idest
588 934 626 1011 (id
641 937 715 1010 cod.)
731 938 820 996 titulis
843 939 1004 996 diuiduntur
1027 947 1054 995 et
1077 941 1103 995 ia
1126 939 1251 996 omnihus
1275 941 1378 998 similes

83 1041 128 1080 esse
158 1025 308 1083 uidentur.
360 1023 524 1081 Graecorum
554 1021 722 1096 (gregoram)
752 1023 882 1097 litter(a)e
916 1025 1043 1098 primitas
1071 1023 1137 1080 llllll
1166 1024 1296 1097 lucrant,
1330 1021 1378 1083 s'ed

82 1119 160 1182 pastea
183 1110 218 1165 ab
243 1108 468 1166 Atheniensibus
490 1106 684 1180 (athenienses)
707 1107 812 1164 additae
835 1116 900 1164 sunt
921 1109 990 1165 ‹luao
1006 1107 1125 1182 litterae,
1149 1110 1220 1165 idest
1235 1119 1278 1167 eta
1294 1109 1377 1184 (etha)

82 1191 145 1267 langa
166 1202 194 1249 et
219 1214 237 1251 o
262 1195 364 1268 longa,
391 1209 445 1250 non
468 1202 498 1249 ut
521 1201 713 1266 augmentum,
737 1203 768 1250 at
790 1193 927 1268 quidam
950 1201 1062 1268 patant,
1091 1195 1191 1252 iaciant
1213 1194 1376 1268 litterarum,

83 1281 117 1334 sad
136 1291 253 1355 propter
280 1279 483 1353 longitudinem
506 1284 655 1334 metrorum
675 1277 804 1351 additla)e
827 1289 908 1351 sant,
937 1279 1001 1355 quia
1023 1277 1104 1336 habet
1126 1277 1182 1349 †et
1204 1278 1256 1335 alia
1279 1297 1294 1336 e
1316 1279 1377 1338 bre·

82 1382 128 1419 aem
153 1371 179 1420 et
207 1384 225 1420 o
251 1366 388 1436 breuem,
420 1381 489 1438 qaae
517 1379 627 1419 uersam
655 1363 767 1420 breuem
789 1361 975 1434 †terminam.
1020 1363 1073 1420 Sed
1096 1365 1276 1421 Athenienses
1298 1366 1377 1423 Colc-

83 1465 159 1506 §enses
179 1447 377 1524 †pcctienses
400 1447 649 1505 lacedemouenses
672 1448 744 1505 oculi
761 1447 956 1520 Gr(a)ecorum.
993 1447 1127 1521 Latin(a)e
1149 1443 1279 1524 litterla)e
1299 1450 1377 1507 lllllll

82 1535 138 1604 [aad.
158 1535 225 1608 aaa)
256 1543 342 1602 suat,
375 1533 423 1590 sed
452 1551 468 1608 y
496 1541 524 1590 el
552 1552 565 1588 a
594 1542 708 1608 propter
736 1532 860 1605 Grla)eca
888 1536 997 1590 nomina
1024 1534 1053 1590 in
1079 1550 1193 1590 numero
1222 1534 1376 1592 litterarum

82 1620 223 1676 latinorum
245 1615 313 1694 (sic)
337 1615 466 1690 additlale
488 1626 561 1676 sunt.
600 1617 628 1673 ln
651 1635 705 1692 quo
729 1617 832 1674 similes
856 1627 903 1674 aut
925 1621 952 1675 ia
976 1635 1031 1692 quo
1054 1618 1217 1675 dissimiles?
1254 1619 1282 1675 ln
1299 1629 1376 1694 pule·

83 1705 286 1776 delibassent,
312 1705 375 1778 qaia
399 1719 467 1778 qaae
489 1702 605 1778 explicat
627 1703 707 1776 aleph
732 1703 801 1776 apud
825 1702 984 1776 llebrlaleos
1007 1713 1035 1760 et
1057 1705 1129 1778 apud
1150 1700 1301 1778 dilabens,
1325 1707 1377 1762 huc

83 1789 181 1863 mplicat
204 1809 219 1846 a
242 1789 323 1864 apud
345 1789 465 1846 Latinos.
501 1786 632 1844 Similiter
654 1795 682 1843 et
704 1786 772 1844 aliae
794 1789 904 1863 linguae
927 1790 1058 1862 gentium.
1097 1789 1150 1846 Sed
1172 1787 1243 1862 apud
1266 1790 1376 1847 Latinos

84 1892 152 1946 paene
182 1875 261 1946 (cod.
294 1873 395 1948 poene)
423 1873 519 1929 simibs
546 1879 589 1929 est
617 1889 716 1930 nomen
747 1881 775 1928 el
806 1880 930 1948 potestas
963 1873 1079 1931 illarum.
1121 1873 1207 1949 ,Apud
1237 1872 1376 1946 dilabens

83 1975 181 2032 samque
212 1969 244 2016 et
274 1957 349 2035 apud
367 1957 509 2015 llebraeos
540 1957 593 2014 tale
620 1967 662 2016 est
692 1974 789 2014 numen
813 1956 981 2030 litterarum,
1010 1972 1090 2032 qaam
1113 1965 1235 2033 potestas
1257 1957 1375 2016 illarum.

85 2044 105 2098 ln
129 2063 179 2118 quo
208 2043 384 2102 dissimiles?
433 2041 460 2098 ln
490 2042 646 2100 nominihus
675 2041 714 2116 (iu
743 2041 868 2100 omnibus
895 2043 968 2114 eod.)
997 2047 1055 2100 sine
1088 2045 1116 2099 in
1150 2059 1274 2103 namuro.
1324 2043 1375 2100 Sed

85 2129 175 2186 litterae
190 2127 407 2202 llehr(a}eoram
430 2128 463 2185 de
486 2127 641 2185 nominibus
657 2145 749 2184 reram
765 2129 851 2186 laetae
866 2136 931 2185 sant
947 2121 958 2207 ΙΙ
975 2128 994 2186 l.
1013 2127 1088 2186 105Ι
1105 2121 1116 2206 ΙΙ
1133 2135 1160 2185 et
1176 2127 1276 2185 bahent
1293 2131 1376 2186 inter·

87 2217 254 2285 linationem
287 2223 315 2270 el
344 2212 540 2271 connexionem
569 2213 648 2287 aleph
677 2222 707 2270 et
733 2211 849 2287 reliqua.
895 2207 1080 2286 Grlalecoram
1106 2221 1197 2270 autem
1220 2211 1327 2270 litterae
1349 2223 1376 2269 et

85 2299 227 2356 munorum
259 2316 314 2357 nee
341 2299 595 2373 interpretationem
617 2315 668 2356 nec
690 2299 885 2356 connexionem
907 2298 1037 2378 habent„
1053 2299 1100 2355 sed
1123 2298 1156 2354 de
1178 2298 1239 2354 solo
1263 2315 1374 2356 aamero

87 2383 176 2459 laatlale
200 2393 271 2442 sant
293 2391 322 2441 et
344 2401 417 2441 noua
439 2384 548 2440 nomina
570 2385 610 2439 eis
633 2382 791 2455 (andeins)
815 2385 1007 2458 inposuerant,
1031 2385 1103 2440 sicat
1118 2392 1145 2440 et
1160 2385 1272 2439 nostris.
1311 2384 1374 2442 ldeo

87 2485 129 2524 aaa
149 2471 292 2526 inuenitur
314 2469 341 2526 iu
365 2469 405 2526 eis
427 2470 619 2542 interpretatio
643 2468 685 2525 uel
709 2471 856 2526 connexio.
946 2499 947 2504 κ

155 2603 242 2664 Alter
271 2607 421 2664 tractatus
448 2605 479 2662 in
505 2600 751 2676 fragmentorum
773 2599 879 2662 codun
900 2599 1053 2662 Beruensa'
1075 2603 1102 2660 Α
1125 2607 1162 2660 92
1183 2598 1261 2662 inest
1280 2600 1373 2678 frap-

86 2712 169 2766 nento
191 2712 324 2804 ramur,
345 2721 377 2781 p.
403 2711 444 2763 11.
471 2711 506 2762 12
526 2719 606 2764 suec.
629 2703 793 2765 Xl-XII
811 2705 927 2780 serapio
947 2702 1010 2764 ito:

157 2843 195 2900 bl]
218 2843 353 2902 Ll'l'Teris
376 2841 594 2900 conuallibus
639 2836 671 2900 Δ
695 2843 741 2901 llic
762 2842 827 2899 mihi
851 2845 912 2917 quis
935 2843 1039 2918 primas
1062 2850 1124 2898 ante
1146 2842 1278 2901 dilaniam
1301 2842 1375 2900 litte·

88 2979 122 3018 ras
147 2965 278 3038 repperit.
323 2957 364 3039 )·(
386 2963 485 3018 Enoch.
532 2961 604 3017 Vnde
627 2971 655 3018 et
677 2961 704 3018 in
733 2961 849 3036 epistula
878 2979 947 3035 qaae
974 2962 1103 3018 canonica
1127 2934 1239 3037 (ciriaca)
1263 2964 1374 3037 dicitnr,

91 3051 205 3122 seriptum
227 3057 285 3106 est:
310 3049 485 3122 prophetabit
507 3055 596 3103 autem
613 3046 646 3103 de
662 3047 703 3104 his
719 3048 852 3121 septimas
867 3037 881 3124 ll
897 3065 922 3122 p.
941 3036 1009 3126 12¹ss
1025 3046 1106 3102 Adam
1122 3045 1213 3104 Enoch
1230 3057 1257 3104 et
1271 3057 1373 3118 cetera,

91 3149 147 3205 quae
171 3134 207 3190 ihi
238 3133 406 3190 scribuntur.
450 3126 482 3190 Δ
508 3131 573 3201 Quis
602 3140 664 3207 post
691 3130 845 3188 diluuium?
888 3127 929 3208 )·(
957 3131 1022 3188 Post
1049 3131 1182 3188 dilaaiam
1210 3132 1272 3189 Cam
1301 3133 1372 3190 lilius

89 3215 132 3272 loe
152 3218 258 3275 litteras
286 3217 392 3276 inuenit
414 3216 506 3288 xxiii,
536 3219 605 3272 sicut
633 3217 846 3291 Apollonius
874 3215 1011 3274 describit.
1057 3210 1089 3274 Δ
1111 3217 1220 3274 Latinas
1248 3217 1372 3275 litteras?

89 3300 143 3374 tbi?
158 3305 307 3360 Carmentis
324 3301 433 3376 nimphe
448 3302 601 3359 Nicostrata
618 3310 704 3357 mater
718 3302 835 3360 Euandri
856 3303 974 3375 primam
990 3300 1063 3358 ltalis
1078 3301 1199 3359 tradidit.
1235 3297 1267 3364 Δ
1283 3301 1372 3371 Quare

89 3386 170 3443 luitur
184 3387 354 3444 linamentis?
390 3383 430 3462 )·(
453 3385 518 3455 Quia
541 3386 708 3444 carminibus
731 3387 788 3443 sais
811 3387 903 3443 lutare
925 3385 1049 3458 canebat,
1071 3386 1118 3442 sed
1140 3389 1251 3462 proprie
1274 3396 1371 3445 uocata

89 3481 121 3526 est
139 3472 298 3530 llieostrata.
344 3465 450 3529 Alam
481 3473 543 3546 quia
570 3473 731 3528 inuenturos
760 3473 912 3529 litterarum
940 3471 1109 3546 deposuisti,
1139 3471 1276 3544 dammi,
1306 3473 1370 3546 qaid

90 3565 123 3612 est
140 3555 235 3614 littera.
279 3552 322 3633 )·(
344 3557 448 3614 littera
469 3565 512 3614 est
534 3574 598 3631 pars
619 3559 728 3614 minima
751 3559 827 3614 uocis
850 3555 1030 3629 articulatlale
1053 3555 1095 3612 acl
1119 3573 1172 3613 uox
1196 3574 1265 3631 quae
1287 3557 1369 3614 scribi

89 3685 164 3746 potest
184 3649 299 3752 (piacet)
321 3675 469 3733 indiuidua.
514 3675 613 3732 Aliter:
636 3676 728 3733 littera
751 3684 793 3733 est
815 3675 1018 3734 laudamentum
1040 3677 1199 3751 sapientiae.
1243 3669 1275 3733 A
1298 3674 1370 3742 Quu-

91 3777 171 3834 modo?
214 3783 252 3832 ιιι
279 3777 344 3835 llam
367 3779 439 3836 sicut
460 3794 475 3835 e
497 3778 632 3836 radicibus
655 3776 789 3836 elementa
812 3777 962 3854 corporalia
985 3786 1126 3844 crescunt,
1155 3777 1194 3835 sle
1216 3794 1248 3836 ex
1270 3775 1370 3836 litteris

90 3859 204 3920 hamanus
222 3865 330 3920 animas
346 3862 378 3919 ad
394 3861 544 3937 perlectum
560 3881 672 3939 surgere
688 3861 892 3938 comprobatur.
923 3858 955 3922 A
971 3863 1003 3920 Et
1017 3865 1040 3920 ai
1056 3863 1147 3920 littera
1163 3863 1369 3922 laudamentum

91 3948 218 4020 aptandae
233 3957 293 4019 est,
315 3965 363 4005 cur
378 3949 446 4004 aisti
468 3948 654 4024 apostolus
677 3949 803 4005 Paulos
820 3948 848 4015 ll
863 3939 1049 4022 eor.3,11)‚'
1070 3947 1141 4023 quod
1164 3947 1368 4007 laudamentum

91 4029 147 4087 alind
168 4050 246 4091 nemo
270 4043 364 4107 potest
387 4049 488 4108 ponere
511 4042 619 4108 praeter
640 4032 682 4106 ld,
712 4035 785 4107 quod
807 4037 927 4109 positam
951 4041 1009 4106 est,
1033 4034 1106 4108 qaod
1129 4033 1253 4090 Christus
1275 4035 1369 4092 lesus?

89 4109 120 4191 )·(
137 4117 198 4174 lllnd
220 4119 435 4184 laudamentum,
459 4119 492 4174 de
515 4137 569 4194 quo
585 4117 685 4175 Paulas
708 4119 785 4190 dixit,
808 4119 869 4176 luet
893 4135 975 4177 aerae
997 4114 1068 4193 (mg)
1091 4118 1227 4175 stabilitas
1245 4127 1298 4192 est,
1320 4118 1367 4175 sed

91 4203 170 4258 aniam
190 4202 345 4262 liberalium
367 4202 570 4261 laudamentum
594 4203 684 4262 littera
707 4214 765 4272 est,
794 4206 854 4260 sine
876 4206 975 4280 quibas
998 4220 1040 4260 ars
1063 4212 1190 4260 constare
1212 4203 1368 4262 nullatenus

92 4295 172 4355 potest.
213 4284 247 4348 A
269 4287 324 4344 lam
348 4291 410 4364 quia
433 4289 465 4346 de
488 4288 579 4346 littera
601 4289 778 4363 singulariter
800 4291 956 4364 protulisti.
980 4298 1149 4363 nabopala,
1172 4297 1202 4345 ut
1224 4287 1368 4362 pluraliter

92 4369 160 4444 diras,
186 4373 250 4449 qaid
279 4375 336 4430 sint
360 4375 474 4431 litterae.
519 4374 554 4430 tl.
578 4373 695 4432 Litterae
718 4383 808 4431 autem
831 4385 896 4431 sant
919 4373 1019 4430 indices
1043 4391 1133 4430 reram
1157 4383 1184 4430 et
1207 4375 1283 4448 signa
1307 4392 1367 4431 uer·

93 4452 178 4514 boram
219 4454 253 4518 A
277 4457 369 4528 Quem
392 4462 450 4516 uim
472 4459 536 4532 (cm.
558 4458 631 4530 eod.)
654 4459 753 4516 habent
781 4458 905 4516 litterae?
948 4454 989 4536 )·(
1016 4459 1100 4514 Tanta
1129 4461 1170 4514 ais
1199 4459 1313 4517 habetur
1340 4463 1366 4516 in

94 4537 290 4612 illustrabis
313 4544 382 4602 dicta
400 4543 518 4619 (dictam)
535 4544 678 4602 absentum
701 4546 759 4602 sine
784 4561 851 4602 uoce
874 4545 1030 4620 loquantur.
1067 4539 1099 4600 A
1123 4544 1192 4600 Usus
1214 4545 1366 4602 litterarum

94 4639 128 4680 aar
145 4640 266 4704 repertas
289 4631 350 4686 est?
392 4624 433 4706 )·(
454 4631 568 4704 Propter
596 4631 753 4687 memoriam
782 4647 889 4703 rerum,
919 4631 1046 4705 quoniam
1075 4630 1101 4684 in
1131 4637 1204 4685 tanta
1233 4632 1365 4687 uarietate

96 4725 210 4774 uusaam
238 4733 290 4772 aec
318 4713 386 4772 disci
414 4714 547 4774 audiendo
576 4722 702 4790 poterant
730 4717 819 4772 omnia
848 4733 897 4772 nee
927 4715 1054 4771 memoria
1084 4716 1205 4770 retineri.
1249 4715 1366 4788 ideoque

97 4809 119 4850 aa
131 4797 258 4858 obliuione
276 4799 392 4875 logiam,
414 4800 513 4858 litteris
528 4799 683 4874 alligantur.
720 4795 752 4859 A
775 4800 828 4860 lam
851 4803 914 4876 quia
937 4799 1038 4871 dixisti,
1062 4799 1125 4874 quid
1149 4800 1204 4856 sint
1224 4798 1364 4871 litterlale,
