3560 5574
354 299 418 365 282
748 299 1022 352 urrrununmtn
1042 299 1253 354 sunnonvu.

434 490 515 552 Inter
538 491 671 569 reliquus
693 497 723 550 et
745 497 862 550 ceteros
885 489 942 549 hoc
957 491 1096 554 interest,
1119 487 1196 566 quod
1221 487 1351 564 rciitptos
1374 486 1502 547 dicimus
1521 484 1630 545 relictos

350 591 387 653 eir
408 590 546 653 omnibus
568 591 750 660 referentes,
775 597 905 660 ceteros.
930 607 1004 667 quos
1027 590 1184 653 nescimus.

433 694 514 755 iuter
538 709 659 769 aegrum
683 699 713 752 et
735 699 890 771 aegrotum
912 692 969 752 itoc
992 693 1132 762 interest,
1156 689 1235 770 quod
1260 708 1350 768 aeger
1373 692 1481 760 animo,
1504 695 1630 768 aegrotus

349 813 485 876 corpure.

434 898 514 958 inter
536 897 619 976 prior
640 898 723 957 uenit
745 903 774 956 ct
796 895 947 957 anteuenit
968 893 1025 955 hoe
1040 896 1181 964 interest,
1207 893 1284 973 quod
1302 895 1384 973 prior
1400 895 1482 955 uenit
1496 893 1528 954 ed
1543 893 1651 970 digni-s

350 1007 454 1074 intem,
480 999 632 1061 anteueuit
654 997 691 1058 ed
714 1005 840 1078 tempus.

435 1103 515 1163 iuter
538 1100 658 1161 oidcere
681 1107 710 1160 et
732 1101 855 1161 inficere
877 1100 934 1161 iton
957 1101 1096 1174 interest,
1119 1098 1197 1178 quod
1221 1099 1325 1169 edicit,
1350 1099 1399 1180 qui
1415 1106 1517 1168 nocet,
1536 1097 1630 1160 inficit.

351 1205 507 1281 cuiquest
532 1203 627 1263 lunum
652 1198 698 1262 uei
722 1200 775 1260 rdia
799 1201 902 1265 induit.

433 1304 514 1365 Inter
544 1303 624 1364 oieus
654 1311 685 1364 et
713 1303 807 1364 cliuos
836 1301 892 1365 hnc
921 1305 1046 1363 interest
1075 1299 1154 1384 ilici.
1174 1299 1298 1382 ll3il!‚
1328 1301 1406 1381 quod
1437 1299 1516 1361 olens
1542 1304 1630 1380 ipsum

349 1408 478 1468 iructnm
509 1406 653 1474 dicimus,
690 1404 769 1466 unde
799 1406 831 1465 iit
859 1402 992 1474 ‘oleum',
1030 1403 1123 1465 cliuos
1153 1404 1279 1465 dicimus
1308 1403 1433 1464 arbores
1464 1403 1540 1464 unde
1565 1402 1661 1462 iiuntn

351 1509 496 1572 ‘oiiucta'.
1298 1484 1306 1500 ⁴

434 1610 515 1671 Inter
538 1611 630 1672 nutrit
652 1617 682 1670 et
703 1610 852 1670 nutriiicut
872 1610 929 1670 lroc
951 1611 1090 1678 interest,
1119 1608 1196 1688 quod
1226 1610 1319 1669 nutrit
1345 1609 1467 1678 mulier,
1498 1608 1632 1668 nutriiicat

350 1713 460 1773 nutrix.
1225 1707 1228 1713 '

433 1813 513 1874 inter
537 1815 716 1875 maritimum
740 1820 769 1873 et
791 1814 937 1874 murinum
961 1812 1017 1873 hoc
1039 1815 1176 1882 interest,
1200 1814 1279 1892 quod
1303 1813 1468 1874 maritimus
1490 1813 1631 1892 proximus

350 1917 438 1987 muri,
463 1918 595 1978 murinus
618 1914 654 1976 ab
678 1917 742 1996 ipso
765 1917 848 1976 mori.
1642 1927 1661 1964 1⁵

433 2018 514 2079 inter
537 2036 651 2079 merum
675 2025 705 2078 ct
727 2035 877 2077 meracum
900 2015 957 2077 itoc
979 2019 1121 2087 interest,
1150 2017 1228 2095 quod
1256 2034 1370 2078 merum
1395 2035 1450 2095 per
1471 2035 1517 2084 se.
1546 2031 1631 2074 mera-

350 2139 418 2180 cum
441 2122 575 2182 mixtum.

434 2223 515 2283 inter
531 2222 623 2283 leniat
637 2229 666 2281 et
682 2221 792 2282 incerat
807 2226 837 2280 et
851 2217 966 2282 lanceat
982 2221 1038 2281 huc
1054 2223 1193 2287 interest.
1210 2220 1288 2301 quod
1305 2219 1404 2290 laniat,
1424 2239 1491 2282 cum
1508 2216 1628 2280 membra

350 2325 507 2405 discerpit,
531 2322 653 2393 iaceret,
678 2325 729 2400 qui
752 2322 886 2403 partibus
908 2323 969 2383 suis
991 2322 1126 2385 membra
1149 2323 1297 2392 destituit,
1322 2323 1451 2392 innocui,
1476 2324 1526 2401 qui
1549 2320 1627 2381 inuti·

350 2426 418 2488 liter
441 2425 572 2486 membru
596 2424 749 2505 discerpit.
1640 2435 1661 2472 n

435 2527 515 2588 iuter
536 2527 653 2588 taurum
678 2531 707 2586 et
728 2525 858 2587 lauream
882 2524 939 2586 hoe
959 2527 1098 2602 interest,
1121 2527 1199 2606 quod
1216 2527 1318 2588 laurus
1333 2529 1396 2607 ipsa
1419 2525 1517 2595 arbor,
1538 2523 1627 2584 iturea

350 2648 460 2692 corona
484 2627 533 2689 uei
554 2631 648 2706 uirga.

436 2731 514 2791 inter
544 2727 712 2790 caeruleum
741 2738 770 2790 ot
798 2729 949 2791 caerulum
972 2732 1029 2792 hoe
1052 2732 1191 2802 interest,
1222 2731 1300 2812 quud
1324 2729 1493 2792 caeruleum
1517 2729 1628 2790 dicimus

349 2835 433 2913 qussi
457 2850 580 2893 aureum
603 2841 633 2892 et
654 2831 806 2892 caerulum
829 2835 914 2912 quusi
937 2841 1120 2911 argenteum.

350 2970 577 2978 .-—-.—-—-——-

417 3053 499 3103 lboo
516 3053 593 3102 cstd¹
638 3051 746 3102 dicimus
765 3052 866 3103 om.BC
917 3054 1162 3105 2exomnihusBG
1197 3050 1346 3120 reici-mnes]
1366 3053 1472 3103 retertur
1492 3055 1520 3114 Α,
1538 3047 1628 3104 credid

348 3131 447 3172 cetoros
458 3123 480 3169 A
499 3121 611 3182 reliquos
621 3119 729 3169 dicimus
740 3120 840 3170 relictos
851 3137 882 3170 ex
893 3123 1023 3180 omnibns,
1037 3132 1150 3172 caeteros
1163 3138 1228 3184 quos
1242 3123 1369 3172 nescimus
1384 3123 1553 3184 Gothosredus
1560 3120 1628 3184 nid,

347 3190 382 3253 cs.
393 3191 468 3254 Heiff.
475 3205 506 3293 pr.
521 3191 580 3240 288.
610 3189 748 3254 Hucusque
765 3190 877 3242 codicum
890 3189 937 3240 Bo
954 3191 1116 3255 differentiae
1134 3193 1319 3247 extenduntur,¹
1335 3192 1451 3256 sequitur
1468 3191 1539 3240 etium
1556 3191 1579 3237 in
1596 3185 1627 3236 B:

348 3310 412 3357 inter
430 3298 548 3382 redibitio
569 3323 614 3373 per
632 3308 646 3355 b
665 3308 772 3358 litteram
791 3318 815 3358 et
833 3308 976 3358 rediuiuum
995 3309 1125 3375 perviroe
1143 3311 1258 3360 interest:
1278 3297 1403 3358 redubtnsr
1420 3310 1490 3370 quod
1508 3308 1560 3356 iinit
1577 3321 1629 3353 nns-

347 3411 412 3459 citur
430 3385 545 3458 rediitirm
565 3409 634 3471 quod
653 3410 791 3460 reuiuisc'tt.
811 3409 930 3460 Blandior
948 3421 973 3460 ct
991 3411 1080 3460 ndrdor·
1099 3427 1176 3461 mrum
1195 3411 1351 3476 significent.
1374 3409 1469 3461 Cetera
1486 3412 1511 3459 iu
1526 3410 1626 3472 sinptdo·

348 3495 403 3527 cunr
414 3477 591 3528 trocaduiornm
603 3479 775 3541 explicatione
785 3480 914 3542 ptoesctria
926 3488 1071 3530 uer-rantur.
1090 3481 1188 3529 Eadem
1200 3495 1277 3544 usque
1290 3480 1326 3528 uri
1337 3481 1393 3529 iiic:
1414 3479 1552 3527 codinirmm
1565 3474 1625 3536 quod

347 3545 479 3594 rettiuiscit
496 3546 522 3593 in
542 3544 673 3594 Gcodt'et's
686 3545 739 3606 fine
756 3548 873 3610 tenuntur
891 3545 966 3604 (inter
985 3547 1127 3596 redibidum
1146 3574 1178 3583 -
1197 3547 1337 3596 rcdibiuum
1357 3547 1424 3607 quod
1446 3545 1572 3604 nascitur).
1595 3543 1627 3590 De
1705 3587 1706 3610 p

346 3613 496 3674 ‘r·ediu'mu',
508 3612 543 3674 cs.
555 3611 630 3676 liet'ff.
640 3628 666 3675 p.
678 3614 737 3674 288,
758 3612 908 3675 Gnidosred.
927 3631 954 3678 p.
973 3616 1019 3663 dt:
1039 3615 1177 3663 redibiimrn
1197 3631 1242 3679 pur
1261 3615 1275 3664 b
1293 3614 1399 3662 litterum
1412 3642 1441 3651 -
1455 3617 1555 3663 interest
1566 3608 1625 3671 qrrod

347 3681 486 3730 redibibnm
500 3681 619 3740 estquod
633 3682 753 3742 nuscitur,
770 3681 912 3730 rediuiuum
926 3683 1045 3743 estquod
1059 3683 1196 3731 reuiuiscit.
1247 3685 1263 3733 3
1281 3697 1368 3746 egsum
1382 3691 1407 3730 ct
1417 3692 1529 3746 egrotum
1542 3679 1584 3728 iroc
1594 3687 1631 3725 cst
1705 3689 1706 3750 ἑ

381 3763 441 3810 eger
476 3757 580 3812 egrotus
615 3749 1035 3814 aeger-corporeGnidofredus
1046 3745 1395 3815 ptddeineutiauarietate'
1438 3749 1520 3801 dirce
1538 3743 1626 3805 estqui
1705 3771 1706 3780 κ

347 3816 418 3880 prior
452 3815 521 3876 quod
535 3815 602 3880 prior
614 3816 647 3866 od
659 3817 823 3880 dignitatem,
842 3827 900 3865 ente
918 3819 949 3866 ud
968 3827 1069 3882 tempus
1082 3819 1187 3867 retertur
1198 3817 1315 3881 Gotltosr.
1326 3835 1353 3882 p.
1364 3821 1406 3880 dd,
1419 3819 1454 3878 cf.
1465 3817 1538 3880 lieiff.
1548 3813 1628 3889 ρ.286Ι

347 3885 429 3933 iimo
447 3891 497 3943 est,
516 3885 554 3932 sic
569 3884 627 3945 sere
643 3899 744 3947 semper
795 3885 874 3933 inticit
896 3885 971 3946 qrtnsi
994 3885 1053 3934 imm
1105 3885 1196 3942 uiduit,
1219 3889 1262 3948 qrti
1286 3895 1372 3944 nocet,
1397 3884 1477 3933 iniicit
1498 3884 1568 3945 qtresi
1589 3895 1626 3940 qm
1705 3929 1706 3942 χ

346 3952 430 4001 lartum
448 3959 493 3999 aut
510 3949 560 3998 ulie
579 3949 658 4000 iudcit
671 3951 842 4013 Gotdofredus
853 3969 879 4014 p.
891 3955 925 4001 04
993 3956 1009 4003 9
1027 3953 1137 4002 oieas—
1148 3954 1229 4002 otiuns
1248 3953 1361 4012 arbores,
1380 3952 1447 4002 uude
1466 3953 1528 3999 tiunt
1544 3949 1627 3998 oiiuctu

347 4019 520 4081 Geticosredur
536 4035 563 4082 p.
582 4020 625 4081 ot,
643 4021 679 4082 es.
697 4019 776 4084 lieilf.
793 4036 820 4083 p.
841 4022 892 4070 282
962 4023 993 4072 13
1013 4022 1102 4069 nutrici
1148 4022 1214 4070 Inter
1232 4022 1310 4070 nutrit
1327 4033 1352 4069 et
1369 4021 1479 4069 nutrient
1496 4018 1543 4067 ime
1559 4019 1627 4065 inter-

335 4099 385 4160 ·cst
402 4087 472 4149 quod
491 4086 569 4135 nutrit
586 4086 685 4144 mulier,
706 4087 814 4136 nutricat
833 4088 954 4137 nutricius
975 4089 1145 4150 Gnidosredns
1163 4106 1189 4152 p.
1207 4091 1247 4146 04,
1266 4090 1300 4150 ef.
1320 4089 1396 4152 lieiff.
1413 4105 1440 4151 p.
1460 4089 1510 4136 282
1599 4084 1627 4130 li
1705 4143 1706 4152 ἵ

346 4155 479 4204 muritinus
531 4155 686 4203 maritimum
704 4156 823 4220 proximo
843 4157 1059 4213 nortmannum
1079 4171 1111 4206 ex
1129 4158 1186 4222 ipsu
1205 4159 1267 4204 maci
1288 4155 1458 4219 Gotdusredus
1474 4172 1501 4219 p.
1520 4155 1552 4202 ot
1600 4149 1626 4198 10

1146 4234 1160 4258 V

346 4274 412 4322 inter
429 4298 462 4306 --
480 4271 587 4320 mixtum
606 4273 678 4335 apud
695 4273 877 4336 Gnidosrcdrem
895 4289 944 4324 non
961 4281 1044 4324 extat.
1097 4275 1214 4324 meritum
1233 4273 1281 4323 hoc
1298 4285 1338 4323 est
1388 4284 1511 4321 mcrutmn
1530 4272 1626 4320 mixtum
1705 4279 1706 4284 ’

347 4343 378 4391 18
396 4341 493 4403 tonent,
512 4339 550 4389 dis
620 4341 651 4390 ts
668 4339 778 4390 distiterit
830 4343 895 4390 luter
912 4341 991 4391 tantan
1007 4343 1100 4391 luceret
1117 4352 1141 4391 et
1158 4342 1269 4392 lancinat
1286 4342 1335 4391 hue
1351 4343 1458 4390 interest
1475 4338 1541 4402 qttcd
1559 4337 1627 4386 ianint
1705 4343 1706 4348 ’

344 4424 401 4456 cnm
421 4409 578 4456 membratim
597 4407 731 4464 distendit,
751 4409 844 4458 inccmt
861 4437 893 4444 -
911 4411 1025 4466 distruit‚
1046 4410 1154 4459 inuniunt
1172 4437 1203 4444 -
1222 4410 1344 4474 discerpit
1363 4409 1532 4470 Gotdosredur
1548 4423 1572 4471 p.
1590 4405 1626 4462 00,

344 4476 379 4539 cs.
397 4475 475 4540 liciis.
493 4491 520 4540 p.
540 4478 590 4524 277
607 4476 689 4541 ibique
709 4477 851 4540 Heredium
869 4492 917 4543 pro
936 4478 1079 4528 ‘inutiliter’
1096 4479 1211 4542 fortasse
1230 4477 1396 4527 ‘munienter’
1412 4475 1569 4526 scribendum
1585 4478 1626 4532 ert,

344 4578 479 4627 secrrndum
497 4577 599 4627 Handii
611 4593 703 4643 propr.
720 4595 748 4643 p.
759 4581 804 4628 20:
824 4579 916 4628 iuncint
933 4580 976 4642 qui
995 4578 1094 4628 nuttilnt
1111 4580 1224 4628 membra
1242 4579 1370 4643 discerpit.
1439 4580 1471 4628 21
1490 4561 1627 4625 taureduno

345 4657 383 4692 cst
434 4646 492 4709 ipse
509 4645 586 4694 arbor
603 4645 688 4696 inureo
757 4649 790 4697 22
809 4647 883 4712 uirgo
936 4648 1022 4696 inurus
1041 4657 1080 4696 est
1101 4647 1159 4712 ipsn
1176 4672 1210 4681 -
1229 4647 1300 4712 uirga
1320 4646 1491 4709 Gotdosredur
1508 4662 1534 4709 p.
1553 4644 1599 4691 100

344 4714 377 4760 23
395 4709 557 4776 οεΗΗτιιΙυιιῐιι
576 4725 601 4762 et
618 4713 729 4763 cerulum
749 4714 797 4764 hoc
814 4726 854 4764 est
920 4717 954 4764 24
971 4730 1059 4764 nurum
1078 4725 1102 4764 et
1118 4713 1219 4764 cerium
1237 4715 1457 4778 coniungentium
1509 4708 1625 4760 ceeminm

345 4779 453 4828 dicimus
471 4779 538 4828 sicut
554 4796 653 4840 nurum,
672 4782 830 4831 cncrnineum
849 4797 880 4832 ex
899 4782 999 4833 cuertdo
1017 4783 1093 4845 quusi
1109 4793 1243 4849 argentum
1263 4783 1435 4846 Gotdosredus
1451 4798 1477 4844 p.
1497 4782 1544 4829 too
