3378 5550
311 375 443 424 cxxxiv
701 359 750 410 Du
769 357 1012 413 ulssouuu'rui
1030 357 1221 410 SERMONIS.

393 551 511 610 Harum
534 549 776 625 differentiarum
793 565 872 624 pars
892 549 1003 621 lepilur
1025 550 1055 608 in
1078 549 1183 609 codice
1205 549 1360 624 Bobieasi,
1386 568 1467 612 nuuc
1496 553 1617 613 Vinac-

308 653 434 713 iioaensi
447 651 533 712 XVI
547 648 576 723 s.
595 646 659 724 68⁶,
682 649 725 723 cs.
739 651 888 711 Analecta
907 650 1072 710 Vindalium
1090 667 1125 726 p.
1145 656 1212 725 tta,
1232 657 1357 726 tt—-to,
1381 655 1495 714 scilicet
1514 655 1618 716 hacc:

312 750 393 815 1-5
416 751 526 814 inuoco
548 753 736 830 —insurgo
758 751 789 811 iu
818 749 891 811 aiios
914 749 1036 830 (adunco
1058 749 1093 812 ad
1118 751 1262 813 honorem
1284 787 1326 798 —-
1349 771 1481 816 conuoco
1503 753 1616 836 piures

312 854 398 916 simui
426 889 458 897 —
486 854 640 933 exsurgo);
664 849 897 915 7—10m0neo
919 885 961 896 —-
983 855 1128 914 eueniunt
1152 860 1278 933 utraque
1306 855 1496 933 (praemoneo
1518 878 1615 938 prae-

310 956 441 1019 cauenda
463 987 506 1000 -
527 955 693 1034 inprecari:
719 952 766 1016 16.
786 953 824 1016 17
847 956 960 1033 accipio
985 989 1021 999 —
1046 954 1154 1016 durum
1177 953 1396 1034 aduersumque
1421 959 1547 1038 (accipio
1570 959 1616 1020 uh

308 1059 383 1128 aiio,
406 1059 535 1138 suscipio
557 1065 662 1138 sponte
685 1057 722 1119 de
745 1075 876 1132 sursum,
909 1057 1021 1137 recipio
1043 1056 1170 1138 aliquam
1199 1074 1263 1118 rem
1292 1061 1446 1130 amissam,
1474 1063 1615 1140 suscipio

309 1159 419 1237 aliquid
442 1159 549 1220 durum
573 1158 811 1239 aduersumque).

392 1263 459 1348 Iam
482 1264 548 1338 quis
569 1263 623 1322 isle
647 1261 805 1322 Terentius
823 1259 936 1334 fuerit,
961 1265 989 1324 si
1009 1265 1244 1337 intarrapamus,
1268 1264 1305 1346 aa
1326 1266 1481 1338 quandam
1504 1283 1613 1326 rarum

307 1365 528 1425 similitudinem
551 1365 594 1424 ad
617 1365 831 1425 Terentium
860 1364 1043 1426 Scaurum
1069 1367 1370 1438 manumulierum,
1400 1369 1486 1428 cuius
1507 1369 1613 1428 orllro-

305 1467 442 1541 praptria
465 1473 565 1540 extat,
591 1483 645 1526 aas
666 1465 836 1541 cousupcre
851 1483 918 1543 par
938 1473 991 1526 est.
1024 1466 1210 1542 Ouamquam
1232 1469 1309 1526 enim
1331 1469 1362 1528 ia
1385 1470 1451 1544 ipso
1472 1477 1616 1530 tractatu

309 1569 563 1644 ortiopraptrico,
594 1570 648 1643 qui
672 1568 727 1628 suh
755 1569 868 1629 Scauri
893 1571 1012 1629 nomine
1034 1567 1151 1647 fertur,
1179 1570 1242 1628 eius
1267 1573 1386 1642 aeneus
1413 1570 1616 1646 differentiae

310 1688 370 1731 aaa
399 1672 605 1738 inueniuntur,
635 1679 750 1745 lamen,
780 1669 874 1744 siuuu
900 1671 1059 1744 conserat,
1094 1686 1170 1743 puae
1197 1687 1217 1728 a
1244 1670 1364 1732 Scauro
1385 1689 1420 1748 p.
1447 1679 1525 1731 2262
1546 1691 1615 1749 seq.

310 1778 455 1834 accurate
477 1773 602 1844 definita
624 1779 716 1848 alque
737 1773 879 1834 distincta
908 1779 991 1847 sunt,
1021 1789 1080 1832 aon
1111 1773 1188 1832 adeo
1210 1789 1229 1830 u
1253 1776 1321 1832 ucri
1339 1774 1532 1834 similitudine
1555 1776 1615 1836 ab·

309 1875 436 1936 lcorrere
457 1874 573 1934 dixerit
579 1919 588 1953 ‚
610 1876 638 1933 si
658 1890 848 1954 capuaque,
872 1892 950 1950 quae
970 1891 1067 1952 supra
1083 1879 1185 1950 posita
1206 1882 1291 1950 sunl,
1317 1877 1387 1936 olim
1402 1891 1487 1938 suum
1507 1879 1539 1936 in
1556 1879 1616 1938 illo

309 1983 444 2037 tractatu
467 1993 548 2036 nunc
570 1977 673 2037 mutilo
695 1985 784 2052 atqua
805 1979 909 2038 lacero
931 1980 1027 2038 locum
1049 1977 1189 2038 habuisse
1203 1979 1402 2046 coniciamus.
1420 1981 1615 2054 praesertim

308 2095 377 2139 cum
400 2079 434 2137 iri
451 2093 546 2150 penus
567 2079 678 2138 similia
694 2081 777 2154 apua
791 2086 920 2153 ceteros,
945 2081 999 2154 qui
1019 2080 1062 2139 acl
1082 2087 1186 2139 nostro
1209 2085 1347 2154 tempora
1369 2096 1489 2153 uenere,
1507 2082 1614 2141 orlaa-

306 2180 461 2256 praplriac
487 2186 638 2252 auctores,
669 2181 800 2256 Capram
828 2181 927 2250 dicos
949 2182 1062 2242 Veliam
1086 2181 1235 2256 canaan,
1268 2181 1458 2255 timocliam,
1488 2182 1614 2243 Batiam

310 2289 420 2342 extare
441 2282 607 2342 uideamus.
655 2281 741 2352 unat
761 2285 789 2342 si
808 2299 912 2342 uerum
934 2293 990 2352 est,
1017 2283 1153 2356 sortasse
1181 2290 1301 2342 ceterae
1322 2300 1439 2357 quoque
1460 2284 1614 2360 differen-

310 2387 387 2458 tiae,
412 2399 490 2458 quac
512 2385 597 2458 apua
612 2385 788 2459 Apraelium
809 2391 838 2444 et
853 2386 968 2446 Bedarn
991 2386 1196 2456 inueniuntur,
1221 2382 1365 2444 maiorem
1387 2393 1469 2446 certe
1484 2393 1615 2461 portem

311 2487 354 2546 ad
377 2485 548 2546 Terentium
570 2484 720 2546 Scaurum
742 2484 926 2559 referendae
947 2493 1026 2546 sunt.
1069 2485 1145 2566 Seri,
1168 2485 1202 2545 la
1221 2488 1302 2559 quoa
1322 2491 1481 2548 commenti
1492 2487 1618 2549 Sedulii

311 2591 343 2649 iu
367 2589 532 2664 Eutpclzem
548 2604 584 2663 p.
611 2595 636 2663 t,
662 2594 696 2646 11
718 2590 907 2664 siqnificaui,
936 2591 964 2648 si
990 2590 1082 2649 alium
1105 2588 1255 2663 amulium
1280 2587 1450 2650 Terentium
1473 2592 1617 2666 intellepi

311 2693 378 2766 quis
406 2691 503 2762 dicat,
533 2692 664 2764 copitari
685 2692 718 2750 ill
737 2706 825 2766 posse
847 2707 907 2751 non
929 2692 1123 2766 neqauerim5
1151 2697 1213 2750 tum
1242 2707 1328 2759 uera,
1358 2695 1431 2766 quia
1458 2699 1614 2754 tractatus

312 2793 508 2854 Eiasicllensis
535 2793 650 2852 medias
675 2795 755 2854 inter
781 2794 898 2866 plassas
926 2794 1171 2853 Priscianeas
1198 2799 1349 2866 uersatur,
1379 2795 1507 2854 eundem
1529 2797 1612 2855 iulii·

311 2897 381 2956 cari
401 2896 532 2955 dixerim
554 2895 717 2964 nominem,
741 2913 825 2970 quem
840 2894 981 2956 Sedulius
1001 2910 1031 2969 p.
1051 2901 1076 2971 t,
1096 2901 1129 2952 tl
1143 2895 1299 2954 Prisciani
1311 2896 1489 2972 discipulum
1508 2895 1613 2970 sui-sse

312 3003 465 3058 memorat.
510 2996 573 3056 Sed
597 3013 635 3058 aa
661 2998 719 3058 troc
746 2998 864 3072 quidem
887 3015 906 3056 a
928 2997 1010 3056 nobis
1037 2996 1121 3057 debet
1138 2999 1357 3072 praetermitti,
1387 3016 1407 3058 a
1434 2999 1611 3073 Verpilio

312 3100 456 3159 Asiana
478 3113 593 3174 quoque
614 3101 786 3175 compluries
807 3102 936 3162 laudari
951 3098 1121 3160 Tessaliam
1139 3103 1372 3174 arammuticum
1393 3105 1495 3162 nescia
1509 3119 1609 3178 quem.

313 3201 363 3261 Ad
383 3201 464 3261 hunc
486 3217 557 3260 uera
578 3203 670 3261 medii
690 3205 761 3262 aeui
778 3205 1011 3277 prammaticum
1034 3218 1110 3262 caue
1131 3200 1266 3276 reseras,
1290 3219 1368 3278 quac
1389 3205 1424 3262 Α.
1442 3203 1544 3264 Maius
1565 3220 1609 3265 cx

315 3302 482 3375 Gaiasrccli
502 3320 587 3378 quem
610 3310 700 3364 uacat
722 3311 789 3364 arte
811 3307 966 3380 excerpsit
988 3311 1104 3364 auctor.
1128 3305 1197 3364 Vol.
1220 3307 1297 3381 Vp.
1323 3313 1393 3364 151:

395 3404 437 3464 De
466 3404 696 3472 consuetudine,
726 3423 801 3485 quae
829 3423 908 3466 nunc
938 3414 996 3475 est,
1025 3405 1183 3466 Terentius
1211 3404 1298 3466 dicit:
1337 3406 1426 3468 ‘nihii
1454 3415 1499 3469 cst
1526 3409 1608 3485 quod

314 3503 426 3565 dictum
450 3507 556 3586 prius?
594 3507 652 3568 Sed
668 3509 782 3568 iniecit:
806 3512 968 3586 ‘postrema
991 3515 1072 3568 astus
1094 3507 1212 3577 mundi,
1235 3513 1268 3567 ut
1284 3506 1469 3588 disciplinam
1490 3512 1609 3590 pristini

314 3604 438 3678 saeculi,
467 3609 506 3668 ita
537 3616 565 3668 et
594 3628 761 3671 sermonem
791 3608 925 3671 fastidire
953 3611 1066 3689 coepit,
1096 3617 1126 3670 et
1154 3625 1230 3670 noua
1261 3627 1367 3689 parere
1396 3611 1503 3688 uerba,
1530 3631 1608 3691 quae

314 3711 454 3771 iuuenum
478 3711 537 3770 ritu
559 3710 666 3773 iiorsnt
688 3720 718 3773 et
740 3713 864 3791 uigent?

399 3812 502 3889 Neque
523 3816 600 3874 enim
622 3825 691 3876 sunt
712 3817 787 3876 ilaec
808 3816 901 3876 uerba
919 3815 1052 3878 Terentii
1062 3820 1269 3892 prammatici
1292 3819 1326 3878 id
1346 3818 1428 3893 quoa
1440 3821 1611 3894 suspicatus

315 3922 358 3976 est
380 3916 497 3988 Maium
519 3918 575 3977 secl
601 3920 745 3978 Valerii
765 3919 893 3980 Probi:
917 3919 960 3980 aci
983 3919 1152 3980 Terentium
1176 3928 1274 3982 nutem
1291 3927 1445 3996 poetam
1467 3923 1613 3982 nonnisi

315 4017 404 4078 ‘niati
430 4025 473 4077 cst
500 4019 581 4093 quaa
607 4022 719 4081 dictum
737 4023 838 4097 prirrs'
860 4019 997 4094 reseras,
1026 4021 1070 4095 cs.
1094 4023 1134 4095 H²
1157 4021 1252 4084 Keilii
1273 4029 1420 4098 excerpta
1441 4040 1481 4082 ex
1502 4039 1608 4084 comm.

315 4122 346 4216 ia
369 4122 447 4181 Iton.
470 4137 599 4196 pramm.
624 4122 692 4183 Lot.
722 4125 798 4200 Vp.
822 4130 890 4196 325,
917 4129 971 4192 25;
994 4124 1128 4184 Diomcd.
1148 4143 1183 4202 p.
1209 4131 1278 4198 toa,
1304 4131 1322 4182 8
1344 4126 1385 4184 tl.
