3352 5556
276 391 382 442 ccvnr
569 379 625 452 nr:⁴
637 377 787 436 rumano
806 379 1002 434 nonnemo
1022 379 1264 435 asnnnrnco

275 570 347 630 ‘iric'
368 572 533 646 pertinent·
571 571 688 632 Deinde
709 572 938 632 animaduertes
959 588 1081 646 quaeso,
1105 571 1276 648 Pompeium
1292 589 1312 630 o
1327 574 1450 634 Iuliano
1464 573 1573 632 ordine

276 689 424 748 peruerso
445 673 589 750 ioudori,
618 673 656 732 ub
683 670 867 748 ortipropito
896 673 1047 734 Berncrrsi
1071 675 1173 734 eodem
1204 675 1322 750 ordine,
1351 691 1410 749 qtto
1438 675 1573 750 Pompeii

273 776 357 835 iocus
378 777 409 833 in
431 775 518 834 libris
539 777 753 850 manuscriptis
773 776 894 850 lenitur,
918 775 962 849 cs.
979 775 1083 852 Pomp.
1103 793 1136 852 p.
1154 782 1218 851 201,
1240 781 1356 835 29-34
1374 777 1412 837 li.
1449 777 1568 854 Itaque,

274 878 395 936 etiamsi
426 891 608 936 communem
638 879 758 952 utrique
789 879 935 953 scriptori
961 879 1079 951 sontem
1106 883 1234 954 praesto
1262 877 1361 951 fuisse
1391 885 1568 952 statuamus,

274 978 457 1038 Beruensem
486 985 568 1038 certe
595 979 808 1054 nrtipropieum
837 980 930 1040 multo
957 981 1062 1040 metius
1096 987 1187 1055 utque
1220 981 1397 1040 accuratius
1423 996 1460 1039 eo
1486 997 1569 1040 nsum

273 1095 336 1140 esse
358 1079 499 1140 dicemus.
545 1079 741 1156 Quapropter
760 1097 855 1154 nemo,
878 1083 995 1157 opinor,
1020 1097 1066 1140 me
1087 1081 1267 1157 increpabit,
1291 1083 1373 1157 quod
1393 1079 1471 1141 artis
1491 1081 1569 1140 Ber·

273 1183 373 1242 nensis
405 1189 433 1240 et
465 1184 637 1257 scripturae
668 1183 892 1259 discrepantius
927 1190 955 1242 et
984 1185 1147 1256 proniores
1180 1183 1438 1244 dissimilitudines
1463 1185 1569 1244 sedulo

273 1282 467 1343 adnotandos
486 1287 607 1359 suscepi
632 1287 834 1359 maioremque
861 1287 907 1344 ilii
932 1301 1021 1360 quum
1042 1283 1165 1344 Iuiiono
1189 1285 1279 1358 fidem
1307 1285 1477 1346 debendum
1505 1301 1570 1344 esse

272 1385 432 1446 contendo.
871 1401 873 1408 ⁴

356 1485 491 1562 Sequens
512 1484 610 1548 Keilii
629 1496 807 1564 excerptum
828 1489 914 1565 opud
938 1491 1118 1566 scriptorem
1140 1487 1322 1550 Bernensem
1349 1487 1395 1551 sic
1421 1506 1453 1549 se
1479 1489 1571 1550 naon

267 1588 298 1662 s.
323 1583 394 1647 28⁶:

356 1686 494 1768 Quisquis
516 1691 599 1752 cuius
620 1691 732 1770 figurae
755 1693 816 1752 esti
859 1691 1036 1772 conpositae
1059 1711 1094 1752 ex
1126 1691 1241 1754 duobus
1269 1693 1393 1770 integris
1415 1693 1570 1772 pronomi-

277 1789 371 1851 nibus.
417 1791 557 1862 Quisnam
581 1791 725 1854 similiter.
770 1792 841 1864 Quis
862 1812 1030 1875 pronomen
1053 1803 1111 1864 est,
1136 1813 1205 1855 nam
1228 1796 1411 1855 coniunctio:
1437 1812 1473 1854 ex
1495 1792 1569 1854 dua·

275 1893 331 1954 bus
353 1893 485 1972 partibus
513 1913 603 1956 unum
633 1895 760 1957 efficitur
781 1915 947 1976 pronomen
976 1897 1173 1977 conpositum.
1223 1897 1313 1958 Cuius
1347 1897 1467 1972 generis
1504 1895 1569 1956 esti

273 1999 350 2075 Aput
373 2014 428 2056 nos
450 1996 617 2058 masculini:
642 1999 789 2076 ‘quisnam
813 2000 859 2058 uir
880 2001 964 2060 iacis’
989 2009 1018 2059 et
1039 1999 1197 2076 ‘quaenam
1219 1996 1347 2059 mulier'.
1384 2000 1463 2076 Aput
1485 2005 1569 2059 uete-

271 2116 320 2158 res
348 2115 421 2159 uero
450 2101 615 2160 communis
644 2098 703 2176 (·ni
724 2098 803 2180 cod.)
833 2103 949 2179 generis
977 2099 1151 2162 habebatur.
1208 2099 1248 2160 ua
1287 2101 1349 2160 eius
1386 2099 1567 2178 exemplum.

271 2197 413 2270 Quisnam
442 2217 474 2261 es
503 2209 531 2261 tu
561 2201 667 2262 mulier
689 2221 747 2282 qua
775 2211 900 2264 emetam
929 2203 1103 2264 inconsueto
1125 2219 1279 2281 nuncupas
1303 2202 1432 2264 nomine.
1476 2202 1565 2272 Quis·

271 2302 351 2378 piam
380 2301 521 2364 eiusdem.
572 2301 653 2372 Quae
680 2304 773 2381 figora
803 2305 864 2365 esti
908 2305 1078 2385 Conposita:
1107 2308 1175 2387 quis
1200 2320 1365 2384 pronomen
1394 2312 1453 2374 est,
1482 2305 1564 2383 piam

271 2419 379 2462 nomen
403 2413 458 2464 cst.
504 2405 593 2465 Cuius
620 2408 738 2484 generis
766 2407 827 2466 esti
871 2405 1050 2469 Communis.
1097 2405 1269 2478 Quomodo?
1313 2405 1474 2485 ‘Quispiam
1504 2407 1567 2466 uir’

272 2515 301 2564 et
324 2505 481 2584 ‘quispiam
505 2506 633 2576 mulier'.
659 2515 688 2568 et
709 2526 764 2588 pro
787 2516 894 2570 neutro
917 2510 1085 2588 ‘quodpiam
1110 2508 1310 2588 mancipium'.

359 2606 514 2678 Quomodo
529 2608 704 2671 declinanda
721 2619 791 2671 sunt
805 2612 860 2672 ista
876 2613 1052 2689 pronomina
1069 2611 1239 2691 conposita?
1262 2607 1386 2679 Quando
1401 2629 1437 2670 ex
1452 2607 1571 2671 dnobus

272 2711 466 2772 nominatiuis
481 2710 562 2791 (·bis)
579 2715 732 2790 conposita
749 2711 871 2782 inerint,
895 2713 982 2774 ambo
1003 2715 1179 2774 nominatiui
1198 2712 1268 2794 (·bi)
1292 2711 1463 2772 inflectendi
1485 2721 1567 2782 sunt,

271 2822 304 2873 ut
326 2813 459 2892 quisquis
482 2815 651 2874 cuiuscuius
673 2823 746 2885 etc„
775 2815 894 2895 quando
922 2833 994 2877 uero
1023 2835 1059 2876 ex
1087 2816 1271 2875 nominatius
1301 2822 1331 2874 et
1352 2813 1486 2894 quotibet
1507 2814 1569 2872 alin

271 2931 341 2975 casu
364 2918 521 2995 conposita
543 2915 662 2984 inerint.
685 2917 734 2978 itte
758 2919 960 2978 nominatiuus
977 2917 1031 2976 erit
1051 2916 1055 2996 Ι
1075 2916 1095 2976 i.
1119 2913 1180 2976 29³
1200 2913 1204 2995 Ι
1225 2925 1336 2976 tantum
1360 2913 1568 2984 inflectendus,

270 3025 302 3076 ut
324 3017 468 3096 quispiam
492 3020 653 3098 cuiuspiam
677 3024 734 3079 etc.
779 3019 810 3079 ln
835 3018 942 3098 quibus
964 3017 1156 3098 qualitatibus
1180 3027 1248 3086 etc„
1271 3018 1316 3091 cs.
1339 3035 1445 3094 supro.

355 3120 405 3180 Ere
426 3121 486 3182 troc
508 3123 602 3196 ipitnr
624 3124 701 3183 ortis
722 3123 905 3200 recensione,
928 3129 961 3182 ut
982 3124 1047 3182 etio
1070 3129 1197 3194 taceam,
1223 3139 1252 3180 a.
1273 3127 1311 3178 33
1331 3120 1450 3181 Iuliani
1471 3122 1568 3180 umbo

269 3223 389 3283 restitui
402 3230 547 3298 possunt,
576 3241 654 3298 quoe
681 3240 701 3282 n
728 3225 865 3285 librariis
890 3225 1085 3286 oscitantibus
1105 3226 1214 3283 misere
1233 3229 1382 3299 corrupto
1403 3231 1488 3283 sunt:
1515 3223 1569 3282 dc-

268 3327 349 3400 iopsi
374 3331 444 3385 snut
471 3326 547 3384 enim
575 3343 678 3386 eorum
707 3329 789 3386 oculi
809 3328 852 3386 od
872 3345 925 3400 eo,
956 3343 1035 3402 qnue
1061 3345 1090 3386 u.
1118 3333 1154 3384 28
1182 3333 1211 3385 et
1240 3333 1275 3382 29
1302 3328 1455 3400 tepuntnr.
1504 3324 1571 3384 Sed

268 3433 369 3486 utrum
390 3433 528 3487 entrano
550 3444 668 3503 quoque
689 3429 839 3489 uocubtdn
861 3429 989 3504 ‘aliquid
1010 3435 1039 3487 et
1060 3429 1173 3488 cetern'
1202 3444 1223 3486 o
1251 3429 1390 3488 librariis
1417 3435 1568 3503 corrupta

268 3531 337 3601 sint,
362 3547 402 3588 un
425 3529 564 3589 Itdinnus
585 3531 651 3605 ipse
672 3531 726 3590 isto
750 3531 796 3591 ‘et
817 3535 937 3590 cetero'
966 3531 1106 3606 adposito
1133 3547 1164 3588 se
1191 3532 1308 3605 reliquo
1330 3531 1444 3590 ludenti
1464 3531 1568 3588 animo

265 3633 504 3706 praetermisisse
524 3635 697 3706 sipnificure
719 3634 969 3707 uoluentium
988 3635 1033 3692 ito
1054 3638 1137 3694 certo
1159 3634 1283 3705 definiri
1299 3641 1409 3708 potest.

353 3752 381 3811 p.
414 3729 494 3803 320,
520 3731 536 3794 l
570 3733 643 3794 Item
672 3751 729 3794 orn.
795 3736 866 3813 quid
895 3734 1001 3795 accidit
1064 3731 1084 3794 3
1113 3735 1279 3794 interiectio
1309 3731 1466 3794 exultantis
1534 3743 1569 3792 ut

269 3834 327 3894 heu
357 3834 434 3912 quod
465 3843 510 3894 est
572 3832 735 3915 4quidam
758 3818 792 3896 dt
854 3834 875 3898 5
903 3841 1015 3896 metum
1045 3844 1078 3895 ut
1105 3842 1176 3894 attat
1203 3834 1351 3914 quomodo
1381 3837 1423 3896 sic
1446 3833 1565 3895 solitum

269 3945 315 3996 est
342 3935 484 3997 infantum
514 3939 645 3998 nutrices
674 3941 786 3999 minare
815 3946 889 3998 totto
963 3935 1041 3998 ”iet
1068 3953 1145 4014 quae
1173 3946 1242 3997 sunt
1268 3937 1375 3998 similia
1404 3953 1461 3998 om.
1528 3937 1566 3996 ud

271 4039 499 4117 significationes
521 4039 615 4117 partis
638 4041 721 4099 istius
742 4042 872 4119 pertinet
894 4037 1091 4101 discernenda
1113 4049 1182 4100 sunt
1204 4041 1252 4100 ita.

352 4139 576 4202 Interiectionis
598 4143 697 4202 ‘totto'
720 4142 912 4218 Smorupdus
934 4158 1050 4218 quoque
1072 4144 1203 4202 meminit
1220 4141 1279 4215 soi.
1302 4142 1376 4202 mr
1393 4142 1571 4216 srupmenti

268 4243 441 4318 Bernensis,
467 4245 549 4319 quod
569 4243 658 4317 infru
674 4261 865 4320 proponam:
889 4241 1077 4304 Prohibentis
1094 4252 1125 4303 nt
1147 4244 1252 4311 ‘tuto’;
1275 4245 1319 4303 sic
1342 4245 1420 4304 enim
1443 4245 1567 4303 intanti-

269 4345 325 4406 bus
348 4347 555 4407 comminatur.
600 4346 673 4407 Nam
698 4357 726 4406 et
748 4349 778 4406 in
803 4345 949 4407 Teodisoa
971 4344 1071 4424 lingua
1094 4344 1165 4406 illud
1189 4346 1288 4405 ‘totto'
1311 4343 1496 4424 prohibentis
1513 4342 1568 4404 ha-

270 4447 319 4507 bet
341 4444 521 4508 intellectum
548 4483 596 4518 —,
619 4449 674 4508 sed
695 4451 754 4522 ito,
779 4456 812 4508 ut
833 4467 874 4510 ex
896 4450 958 4509 olio
980 4449 1110 4524 quodum
1131 4445 1220 4521 sonte
1240 4449 1295 4507 itte
1311 4451 1434 4524 petiisse
1451 4453 1570 4524 puton-

269 4549 324 4610 dus
345 4554 392 4612 sit.
437 4551 517 4610 Num
543 4559 572 4610 et
598 4551 684 4626 opud
711 4551 863 4612 Iulianum
891 4557 919 4610 et
946 4553 1032 4628 apud
1058 4551 1273 4626 ortipropisum
1295 4550 1478 4611 Beruensem
1497 4559 1571 4624 post

268 4653 369 4711 ‘attat'
397 4657 543 4713 norrnuttu
583 4649 774 4712 intercidisse
801 4654 961 4731 uidentur,
996 4669 1074 4728 quoe
1102 4653 1186 4728 opud
1213 4653 1417 4729 Smurupdum
1443 4655 1568 4727 intepru

269 4753 373 4812 adesse
395 4755 489 4813 uides.
534 4755 651 4814 Cuneus
673 4763 787 4829 aretem,
817 4773 854 4814 ne
877 4756 1029 4816 Iulianum
1052 4755 1087 4814 ob
1109 4755 1144 4813 id
1159 4757 1298 4830 pleniore
1318 4755 1450 4830 quodum
1472 4771 1569 4829 quom

270 4861 423 4916 {erectorem
447 4854 627 4916 Bernertsem
646 4855 738 4928 sortte
759 4875 845 4918 ustum
867 4875 930 4918 esse
952 4859 1076 4930 credas,
1105 4861 1188 4932 quod
1211 4857 1282 4918 itio:
1305 4856 1439 4937 ‘quando
1461 4855 1567 4936 prohi-
