3354 5580
486 349 525 398 ru
542 347 627 402 nou,
646 345 774 400 annau
791 345 972 402 unionum
1320 349 1383 414 233

87 537 248 614 significat,
271 536 291 596 i.
314 536 488 600 nouitatem.
533 535 692 614 Hucusque
715 536 752 598 de
775 535 929 598 delectiuls
951 537 1032 598 dixit.
1077 536 1161 598 Nunc
1182 536 1219 598 de
1240 538 1383 600 anomalis

87 641 104 699 i.
129 637 338 717 inaequalibus
361 639 528 716 exequitur.
572 639 683 700 Extra
717 637 809 700 lianc
842 639 1009 708 formam,
1032 640 1053 698 i.
1077 646 1159 700 extra
1182 641 1307 700 lormam
1332 640 1486 703 ‹te-uma

87 741 283 808 lecticorum,
320 740 453 816 quaein
482 741 703 819 comparatione
734 739 884 801 deliciunt.
929 741 1022 801 Sunt
1050 739 1167 801 bonus
1195 749 1230 802 et
1252 741 1382 811 malus,

87 844 154 922 quia
178 861 234 922 per
261 857 364 902 omnes
390 839 501 918 gradus
527 847 737 922 comparantur·
759 848 789 900 et
811 849 892 902 extra
915 842 1041 903 sormam
1071 861 1173 904 eurum
1196 851 1279 912 suut,
1308 861 1384 922 quae

65 952 170 1005 erecte
205 950 431 1024 comparantur,
463 944 531 1023 quia
565 941 730 1004 anomalam
765 941 876 1004 habent
906 943 1169 1020 comparationem.
1220 944 1384 1006 Dicimus

88 1048 185 1107 enim
215 1044 333 1106 bonus
362 1043 493 1106 melior
521 1045 692 1124 optimus.
737 1044 912 1122 inaequales
940 1044 1049 1122 gradus
1077 1043 1202 1115 habent,
1232 1047 1300 1123 quia
1325 1065 1383 1106 non

87 1150 199 1208 iaciunt
221 1147 330 1208 ‘bonus
354 1145 462 1208 bonior
485 1146 685 1208 bonissimus’.
735 1146 974 1225 Comparatio
1009 1147 1194 1208 nominum
1228 1149 1506 1227 propriorum·

89 1251 123 1310 in
152 1246 733 1330 comparatiuoetsuperlatiuo
763 1256 821 1307 est
856 1248 1073 1308 constituta.
1118 1247 1188 1308 ldeo
1216 1247 1273 1310 lroc
1302 1249 1383 1319 dicit,
1453 1307 1454 1312 ,

89 1353 154 1431 quia
183 1352 232 1412 isti
260 1351 319 1411 duo
347 1351 469 1430 proprie
497 1351 635 1412 dicuntur
662 1348 781 1428 gradus.
826 1349 900 1410 Nam
929 1350 1076 1429 positiuus
1104 1368 1164 1411 non
1192 1358 1237 1411 est
1263 1349 1383 1430 gradus,

58 1455 156 1531 ¹⁰quia
180 1452 331 1532 perlectus
355 1459 384 1512 et
406 1451 558 1513 absolutus
586 1458 644 1512 est:
674 1452 825 1531 perlectus
853 1456 912 1520 est,
941 1451 1010 1530 quia
1038 1449 1145 1529 plenus
1167 1453 1197 1512 in
1221 1471 1253 1513 se
1275 1459 1383 1524 manet,

91 1553 255 1623 absolutus,
280 1555 349 1632 quia
372 1573 431 1616 non
454 1560 522 1632 eget
543 1552 601 1613 alia
622 1571 760 1632 persona.
804 1551 1030 1632 Comparatiuns
1054 1569 1126 1614 uero
1142 1562 1171 1615 et
1186 1553 1384 1633 superlatiuus

91 1659 274 1736 reciprocam
289 1673 446 1736 personam
462 1642 624 1732 inquirunt.
663 1655 780 1734 Saepe
803 1664 923 1715 autem
947 1657 1227 1733 comparatiuus
1249 1653 1485 1734 gradusmn

93 1759 341 1836 praeponitur
368 1755 620 1835 superlatiuo.
649 1757 669 1816 i.
698 1755 765 1836 plus
792 1756 952 1832 significat,
987 1755 1065 1816 idest
1091 1775 1156 1818 cum
1185 1756 1384 1838 superlatiuus
1456 1789 1459 1796 .

93 1859 154 1937 plus
182 1857 307 1920 deberet
335 1859 517 1936 significare,
541 1867 682 1919 econtra
710 1858 931 1937 comparatione
959 1855 1117 1934 aliquando
1144 1855 1211 1938 plus
1240 1859 1389 1938 significat

60 1973 175 2038 uquam
199 1960 419 2040 superlatiuus,
444 1958 527 2020 uerbi
560 1961 669 2036 gratia:
708 1959 954 2038 ‘sapientissimus
981 1961 1160 2021 rusticorum
1194 1959 1311 2023 stultior
1340 1968 1385 2021 εει

93 2060 262 2124 stultissimo
291 2063 571 2141 grammaticorum’
599 2069 644 2122 et:
677 2061 835 2122 ‘minimus
867 2061 1018 2142 gigantum
1051 2061 1146 2122 maior
1179 2071 1225 2123 est
1257 2062 1384 2124 maximo

93 2163 309 2243 pumilionum',
332 2165 351 2224 i.
373 2181 529 2226 canorum.
575 2163 691 2242 Saepe
720 2161 831 2232 idem.
861 2181 884 2224 s.
909 2163 1144 2241 companaticus,
1173 2165 1292 2226 minus
1319 2182 1487 2244 po·sn,ea

93 2267 207 2327 sitiuo
236 2265 452 2344 significat,
481 2265 500 2325 i.
525 2265 623 2326 minus
651 2265 797 2344 significat
823 2281 911 2341 quem
933 2263 997 2344 ipse
1019 2265 1170 2344 positiuus.
1216 2266 1258 2327 Vt
1286 2283 1486 2332 merearque

96 2367 286 2428 Ponticum
310 2365 460 2428 dulcius
482 2373 536 2429 est
557 2383 660 2444 quam
684 2373 820 2428 cetera.
865 2365 946 2426 llare
962 2365 1118 2428 Ponticum
1134 2366 1272 2430 dicitura
1290 2368 1384 2430 Ponto

63 2469 195 2530 ininsula.
242 2470 322 2530 llace
345 2477 443 2530 autem
466 2486 571 2548 aquam
594 2455 723 2530 amaram
747 2466 822 2530 solet
845 2465 971 2536 habere,
1000 2466 1052 2528 sed
1081 2468 1138 2530 lroc
1165 2487 1246 2530 mare
1269 2469 1385 2532 dulcius

96 2589 155 2632 esse
177 2571 304 2640 dicitur,
327 2573 347 2630 i.
372 2587 476 2650 parum
505 2568 606 2640 dulce,
635 2587 722 2648 quam
751 2579 849 2630 cetera
874 2566 886 2649 ll
906 2567 967 2632 154
984 2565 1014 2644 ι’,
1043 2571 1113 2650 quia
1141 2568 1231 2632 multa
1261 2570 1384 2634 llumina

96 2674 123 2732 in
137 2692 172 2734 eo
187 2673 312 2742 cadunt,
336 2691 412 2753 quae
427 2671 653 2733 amaritudinem
676 2670 754 2732 illius
776 2679 954 2751 temperant.
985 2670 1135 2734 ‘llulcius’
1151 2673 1251 2750 itaque
1274 2675 1305 2734 in
1328 2672 1385 2733 hoc

96 2773 156 2835 loco
171 2775 269 2836 micus
285 2774 444 2852 significat.
468 2790 556 2851 quam
573 2774 727 2852 positiuus,
751 2773 828 2854 quod
852 2781 897 2834 εει
912 2771 1008 2837 dulce.
1053 2771 1127 2834 Nam
1150 2773 1263 2835 ‘dulce’
1287 2782 1332 2834 est
1349 2792 1384 2834 ex

98 2887 153 2938 toto
167 2875 355 2938 dulcedinem
372 2875 499 2946 habens,
522 2874 661 2938 ‘dulcius’
678 2894 752 2937 uero
767 2894 872 2955 parum
889 2872 1053 2936 dulcedinis
1069 2875 1235 2937 continens.
1265 2875 1382 2953 Saepe
1396 2893 1447 2944 err,
1461 2894 1487 2934 ao

66 2977 202 3049 uidem,
232 2999 256 3039 s.
277 2980 517 3057 comparatiuus,
553 2995 620 3057 pro
648 2979 816 3057 positiuo
847 2979 995 3057 positus
1023 2976 1145 3037 minus
1173 2977 1383 3055 significat,

99 3097 225 3158 squam
248 3080 495 3162 ipsepositiuus,
528 3087 563 3139 et
591 3077 687 3140 nulli
721 3087 973 3158 comparatur,
1005 3080 1075 3158 quia
1106 3077 1258 3140 absolutus
1286 3084 1387 3140 manet

99 3180 156 3241 sine
177 3181 235 3243 olla
259 3199 402 3262 persona,
426 3188 458 3242 ut
480 3179 661 3258 Virgilius
684 3180 721 3242 de
744 3181 894 3242 charone:

242 3283 314 3346 lam
338 3284 466 3344 senior
487 3281 549 3344 sed
573 3281 684 3344 cruda
709 3281 774 3344 deo
797 3282 1010 3361 uiridisque
1033 3289 1226 3352 senectus,

100 3383 227 3446 i·noua.
273 3384 570 3462 Significatione
605 3383 845 3452 diminutius.
878 3386 903 3448 i.
931 3383 1111 3454 litteratura,
1147 3385 1198 3445 scd
1229 3403 1287 3445 non
1316 3391 1486 3451 suntsmao

71 3485 266 3548 udiminutiua
289 3485 341 3548 sed
354 3469 581 3566 comparatius,
608 3487 675 3563 quia
692 3484 829 3547 similiter
851 3489 1033 3567 reciprocam
1057 3504 1216 3566 personam
1238 3486 1387 3565 recipiunt

102 3604 121 3645 ε.
142 3589 214 3648 εἰευι
236 3587 448 3668 comparatius,
473 3594 506 3647 ut
528 3586 742 3648 Terentius:

406 3688 519 3750 Thais
542 3688 745 3750 maiuscula
769 3696 826 3750 est
848 3708 952 3769 quam
975 3707 1055 3768 ego,

102 3787 171 3850 idest
195 3809 301 3871 parum
331 3792 436 3852 maior.
462 3823 506 3836 -
534 3789 763 3852 llaiusculus
791 3799 836 3851 est
866 3809 969 3870 parum
998 3791 1102 3851 maior.
1152 3790 1386 3853 Minusculos

104 3889 119 3946 i.
140 3909 239 3969 parum
262 3894 371 3952 minor.
416 3891 715 3954 Grandiusculus
742 3910 847 3971 parum
868 3892 1018 3970 grandior.
1056 3891 1224 3954 Positiuo
1248 3901 1473 3954 tautum³⁷⁵.¹

74 3990 324 4060 coniciuntur:
365 3993 525 4055 dicimus
565 3995 658 4054 enim
697 4001 763 4054 tam
800 3991 932 4062 bonus,
970 4001 1016 4055 ost
1049 3995 1105 4056 istc
1139 4012 1226 4072 quam
1260 3993 1323 4063 ille,
1358 3997 1383 4054 i·

105 4094 244 4171 aequalem
276 4094 457 4174 qualitatem.
508 4095 627 4156 Minus
660 4094 791 4161 bonus.
821 4098 845 4153 i·
875 4094 984 4165 malus,
1023 4095 1163 4156 minus
1193 4094 1328 4166 malus,
1358 4099 1384 4156 i·

107 4189 205 4266 bonus,
237 4197 384 4258 minime
414 4196 571 4258 bonosi·
595 4198 753 4276 pessimus.
797 4197 952 4257 ‘Minime’
979 4193 1180 4275 superlatiuus
1208 4205 1253 4260 est
1280 4206 1309 4258 et
1332 4216 1386 4277 per

106 4293 217 4359 alterum
246 4298 385 4360 soluitur:
416 4301 540 4360 minime
568 4297 663 4360 malus
684 4299 705 4357 i·
728 4299 870 4378 optimus,
903 4298 1029 4360 maxime
1056 4297 1152 4360 malus
1180 4303 1201 4360 i·
1226 4301 1381 4380 pessimus,

108 4399 220 4460 maxime
247 4399 386 4461 bonosi·
409 4402 551 4480 optimus,
583 4401 677 4479 magis
704 4398 798 4462 malus
821 4401 841 4460 i·
866 4401 959 4480 peior.
988 4401 1081 4478 magis
1109 4399 1247 4462 bonosi·
1270 4401 1385 4462 melior.

79 4496 380 4579 otonparatiuua
408 4501 544 4580 gradus
580 4501 752 4563 ablatiuo
789 4502 894 4562 casui
931 4499 1151 4580 adiungitur
1188 4503 1474 4583 utriusquesmr

124 4653 320 4663 u·-.—-----.

165 4755 195 4805 tt
212 4753 348 4822 Virgilius]
369 4757 434 4808 Aen.
456 4755 498 4806 VI
516 4758 569 4806 ³01
636 4756 668 4807 31
687 4773 708 4805 s·
726 4756 793 4806 sieut
810 4756 985 4822 comparatius
1000 4771 1081 4820 cupra
1097 4755 1189 4806 lineam
1240 4752 1386 4824 Terentius]

113 4816 168 4874 Ean.
184 4822 235 4873 III
252 4828 278 4885 3,
296 4828 329 4874 21
397 4827 429 4876 32
447 4821 521 4890 Tala]
539 4839 620 4889 supra
637 4824 739 4875 lineam:
758 4841 780 4874 ε.
799 4838 863 4875 uxor
880 4837 937 4874 mea
1004 4825 1038 4876 et
1055 4823 1169 4876 adiciunt
