3346 5558
302 359 345 424 44
843 356 910 409 ΔΕΒ
929 356 1061 410 usuum

1667 471 1668 510 t

302 549 465 630 aequaliter
487 551 581 610 currit
603 555 633 609 et
654 549 684 608 in
708 547 788 608 omni
810 563 922 623 genere
945 542 1124 606 declinatur:
1151 547 1334 607 nominatiuo
1350 544 1398 608 hic
1421 546 1550 608 ethaeo
1577 557 1610 608 et
1667 563 1668 570 ¹

302 652 360 712 hoc
376 669 517 730 nequam,
541 651 682 728 genetiuo
706 647 794 710 huius
810 665 948 726 nequam,
964 646 1064 707 datiuo
1082 645 1152 708 huic
1168 665 1310 728 nequam,
1334 651 1503 710 accusatiuo
1518 649 1610 710 huuc
1667 639 1668 718 l

303 760 332 814 ot
354 753 430 815 liano
453 761 483 814 et
504 752 562 812 hoc
583 769 726 829 nequam,
758 749 894 810 uocatiuo
916 766 934 809 o
956 766 1099 828 nequam,
1131 747 1262 811 ablatiuo
1290 749 1327 811 ah
1350 748 1408 811 hoc
1430 758 1461 811 et
1482 749 1520 810 ah
1546 751 1609 811 hac
1667 819 1668 822 Ἴ

303 865 333 916 et
353 854 390 915 ah
414 853 471 916 hoc
494 871 620 931 nequam
650 861 680 914 et
707 849 862 933 pluraliter
891 851 1076 913 nominatiuo
1104 849 1136 912 hi
1165 860 1194 911 et
1216 851 1273 912 hae
1301 860 1329 913 et
1358 851 1432 913 haec
1458 869 1606 930 nequam,

302 958 441 1035 genetiuo
464 956 571 1018 horum
595 954 751 1016 ethorum
780 951 938 1016 ethorum
962 971 1104 1032 nequam,
1134 952 1236 1014 datiuo
1265 952 1311 1014 his
1338 972 1482 1033 nequam,
1511 968 1634 1015 secu-⁵

303 1059 399 1119 satiuo
421 1057 476 1118 hos
499 1065 528 1118 et
550 1056 603 1118 has
630 1056 757 1118 ethaeo
780 1071 922 1132 nequam,
954 1056 1092 1116 uocatiuo
1114 1073 1133 1114 o
1157 1071 1301 1131 nequam,
1331 1053 1460 1117 ahlatiuo
1491 1055 1530 1116 ah
1556 1057 1608 1117 his

301 1177 439 1240 nequam.
470 1159 520 1220 Sic
542 1157 750 1220 declinandum
775 1165 819 1218 est
841 1175 942 1235 trugas.
980 1156 1052 1219 ltem
1071 1174 1178 1218 nomen
1195 1155 1389 1219 ruasculinum
1413 1157 1469 1218 hoc
1493 1159 1608 1219 ordine

302 1260 510 1323 declinandum
533 1265 592 1320 est:
615 1259 799 1321 nominatiuo
821 1258 870 1320 hio
892 1257 998 1330 cultus,
1021 1261 1161 1337 genetiuo
1176 1258 1263 1320 huius
1278 1256 1383 1329 cultus,
1406 1259 1507 1320 dntiuo
1531 1260 1607 1321 huic

303 1362 412 1434 cultui,
435 1363 606 1425 accusatiuu
629 1361 708 1423 huno
730 1359 858 1430 cultum,
882 1361 1019 1422 uocatiuo
1043 1379 1060 1420 o
1083 1359 1196 1429 cultus,
1225 1359 1354 1422 ablatiuo
1377 1360 1414 1421 ah
1437 1361 1495 1422 hoc
1518 1362 1605 1424 cultu

302 1475 332 1526 et
353 1464 507 1546 pluraliter
536 1463 718 1524 nominatiuo
747 1460 777 1521 hi
805 1460 917 1530 cultus,
946 1462 1084 1542 genetiuo
1112 1461 1219 1523 horum
1246 1461 1393 1532 cultuum,
1422 1464 1523 1526 datiuo
1557 1465 1607 1525 his
1624 1478 1647 1514 ¹0

301 1565 445 1637 cultibus,
470 1567 640 1629 accusatiuo
663 1563 717 1626 hos
739 1563 851 1634 cultus,
882 1565 1020 1626 uocatiuo
1042 1583 1061 1623 o
1084 1563 1194 1634 cultus,
1224 1562 1355 1626 ablatiuo
1381 1563 1489 1638 abhis
1512 1565 1605 1626 culti·

302 1667 366 1730 hus.
400 1669 449 1730 Sic
470 1666 680 1730 declinandum
703 1673 760 1726 est:
785 1665 901 1728 tructus
923 1667 1006 1728 uisus
1028 1682 1134 1726 sensus
1154 1675 1332 1746 conspectus
1347 1665 1467 1728 obtutus
1490 1685 1607 1729 currus

299 1770 408 1850 gradus
441 1770 645 1849 aquaeductus
676 1769 759 1829 sinus
790 1767 913 1828 allectus
946 1768 1069 1829 allectus
1100 1775 1283 1830 commeatus
1315 1786 1478 1830 cousensus
1512 1769 1607 1829 lletus

302 1872 399 1935 foetus
420 1857 559 1935 inlecitus
581 1869 748 1933 intellectus
775 1875 878 1947 pastus
905 1887 973 1931 esus
1000 1875 1137 1950 sumptus
1164 1870 1241 1931 ictus
1268 1875 1351 1931 artus
1374 1867 1504 1951 [arctus]
1529 1889 1604 1950 pro·

301 1983 407 2037 uentus
435 1975 584 2037 atriraetus
612 1989 754 2034 occursus
782 1989 888 2032 manus
916 1989 986 2032 usus
1015 1977 1120 2050 portus
1148 1979 1251 2050 partus
1282 1989 1370 2032 arcus
1402 1972 1476 2032 ritus
1504 1973 1606 2034 lloxus
1622 1985 1646 2022 15

301 2069 406 2138 domus
428 2077 548 2158 spiritus
570 2075 678 2136 lluctus
701 2090 857 2134 successus
879 2071 1014 2151 ploratus
1037 2071 1166 2134 ululatus
1183 2074 1311 2151 gemitus
1333 2081 1456 2136 ornatus
1477 2074 1605 2136 auditus

299 2177 421 2258 plausus
444 2179 592 2239 exercitus
614 2176 718 2255 pulsus
741 2185 769 2235 et
791 2173 837 2236 his
858 2172 976 2236 similia.

386 2278 459 2340 ltem
475 2277 594 2340 nomina
603 2277 714 2338 Graeca
731 2285 836 2338 neutro
854 2294 964 2354 genere
980 2275 1170 2337 declinanda:
1188 2276 1370 2337 nominatiuo
1385 2277 1442 2338 hoc
1457 2275 1603 2347 chrisma,

301 2381 440 2458 genetiuo
463 2380 551 2441 huius
573 2378 756 2444 chrismatis,
781 2376 879 2437 datiuo
903 2376 972 2438 huic
993 2377 1160 2446 chrismati,
1184 2379 1354 2438 aecusatiuo
1377 2377 1434 2440 hoc
1456 2377 1602 2448 chrisma,

302 2483 478 2543 uocatiuoo
505 2477 648 2549 chrisma,
679 2477 809 2540 ahlatiuo
836 2475 873 2538 ah
901 2477 958 2539 hoe
986 2478 1146 2540 chrismate
1175 2486 1205 2538 et
1230 2478 1385 2558 pluraliter
1413 2481 1644 2542 nonrtnanuou

302 2583 377 2644 haec
407 2581 580 2650 chrismata,
614 2580 753 2658 genetiuo
785 2577 892 2640 horum
927 2577 1133 2650 chrismatum,
1168 2579 1267 2641 datiuo
1298 2580 1343 2642 his
1376 2580 1602 2651 chrismatibus,

302 2685 473 2746 accusatiuo
495 2683 570 2744 haec
591 2680 765 2752 chrismata,
790 2682 926 2743 uocatiuo
949 2680 1156 2752 ochrismata,
1180 2681 1308 2744 ahlatiuo
1331 2683 1368 2744 ah
1384 2682 1431 2744 his
1451 2683 1602 2746 chrisma·

303 2785 391 2848 tibus.
443 2785 492 2847 Sic
520 2783 727 2846 declinandum
755 2791 814 2844 est:
850 2784 986 2862 oenigma
1019 2790 1152 2845 toreuma
1185 2783 1304 2846 schema
1338 2788 1603 2872 stemmapstigma

301 2889 448 2951 charisma
471 2894 501 2949 et
523 2887 568 2949 his
589 2885 705 2948 similia.

386 2991 449 3052 Hoc
472 2997 570 3051 tantm
594 2987 759 3050 euidentius
779 2987 933 3050 sciendum
957 2995 1014 3058 est,
1038 2988 1116 3066 quod
1139 2989 1237 3048 omnia
1260 2989 1379 3050 uomina
1403 2995 1508 3050 neutra
1535 2993 1603 3050 siue
1617 2999 1642 3036 ²⁴¹·

302 3095 331 3155 in
355 3090 498 3172 singulari
513 3109 639 3152 numero
654 3093 718 3152 siue
739 3091 770 3150 iu
793 3087 899 3171 plurali
914 3091 942 3150 in
960 3090 1141 3152 nominatiuo
1156 3106 1243 3160 casu,
1265 3091 1435 3152 accusatiuo
1457 3099 1487 3152 et
1506 3110 1600 3152 uoca-

300 3197 363 3256 tiuo
385 3212 473 3256 unam
496 3191 722 3255 declinationem
746 3190 858 3253 habent
878 3194 928 3263 ita,
952 3199 985 3253 ut
1006 3209 1061 3272 per
1083 3193 1182 3253 omnia
1205 3192 1324 3252 nomina
1344 3209 1400 3253 nec
1419 3211 1476 3254 uua
1498 3191 1601 3256 littera

300 3299 332 3359 iu
354 3294 546 3358 similitudino
568 3292 775 3355 declinationis
797 3311 917 3355 casuum
940 3295 1071 3373 ipsorum
1095 3294 1202 3356 mutari
1224 3294 1329 3374 possit.

386 3397 460 3458 ltem
484 3412 592 3457 nomen
614 3395 734 3474 generis
756 3394 902 3466 feminini,
926 3396 1106 3458 nominatius
1129 3395 1203 3457 haec
1224 3395 1323 3464 lacius,
1346 3396 1486 3473 genetiuo
1509 3395 1603 3458 huius

303 3501 397 3568 laoiei,
421 3498 519 3560 datiuo
541 3498 611 3557 huic
632 3496 731 3568 faciei,
755 3499 925 3558 aecusatiuo
948 3496 1024 3558 hauc
1044 3497 1164 3567 taciem,
1186 3498 1324 3559 uocatiuo
1347 3515 1365 3557 o
1387 3497 1491 3569 iacies,
1516 3498 1601 3562 abla·
1615 3507 1641 3546 ³⁰

301 3603 364 3663 tiuo
379 3599 417 3662 ab
431 3598 487 3662 hac
502 3599 577 3661 iaoie
593 3605 622 3660 et
636 3598 789 3679 plurahter
812 3599 994 3660 nominatiuo
1017 3597 1072 3660 hae
1094 3599 1193 3670 iacies,
1217 3601 1355 3678 genetiuo
1377 3598 1482 3662 harum
1505 3601 1599 3662 lacie-

371 3804 429 3852 lin
448 3816 523 3851 omne
540 3799 665 3866 genereB
734 3802 896 3867 igeuetiuo,
915 3801 1002 3852 dotiuo
1020 3808 1068 3855 etc.
1087 3801 1173 3852 oncB
1225 3801 1294 3854 tuit
1314 3801 1358 3852 ΑΒ
1411 3804 1600 3854 dsceusatiuo

305 3870 352 3921 hoe
370 3879 395 3920 et
412 3870 458 3919 has
477 3879 502 3918 et
518 3867 582 3918 hoec
599 3883 708 3931 nequam
727 3870 816 3920 onnh
884 3870 956 3921 'isio
973 3879 998 3919 et
1014 3883 1098 3935 nugns
1116 3869 1293 3920 declinandum
1316 3869 1393 3920 estB
1447 3885 1540 3921 nomen
1561 3885 1602 3921 ost

304 3937 324 3988 B
393 3935 608 3988 8declinendum
627 3935 823 3986 uomiustiuoB
870 3937 998 4003 genetiuo,
1016 3937 1106 3986 dstluo
1124 3945 1173 3988 etc.
1191 3938 1277 3989 oernB
1346 3938 1449 3989 dcnltu
1466 3938 1602 4004 pluraliter

303 4007 323 4056 B
394 4007 427 4056 10
444 4003 479 4053 hii
498 4003 542 4054 ΑΒ
613 4005 643 4054 12
665 4005 792 4056 Nominum
809 4005 874 4056 ordo
892 4011 918 4055 et
935 4005 1090 4056 conmutatio
1107 4007 1133 4054 ln
1151 4005 1172 4054 B
1190 4007 1227 4056 ito
1243 4021 1272 4056 ae
1289 4006 1377 4056 dodel:
1401 4006 1498 4056 tructus
1524 4009 1600 4058 uisus

302 4089 394 4126 seusus
417 4083 570 4137 conspectus
593 4087 735 4122 consensus
757 4081 848 4137 postus
871 4083 990 4139 sumptus
1013 4087 1092 4122 sexus
1114 4072 1183 4123 lacus
1207 4074 1291 4123 exitus
1314 4073 1396 4123 luctus
1414 4083 1485 4125 ortus
1504 4089 1600 4124 munus

302 4143 421 4194 introitus
439 4140 549 4206 gemitus
568 4138 684 4190 hemitus
702 4139 810 4190 amiotus
828 4149 918 4206 portus
936 4150 1026 4206 portus
1044 4155 1118 4190 arctus
1131 4141 1252 4207 strepitus
1265 4141 1357 4192 lluctus
1370 4157 1506 4192 srrccessus
1520 4159 1601 4193 easrrs

304 4210 415 4260 ululatus
434 4218 539 4258 ornatus
557 4209 683 4258 exercitus
702 4207 785 4257 ethis
803 4207 905 4260 similis,
975 4210 1006 4260 te
1025 4207 1120 4258 electus
1140 4209 1162 4258 Α
1213 4220 1354 4260 cometatus
1373 4210 1411 4259 uel
1430 4221 1564 4260 comestus
1579 4215 1599 4260 h

304 4280 337 4330 14
355 4287 431 4329 essue
449 4284 549 4326 sumtus
567 4276 591 4325 A
643 4287 713 4326 ortus
731 4285 817 4325 arctus
836 4275 866 4336 Α,
885 4291 989 4341 quorum
1006 4275 1053 4327 doc
1069 4291 1119 4340 per
1135 4278 1333 4343 dittopropldum
1351 4275 1458 4329 inlotam
1475 4292 1531 4328 crae
1550 4295 1601 4330 eac·

303 4347 406 4405 humes,
424 4345 474 4396 niel
491 4346 596 4410 ‘ortua’,
615 4346 685 4409 quod
700 4345 727 4394 in
743 4345 800 4394 cod.
812 4343 838 4392 B
855 4343 957 4394 elencho
969 4343 1084 4408 dedatur,
1096 4344 1210 4394 seribere
1221 4347 1349 4396 mathema.
1419 4347 1451 4396 18
1463 4361 1541 4410 greca
1556 4346 1600 4395 ΑΒ

303 4425 392 4465 neutra
410 4413 448 4463 sie
465 4411 616 4462 declinanda
634 4423 694 4462 sunt
710 4411 759 4461 hoc
777 4411 879 4472 crisme,
897 4413 994 4463 omissis
1011 4427 1112 4462 aarum
1129 4412 1298 4463 nominiduell
1350 4414 1444 4463 crisma
1462 4421 1512 4464 etc.
1531 4429 1598 4464 aem·

301 4497 351 4548 per
369 4479 413 4530 AB
466 4481 498 4530 te
515 4479 673 4530 orosmutih
725 4481 759 4530 20
775 4479 894 4530 crismate
911 4479 1073 4545 pluraliterB
1125 4481 1158 4531 23
1170 4478 1214 4530 Sio
1225 4481 1404 4532 declinandum
1418 4490 1457 4531 est
1468 4481 1600 4546 baptismo

303 4551 405 4614 enigma
431 4556 547 4613 toregmo
572 4547 669 4614 paseha
695 4546 780 4597 thema
806 4547 922 4598 diadema
949 4547 1044 4612 dogrno
1070 4547 1204 4598 anathema
1231 4550 1325 4614 stigma
1348 4549 1434 4599 ethis
1457 4549 1600 4599 simeliaB

304 4618 406 4682 enigma
423 4625 537 4680 toregmn
556 4615 600 4664 ΑΒ
653 4615 776 4665 εοειηαΑ
863 4616 897 4666 24
914 4614 1071 4664 hortamen
1156 4617 1190 4666 25
1208 4627 1291 4667 tamen
1309 4616 1395 4668 om,B
1448 4617 1599 4667 uomeuuB

302 4685 335 4733 26
353 4693 378 4732 et
395 4683 581 4733 accusatiuoB
649 4685 682 4733 27
700 4683 734 4732 itu
747 4684 923 4733 ut-mutori
942 4683 1026 4748 possit
1042 4683 1119 4734 eccll
1156 4685 1259 4735 nomino
1277 4700 1328 4734 una
1345 4685 1368 4734 Α
1386 4686 1491 4734 nomina
1508 4697 1601 4736 neutra

304 4764 350 4798 nec
367 4765 418 4799 une
429 4765 475 4800 are
486 4766 610 4814 anonyma
621 4751 678 4801 eod.
691 4749 771 4802 Bere.
782 4749 928 4814 123[.99ὴ
997 4751 1030 4801 28
1049 4765 1140 4801 nomen
1160 4763 1199 4802 est
1216 4751 1236 4800 Β
1305 4753 1337 4804 29
1355 4751 1470 4802 feminini
1489 4761 1518 4801 ut
1535 4753 1600 4804 hoec

304 4816 383 4867 lucios
401 4816 477 4867 huius
495 4816 571 4867 laoiei
588 4823 636 4871 eto.
654 4819 751 4868 onnus
768 4833 868 4867 casuum
885 4816 1022 4868 nomirrldoe
1040 4817 1059 4866 Β
