3352 5556
478 301 554 352 CVM
572 299 777 354 EXCERPTIS
795 299 965 354 tnbm'rts.
1286 312 1366 361 ccx1

86 495 168 548 autem
193 489 434 566 pronuntiatione
457 497 508 550 aut
528 488 639 550 scribto
662 491 728 569 quia
752 488 869 550 scribtis
892 490 948 550 hoc
972 489 1076 550 uitium
1092 487 1241 550 inuenitur
1263 495 1314 549 aut
1335 489 1365 548 in

87 591 313 668 pronuntiatione
343 600 442 652 nostra
471 591 621 668 protertur
650 609 717 653 cum
747 609 805 652 non
833 589 952 652 scribtis
981 590 1032 652 sed
1056 607 1183 652 comune
1206 587 1365 670 loquimur.
1393 635 1395 640 ,

86 690 152 754 ldcst
172 691 375 754 barbarismus
398 694 464 774 quia
530 691 642 754 scribto
664 701 713 754 aut

157 813 185 872 p.
209 791 287 865 324,
312 792 328 855 1
357 795 427 856 item
456 793 649 857 adiectionem
678 795 889 857 detractionem
918 777 1113 856 inmutatione
1137 802 1167 855 et
1188 801 1366 856 transmuta-

86 899 181 957 tionem
227 893 247 958 3
270 896 476 976 adspirationis
492 895 618 958 adieetio
634 897 749 959 litterae
764 898 795 958 lit
818 906 914 959 autern
930 896 1042 958 scribto
1064 895 1110 958 uel
1127 897 1367 976 pronuntiatione

87 997 276 1060 barbarismus
299 1016 353 1079 per
375 999 570 1061 adiectionem
594 999 720 1068 litterae.
745 1001 821 1062 sicut
844 998 992 1080 relliquias
1045 996 1067 1059 4
1089 1016 1160 1077 qum
1218 995 1238 1059 6
1260 1006 1293 1058 ut
1309 1015 1367 1060 non

86 1099 115 1158 ab
134 1098 172 1159 hii
196 1109 306 1162 serat
366 1098 384 1161 1
407 1101 550 1180 prologus
572 1100 683 1162 labinia
707 1118 797 1179 quum
821 1101 930 1162 italiam
954 1107 1121 1180 correptam
1176 1097 1197 1162 9
1220 1107 1249 1161 et
1271 1100 1366 1162 nutri-

88 1199 142 1261 bam
163 1221 219 1282 pro
243 1204 438 1264 nutriueram.
469 1223 522 1282 per
551 1201 763 1265 detractionem
794 1202 923 1284 syllabae
989 1200 1029 1265 10
1049 1201 1261 1264 salsamentum
1283 1203 1367 1282 paui·

87 1313 172 1364 neoto
200 1314 230 1364 et
261 1322 380 1366 currum
411 1323 465 1384 pro
495 1323 585 1367 curru
652 1303 690 1366 11
721 1305 836 1366 noxiam
905 1301 943 1366 12
971 1307 1041 1367 item
1064 1323 1119 1386 per
1141 1305 1365 1366 inmutationem

89 1403 119 1464 13
141 1424 191 1482 pro
216 1405 257 1466 illi
281 1408 289 1466 i
311 1406 408 1468 littera
430 1409 462 1468 in
485 1425 502 1468 o
526 1415 650 1478 mutata,
680 1427 734 1488 per
757 1409 981 1469 inmutationem
1004 1406 1134 1487 syllabae
1156 1415 1188 1468 ut
1211 1407 1368 1487 permieies

86 1509 205 1586 pronicie
267 1505 307 1570 15
329 1507 365 1569 be
389 1511 467 1570 enim
528 1507 567 1571 16
589 1510 680 1589 gessit
703 1509 811 1571 bellurn
878 1507 917 1572 17
939 1509 1091 1590 cleopatra
1153 1506 1192 1572 18
1214 1507 1368 1589 interpella

88 1709 119 1770 19
137 1719 167 1772 ut
189 1711 361 1792 disciplina,
392 1731 474 1775 corr.
501 1712 656 1792 displicina
678 1731 717 1776 m.
741 1715 780 1776 11
841 1733 897 1794 per
919 1717 1195 1775 transmutationem
1218 1713 1368 1794 temporis,

86 1855 132 1900 om.
154 1847 186 1898 ut
252 1835 294 1900 22
318 1839 347 1918 (l.
372 1837 443 1920 61³)
467 1839 647 1916 metalemsis
710 1838 752 1902 23
774 1839 886 1903 addidit
955 1810 1128 1921 2411111111
1193 1806 1235 1902 25
1257 1859 1368 1920 conpu-

88 1949 119 1998 tat
178 1943 274 2018 grani,
298 1961 352 2020 per
374 1961 483 2021 granos
551 1939 593 2003 26
620 1962 676 2023 pro
699 1961 734 2002 eo
758 1943 837 2020 quod
859 1959 914 2021 per
936 1942 1069 2018 singulos
1091 1961 1186 2003 annos
1207 1944 1262 2006 ista
1285 1941 1369 2002 eolli-

88 2053 184 2118 guntur
209 2045 367 2120 (optimet)
432 2041 472 2105 27
497 2043 676 2106 metalemsis
740 2041 782 2105 29
805 2062 880 2123 quae
903 2062 1008 2105 manus
1031 2052 1111 2105 carte
1134 2045 1321 2124 nodosaquae

159 2439 227 2498 lam
250 2438 395 2512 addimus,
425 2438 578 2498 Iulianum
606 2437 726 2500 auxilio
752 2440 866 2498 codicis
888 2436 1054 2498 dernensis
1075 2455 1137 2498 non
1158 2439 1251 2498 solum
1274 2453 1369 2498 meen-

88 2539 156 2612 dari,
179 2541 236 2600 secl
261 2541 379 2599 lacunis
405 2553 520 2614 quoque
550 2539 613 2612 (cf.
633 2559 666 2616 p.
692 2547 764 2614 323,
791 2547 826 2598 11
846 2543 879 2601 K
877 2545 895 2616 )
922 2541 1050 2602 liberari
1064 2543 1206 2616 patrasse.
1251 2539 1367 2615 Restat,

21 2689 22 2696 .
87 2649 112 2696 ut
131 2642 247 2702 Iuliani
265 2643 398 2702 codicem
420 2644 527 2718 ipsum,
550 2659 609 2716 quo
632 2645 679 2703 asi
697 2650 768 2703 sunt
789 2651 818 2702 et
839 2645 978 2704 editionis
993 2643 1151 2704 Romanae
1172 2644 1239 2702 olim
1262 2647 1371 2702 auctor

87 2747 108 2798 ct
132 2743 246 2804 licitiae
275 2759 389 2819 nuper,
426 2745 604 2804 Vaticanum
633 2761 692 2804 noa
720 2747 813 2804 solum
843 2747 974 2806 disiectis
996 2747 1065 2806 olim
1085 2743 1249 2821 particulis
1265 2761 1370 2820 prauo

84 2841 216 2910 foliorum
240 2847 347 2906 ordine
368 2847 621 2932 conplraiaatum,
652 2849 684 2906 id
711 2849 791 2922 qaod
818 2849 878 2906 iam
902 2848 1019 2908 Keilius
1040 2849 1127 2919 uidit,
1151 2849 1206 2907 sed
1225 2848 1316 2906 etiam
1337 2849 1369 2905 in

22 2997 23 3000 ,
85 2947 196 3019 11111111
218 2947 362 3022 partibas
385 2963 532 3023 peruersa
559 2949 666 3008 maine
691 2951 837 3025 scriptam
863 2965 926 3009 esse
951 2949 1174 3026 comprobemus.
1224 2949 1310 3019 Quod
1331 2949 1370 3006 de

86 3047 129 3104 illo
150 3050 289 3124 opusculi
302 3057 396 3124 parte
417 3050 513 3123 ualet,
538 3067 598 3125 qao
620 3051 659 3108 ale
678 3051 838 3124 peneribas
858 3059 1023 3112 metrorum
1045 3053 1158 3126 opilata.
1205 3051 1367 3123 Postquam

86 3152 150 3208 caim
172 3151 232 3225 (cs.
256 3149 335 3212 Keil.
354 3168 387 3224 p.
412 3153 584 3227 3111111.)
610 3154 752 3214 Iulianas
773 3161 839 3213 octo
861 3161 1025 3214 metrorum
1044 3169 1159 3228 penera
1176 3153 1367 3228 principalia

87 3267 138 3308 esse
157 3255 272 3328 statuit,
296 3253 478 3330 dactylicam
501 3255 658 3315 iambicam
681 3257 866 3316 trochaicum
889 3258 1116 3331 anapaesticum
1131 3255 1366 3316 choriambicum

87 3351 304 3429 ancupascicom
327 3357 453 3416 ionicum
477 3373 497 3415 a
519 3359 634 3416 maiore
655 3365 685 3417 et
705 3359 834 3418 ionicam
856 3374 876 3416 1
898 3361 1024 3432 minore,
1049 3359 1196 3417 maamur
1218 3358 1249 3416 in
1265 3357 1367 3429 11111-

87 3454 138 3512 tori
161 3459 346 3517 tractatione
369 3461 457 3530 finiri
482 3475 557 3534 opus
583 3468 677 3520 metro
704 3463 900 3536 antispastico
922 3462 1092 3536 explicato:
1116 3458 1163 3520 ‘da
1186 3459 1248 3518 eius
1271 3475 1369 3517 exem·

88 3553 165 3632 plum.
188 3557 295 3619 uolans
317 3578 388 3620 ecce
404 3577 511 3638 gerens
527 3577 607 3621 arma
624 3562 742 3638 ruitque
758 3559 864 3622 laetus’
889 3559 1082 3641 (armauitque
1099 3558 1183 3620 letus.
1211 3561 1283 3620 ltem
1300 3577 1369 3618 ecce

88 3677 181 3732 gerens
203 3662 389 3741 armauitque
416 3661 493 3722 letus
520 3665 588 3724 1111.
613 3667 707 3724 Bern.
734 3671 789 3722 211
813 3664 842 3738 s.
870 3663 944 3742 77⁶),
968 3682 1002 3741 p.
1028 3663 1246 3723 1711111111.
1285 3663 1370 3722 Haec

89 3761 168 3832 ipitur
189 3763 223 3824 in
248 3770 316 3824 arte
338 3764 489 3826 Bemensi
508 3783 563 3826 suo
585 3769 684 3826 omnio
707 3768 815 3827 ordine
836 3769 894 3826 rite
914 3768 1054 3841 exposita
1081 3771 1152 3826 sunt
1172 3768 1273 3826 metris
1295 3767 1369 3826 ioni-

89 3865 122 3918 n's
140 3881 159 3923 1
179 3869 299 3927 maiore
318 3873 349 3926 et
370 3885 390 3927 a
411 3871 526 3928 minore
547 3870 649 3929 altimo
669 3869 737 3930 laco
758 3871 929 3945 explicatis.

157 3969 220 4029 Sed
242 3971 423 4030 accedamus
444 3957 494 4030 ad'
507 3973 635 4032 maiora.
678 3970 850 4032 Secundum
872 3973 1005 4031 codicem
1035 3971 1213 4030 Vaticanum
1228 3970 1370 4030 Iulianas

92 4065 189 4130 donati
209 4079 306 4131 artem
328 4075 472 4134 maiorem
495 4073 552 4146 (cs.
569 4076 648 4135 Keil.
667 4093 702 4150 p.
720 4081 776 4132 311
798 4078 885 4149 not),
910 4075 986 4132 artis
1007 4073 1131 4132 maioris
1152 4089 1218 4132 eam
1236 4077 1367 4148 portem,

90 4185 153 4242 auae
173 4177 241 4248 opit
262 4174 405 4246 111111,
428 4177 466 4235 dc
487 4177 600 4251 littera,
626 4177 664 4234 cle
684 4177 816 4254 syllaba,
844 4178 882 4235 ale
899 4175 1036 4252 pedibus,
1061 4175 1100 4234 ae
1121 4177 1198 4234 tonis
1220 4180 1310 4250 atque
1333 4175 1371 4233 de

90 4277 233 4349 uenturis,
262 4278 372 4338 deinde
399 4278 618 4338 barbarismum
645 4286 805 4353 ceteroque
838 4280 914 4338 uitia
948 4285 977 4337 et
1005 4275 1069 4338 eius
1094 4273 1218 4351 pencris
1244 4272 1368 4343 similia,

92 4375 203 4452 denique
224 4387 322 4440 metro
345 4383 560 4441 commentario
581 4383 732 4443 uberrimo
753 4379 914 4450 instruxit,
946 4381 1027 4440 deest
1049 4396 1121 4438 acro
1143 4381 1220 4438 artis
1242 4375 1369 4438 maioris

93 4485 146 4538 arto
161 4481 297 4557 partirem
320 4484 467 4542 orationis
486 4481 645 4560 expositio.
684 4485 750 4544 Hoc
764 4485 870 4543 mirum
885 4498 968 4557 sane,
991 4484 1172 4558 praesertim
1187 4497 1253 4540 curn
1268 4488 1370 4540 celero

95 4578 190 4642 lanati
210 4587 358 4662 opuscula
380 4589 606 4646 accuratissime
626 4589 803 4662 respexerit.
843 4587 883 4645 Et
904 4601 1014 4645 reuera
1034 4585 1187 4644 Iulianum
1201 4599 1239 4641 ca
1255 4599 1372 4659 quoque

94 4687 258 4748 tractauissc
279 4704 397 4749 necesse
418 4697 461 4749 est
482 4695 662 4766 statuamus,
690 4692 718 4748 si
738 4690 832 4764 ipsias
853 4689 962 4761 uerba,
992 4703 1070 4763 qaae
1092 4689 1130 4746 de
1151 4688 1228 4746 artis
1249 4683 1372 4746 minoris

94 4787 260 4864 maiorisque
282 4793 458 4852 diuersitate
475 4789 557 4864 fecit
580 4811 613 4868 p.
638 4799 710 4865 .lt²tt,
740 4799 773 4848 11
794 4807 854 4865 sep.
878 4792 922 4858 K,
952 4791 1125 4850 accuratim
1152 4789 1371 4864 expendamus.

1131 4907 1146 4941 0
1153 4887 1167 4920 qr
