<?xml version="1.0" encoding="UTF-8"?>
<!DOCTYPE html PUBLIC "-//W3C//DTD XHTML 1.0 Transitional//EN"
    "http://www.w3.org/TR/xhtml1/DTD/xhtml1-transitional.dtd">
<html xmlns="http://www.w3.org/1999/xhtml" xml:lang="en" lang="en">
 <head>
  <title>
</title>
<meta http-equiv="Content-Type" content="text/html;charset=utf-8" />
  <meta name='ocr-system' content='tesseract 3.04.00' />
  <meta name='ocr-capabilities' content='ocr_page ocr_carea ocr_par ocr_line ocrx_word'/>
</head>
<body>
  <div class='ocr_page' id='page_1' title='image "./anecdotahelveti00hagegoog_0411.png"; bbox 0 0 3316 5566; ppageno 0'>
   <div class='ocr_carea' id='block_1_1' title="bbox 307 339 1079 404">
    <p class='ocr_par' dir='ltr' id='par_1_1' title="bbox 307 339 1079 404">
     <span class='ocr_line' id='line_1_1' title="bbox 307 339 1079 404; baseline 0.003 -12"><span class='ocrx_word' id='word_1_1' title='bbox 307 339 368 404; x_wconf 78' lang='grc'>140</span> <span class='ocrx_word' id='word_1_2' title='bbox 817 344 885 394; x_wconf 78' lang='lat' dir='ltr'>Ans</span> <span class='ocrx_word' id='word_1_3' title='bbox 906 342 1079 394; x_wconf 80' lang='lat' dir='ltr'>tnonxun</span> 
     </span>
    </p>
   </div>
   <div class='ocr_carea' id='block_1_2' title="bbox 301 530 1617 1836">
    <p class='ocr_par' dir='ltr' id='par_1_2' title="bbox 301 530 1617 1836">
     <span class='ocr_line' id='line_1_2' title="bbox 302 530 1586 612; baseline -0.001 -22"><span class='ocrx_word' id='word_1_4' title='bbox 302 540 386 611; x_wconf 88' lang='lat' dir='ltr'>parte</span> <span class='ocrx_word' id='word_1_5' title='bbox 408 530 606 602; x_wconf 80' lang='lat' dir='ltr'><strong>declinantur,</strong></span> <span class='ocrx_word' id='word_1_6' title='bbox 635 539 667 592; x_wconf 93' lang='lat' dir='ltr'>ut</span> <span class='ocrx_word' id='word_1_7' title='bbox 694 532 827 612; x_wconf 90' lang='lat' dir='ltr'>quisquis</span> <span class='ocrx_word' id='word_1_8' title='bbox 854 533 1025 594; x_wconf 81' lang='lat' dir='ltr'>cuiuscuius</span> <span class='ocrx_word' id='word_1_9' title='bbox 1052 533 1151 608; x_wconf 83' lang='lat' dir='ltr'>euicui</span> <span class='ocrx_word' id='word_1_10' title='bbox 1180 547 1358 612; x_wconf 88' lang='lat' dir='ltr'>quemquem</span> <span class='ocrx_word' id='word_1_11' title='bbox 1385 550 1403 590; x_wconf 95' lang='lat' dir='ltr'>o</span> <span class='ocrx_word' id='word_1_12' title='bbox 1429 533 1586 607; x_wconf 82' lang='lat' dir='ltr'>quisquiss</span> 
     </span>
     <span class='ocr_line' id='line_1_3' title="bbox 302 631 1586 716; baseline -0.001 -22"><span class='ocrx_word' id='word_1_13' title='bbox 302 653 420 714; x_wconf 88' lang='lat' dir='ltr'>quoquo</span> <span class='ocrx_word' id='word_1_14' title='bbox 450 641 479 694; x_wconf 90' lang='lat' dir='ltr'>ct</span> <span class='ocrx_word' id='word_1_15' title='bbox 505 631 661 712; x_wconf 77' lang='lat' dir='ltr'><strong>pluraliter</strong></span> <span class='ocrx_word' id='word_1_16' title='bbox 694 635 797 714; x_wconf 83' lang='lat' dir='ltr'>quiqui</span> <span class='ocrx_word' id='word_1_17' title='bbox 834 652 1087 713; x_wconf 84' lang='lat' dir='ltr'>quorumqucrum</span> <span class='ocrx_word' id='word_1_18' title='bbox 1120 633 1337 716; x_wconf 86' lang='lat' dir='ltr'>quibusquibus</span> <span class='ocrx_word' id='word_1_19' title='bbox 1376 632 1425 694; x_wconf 89' lang='lat' dir='ltr'>uel</span> <span class='ocrx_word' id='word_1_20' title='bbox 1462 635 1586 712; x_wconf 87' lang='lat' dir='ltr'>quisquis</span> 
     </span>
     <span class='ocr_line' id='line_1_4' title="bbox 301 731 1586 816; baseline -0.002 -20"><span class='ocrx_word' id='word_1_21' title='bbox 301 755 452 816; x_wconf 79' lang='lat' dir='ltr'>quosquos</span> <span class='ocrx_word' id='word_1_22' title='bbox 475 755 493 794; x_wconf 92' lang='grc' dir='ltr'>ο</span> <span class='ocrx_word' id='word_1_23' title='bbox 515 737 620 812; x_wconf 80' lang='lat' dir='ltr'>quiqui</span> <span class='ocrx_word' id='word_1_24' title='bbox 633 753 649 796; x_wconf 89' lang='lat' dir='ltr'>a</span> <span class='ocrx_word' id='word_1_25' title='bbox 664 734 894 816; x_wconf 85' lang='lat' dir='ltr'>quibusquibus.</span> <span class='ocrx_word' id='word_1_26' title='bbox 938 736 1022 816; x_wconf 77' lang='lat' dir='ltr'>Apud</span> <span class='ocrx_word' id='word_1_27' title='bbox 1039 737 1253 799; x_wconf 76' lang='lat' dir='ltr'>Ciceronem</span> <span class='ocrx_word' id='word_1_28' title='bbox 1276 736 1431 798; x_wconf 88' lang='lat' dir='ltr'>inuenitur</span> <span class='ocrx_word' id='word_1_29' title='bbox 1450 735 1491 796; x_wconf 88' lang='lat' dir='ltr'>sic</span> <span class='ocrx_word' id='word_1_30' title='bbox 1505 731 1586 795; x_wconf 91' lang='lat' dir='ltr'>decli-</span> 
     </span>
     <span class='ocr_line' id='line_1_5' title="bbox 303 836 1586 917; baseline -0.003 -18"><span class='ocrx_word' id='word_1_31' title='bbox 303 846 403 900; x_wconf 81' lang='lat' dir='ltr'>netum</span> <span class='ocrx_word' id='word_1_32' title='bbox 427 836 671 898; x_wconf 77' lang='lat' dir='ltr'>‘cuicuimodi</span> <span class='ocrx_word' id='word_1_33' title='bbox 696 839 768 900; x_wconf 89' lang='lat' dir='ltr'>est’</span> <span class='ocrx_word' id='word_1_34' title='bbox 797 846 828 898; x_wconf 92' lang='lat' dir='ltr'>et</span> <span class='ocrx_word' id='word_1_35' title='bbox 854 837 933 917; x_wconf 89' lang='lat' dir='ltr'>apud</span> <span class='ocrx_word' id='word_1_36' title='bbox 956 838 1172 900; x_wconf 85' lang='lat' dir='ltr'>Terentium</span> <span class='ocrx_word' id='word_1_37' title='bbox 1196 841 1235 900; x_wconf 93' lang='lat' dir='ltr'>ita</span> <span class='ocrx_word' id='word_1_38' title='bbox 1258 839 1426 900; x_wconf 91' lang='lat' dir='ltr'>inuenitur:</span> <span class='ocrx_word' id='word_1_39' title='bbox 1455 841 1586 915; x_wconf 89' lang='lat' dir='ltr'>‘quem-</span> 
     </span>
     <span class='ocr_line' id='line_1_6' title="bbox 302 940 1605 1022; baseline -0.002 -22"><span class='ocrx_word' id='word_1_40' title='bbox 302 959 407 1020; x_wconf 89' lang='lat' dir='ltr'>quem</span> <span class='ocrx_word' id='word_1_41' title='bbox 438 947 570 1000; x_wconf 83' lang='lat' dir='ltr'>narrcta</span> <span class='ocrx_word' id='word_1_42' title='bbox 601 942 682 1000; x_wconf 86' lang='lat' dir='ltr'>sis’.</span> <span class='ocrx_word' id='word_1_43' title='bbox 729 940 800 1000; x_wconf 88' lang='lat' dir='ltr'>ltem</span> <span class='ocrx_word' id='word_1_44' title='bbox 828 947 898 1000; x_wconf 91' lang='lat' dir='ltr'>sunt</span> <span class='ocrx_word' id='word_1_45' title='bbox 925 943 1118 1021; x_wconf 90' lang='lat' dir='ltr'>pronomina,</span> <span class='ocrx_word' id='word_1_46' title='bbox 1147 957 1224 1022; x_wconf 88' lang='lat' dir='ltr'>quae</span> <span class='ocrx_word' id='word_1_47' title='bbox 1245 941 1348 1019; x_wconf 91' lang='lat' dir='ltr'>priore</span> <span class='ocrx_word' id='word_1_48' title='bbox 1377 947 1491 1000; x_wconf 86' lang='lat' dir='ltr'>tontum</span> <span class='ocrx_word' id='word_1_49' title='bbox 1512 947 1605 1018; x_wconf 69' lang='lat' dir='ltr'>partes</span> 
     </span>
     <span class='ocr_line' id='line_1_7' title="bbox 302 1041 1587 1121; baseline -0.002 -19"><span class='ocrx_word' id='word_1_50' title='bbox 302 1041 489 1104; x_wconf 77' lang='lat' dir='ltr'>declinantur</span> <span class='ocrx_word' id='word_1_51' title='bbox 512 1049 541 1102; x_wconf 87' lang='lat' dir='ltr'>et</span> <span class='ocrx_word' id='word_1_52' title='bbox 563 1043 727 1121; x_wconf 86' lang='lat' dir='ltr'>posteriore</span> <span class='ocrx_word' id='word_1_53' title='bbox 752 1060 811 1102; x_wconf 93' lang='lat' dir='ltr'>non</span> <span class='ocrx_word' id='word_1_54' title='bbox 836 1041 1022 1104; x_wconf 88' lang='lat' dir='ltr'>declinantur</span> <span class='ocrx_word' id='word_1_55' title='bbox 1044 1089 1227 1105; x_wconf 91' lang='grc'><strong>......</strong></span> <span class='ocrx_word' id='word_1_56' title='bbox 1249 1043 1316 1120; x_wconf 90' lang='lat' dir='ltr'>quis</span> <span class='ocrx_word' id='word_1_57' title='bbox 1339 1059 1412 1103; x_wconf 91' lang='lat' dir='ltr'>nero</span> <span class='ocrx_word' id='word_1_58' title='bbox 1434 1041 1587 1103; x_wconf 87' lang='lat' dir='ltr'>declinatur</span> 
     </span>
     <span class='ocr_line' id='line_1_8' title="bbox 304 1139 1586 1225; baseline 0.001 -24"><span class='ocrx_word' id='word_1_59' title='bbox 304 1145 315 1221; x_wconf 68' lang='lat' dir='ltr'>i</span> <span class='ocrx_word' id='word_1_60' title='bbox 335 1139 492 1225; x_wconf 63' lang='lat' dir='ltr'>[115²ii</span> <span class='ocrx_word' id='word_1_61' title='bbox 539 1142 611 1204; x_wconf 88' lang='lat' dir='ltr'>item</span> <span class='ocrx_word' id='word_1_62' title='bbox 636 1143 819 1223; x_wconf 82' lang='lat' dir='ltr'>Virgilius</span> <span class='ocrx_word' id='word_1_63' title='bbox 840 1143 938 1205; x_wconf 88' lang='lat' dir='ltr'>blare</span> <span class='ocrx_word' id='word_1_64' title='bbox 960 1143 1048 1205; x_wconf 89' lang='lat' dir='ltr'>dixit:</span> <span class='ocrx_word' id='word_1_65' title='bbox 1079 1143 1308 1224; x_wconf 82' lang='lat' dir='ltr'>quorundam</span> <span class='ocrx_word' id='word_1_66' title='bbox 1337 1145 1586 1223; x_wconf 84' lang='lat' dir='ltr'>pronominum</span> 
     </span>
     <span class='ocr_line' id='line_1_9' title="bbox 302 1243 1587 1326; baseline -0.002 -19"><span class='ocrx_word' id='word_1_67' title='bbox 302 1247 606 1326; x_wconf 76' lang='lat' dir='ltr'>compositiones</span> <span class='ocrx_word' id='word_1_68' title='bbox 628 1253 692 1308; x_wconf 91' lang='lat' dir='ltr'>aut</span> <span class='ocrx_word' id='word_1_69' title='bbox 713 1253 1013 1326; x_wconf 86' lang='lat' dir='ltr'>praeponuntur,</span> <span class='ocrx_word' id='word_1_70' title='bbox 1038 1255 1076 1308; x_wconf 94' lang='lat' dir='ltr'>ut</span> <span class='ocrx_word' id='word_1_71' title='bbox 1097 1245 1241 1324; x_wconf 91' lang='lat' dir='ltr'>aliquis</span> <span class='ocrx_word' id='word_1_72' title='bbox 1264 1247 1405 1324; x_wconf 78' lang='lat' dir='ltr'>siquis:</span> <span class='ocrx_word' id='word_1_73' title='bbox 1429 1254 1491 1305; x_wconf 84' lang='lat' dir='ltr'>nul</span> <span class='ocrx_word' id='word_1_74' title='bbox 1510 1243 1587 1307; x_wconf 89' lang='lat' dir='ltr'>sub·</span> 
     </span>
     <span class='ocr_line' id='line_1_10' title="bbox 302 1335 1588 1428; baseline -0.003 -20"><span class='ocrx_word' id='word_1_75' title='bbox 302 1350 527 1426; x_wconf 80' lang='lat' dir='ltr'>iunguntur,</span> <span class='ocrx_word' id='word_1_76' title='bbox 557 1355 596 1408; x_wconf 89' lang='lat' dir='ltr'>ut</span> <span class='ocrx_word' id='word_1_77' title='bbox 624 1347 774 1428; x_wconf 88' lang='lat' dir='ltr'>quidam</span> <span class='ocrx_word' id='word_1_78' title='bbox 805 1355 959 1425; x_wconf 82' lang='lat' dir='ltr'>egomet.</span> <span class='ocrx_word' id='word_1_79' title='bbox 1003 1345 1093 1410; x_wconf 82' lang='lat' dir='ltr'>Multa</span> <span class='ocrx_word' id='word_1_80' title='bbox 1121 1335 1268 1426; x_wconf 86' lang='lat' dir='ltr'>siquidem</span> <span class='ocrx_word' id='word_1_81' title='bbox 1291 1349 1468 1428; x_wconf 91' lang='lat' dir='ltr'>pronomina</span> <span class='ocrx_word' id='word_1_82' title='bbox 1490 1365 1588 1426; x_wconf 86' lang='lat' dir='ltr'>conpo-</span> 
     </span>
     <span class='ocr_line' id='line_1_11' title="bbox 301 1446 1617 1531; baseline -0.002 -23"><span class='ocrx_word' id='word_1_83' title='bbox 301 1459 422 1524; x_wconf 84' lang='lat' dir='ltr'>nuntur,</span> <span class='ocrx_word' id='word_1_84' title='bbox 446 1455 478 1509; x_wconf 89' lang='lat' dir='ltr'>ut</span> <span class='ocrx_word' id='word_1_85' title='bbox 500 1457 616 1526; x_wconf 82' lang='lat' dir='ltr'>egomet</span> <span class='ocrx_word' id='word_1_86' title='bbox 639 1457 733 1510; x_wconf 90' lang='lat' dir='ltr'>tumet</span> <span class='ocrx_word' id='word_1_87' title='bbox 754 1449 838 1510; x_wconf 90' lang='lat' dir='ltr'>bicce</span> <span class='ocrx_word' id='word_1_88' title='bbox 860 1451 969 1510; x_wconf 80' lang='lat' dir='ltr'>haecce</span> <span class='ocrx_word' id='word_1_89' title='bbox 991 1449 1083 1510; x_wconf 84' lang='lat' dir='ltr'>lroccc</span> <span class='ocrx_word' id='word_1_90' title='bbox 1106 1451 1240 1531; x_wconf 91' lang='lat' dir='ltr'>quisquis</span> <span class='ocrx_word' id='word_1_91' title='bbox 1262 1468 1415 1530; x_wconf 83' lang='lat' dir='ltr'>quaequae</span> <span class='ocrx_word' id='word_1_92' title='bbox 1437 1446 1586 1530; x_wconf 90' lang='lat' dir='ltr'>quodquod</span> <span class='ocrx_word' id='word_1_93' title='bbox 1599 1461 1617 1494; x_wconf 70' lang='grc' dir='ltr'>ιι</span> 
     </span>
     <span class='ocr_line' id='line_1_12' title="bbox 302 1545 1587 1632; baseline -0.001 -22"><span class='ocrx_word' id='word_1_94' title='bbox 302 1549 349 1612; x_wconf 92' lang='lat' dir='ltr'>uel</span> <span class='ocrx_word' id='word_1_95' title='bbox 378 1551 533 1631; x_wconf 90' lang='lat' dir='ltr'>quicquid,</span> <span class='ocrx_word' id='word_1_96' title='bbox 562 1551 698 1630; x_wconf 91' lang='lat' dir='ltr'>quisnam</span> <span class='ocrx_word' id='word_1_97' title='bbox 727 1545 871 1629; x_wconf 82' lang='lat' dir='ltr'>quaenam</span> <span class='ocrx_word' id='word_1_98' title='bbox 900 1554 1066 1628; x_wconf 81' lang='lat' dir='ltr'>quodnam,</span> <span class='ocrx_word' id='word_1_99' title='bbox 1097 1551 1237 1632; x_wconf 78' lang='lat' dir='ltr'>quislibet</span> <span class='ocrx_word' id='word_1_100' title='bbox 1264 1551 1413 1632; x_wconf 87' lang='lat' dir='ltr'>quaelibet</span> <span class='ocrx_word' id='word_1_101' title='bbox 1435 1549 1587 1629; x_wconf 83' lang='lat' dir='ltr'>quodlibet,</span> 
     </span>
     <span class='ocr_line' id='line_1_13' title="bbox 303 1647 1587 1734; baseline -0.003 -20"><span class='ocrx_word' id='word_1_102' title='bbox 303 1655 498 1733; x_wconf 88' lang='lat' dir='ltr'>quiscumque</span> <span class='ocrx_word' id='word_1_103' title='bbox 514 1669 719 1731; x_wconf 90' lang='lat' dir='ltr'>quaecumque</span> <span class='ocrx_word' id='word_1_104' title='bbox 734 1655 956 1733; x_wconf 90' lang='lat' dir='ltr'>quodcumque,</span> <span class='ocrx_word' id='word_1_105' title='bbox 981 1656 1109 1731; x_wconf 89' lang='lat' dir='ltr'>quisque</span> <span class='ocrx_word' id='word_1_106' title='bbox 1124 1647 1258 1734; x_wconf 82' lang='lat' dir='ltr'>quaeque</span> <span class='ocrx_word' id='word_1_107' title='bbox 1281 1652 1427 1734; x_wconf 89' lang='lat' dir='ltr'>quodque,</span> <span class='ocrx_word' id='word_1_108' title='bbox 1452 1654 1587 1732; x_wconf 88' lang='lat' dir='ltr'>quispiam</span> 
     </span>
     <span class='ocr_line' id='line_1_14' title="bbox 302 1754 1587 1836; baseline 0.001 -24"><span class='ocrx_word' id='word_1_109' title='bbox 302 1756 459 1835; x_wconf 78' lang='lat' dir='ltr'>quaepiam</span> <span class='ocrx_word' id='word_1_110' title='bbox 490 1754 650 1836; x_wconf 89' lang='lat' dir='ltr'>quodpiam</span> <span class='ocrx_word' id='word_1_111' title='bbox 681 1756 728 1817; x_wconf 92' lang='lat' dir='ltr'>uel</span> <span class='ocrx_word' id='word_1_112' title='bbox 756 1755 923 1836; x_wconf 89' lang='lat' dir='ltr'>quidpiam,</span> <span class='ocrx_word' id='word_1_113' title='bbox 962 1757 1074 1833; x_wconf 89' lang='lat' dir='ltr'>quisuis</span> <span class='ocrx_word' id='word_1_114' title='bbox 1111 1757 1235 1836; x_wconf 89' lang='lat' dir='ltr'>quaeuis</span> <span class='ocrx_word' id='word_1_115' title='bbox 1269 1755 1409 1836; x_wconf 88' lang='lat' dir='ltr'>quodnis,</span> <span class='ocrx_word' id='word_1_116' title='bbox 1445 1757 1587 1836; x_wconf 79' lang='lat' dir='ltr'>quisquam</span> 
     </span>
    </p>
   </div>
   <div class='ocr_carea' id='block_1_3' title="bbox 301 1857 1628 1938">
    <p class='ocr_par' dir='ltr' id='par_1_3' title="bbox 301 1857 1628 1938">
     <span class='ocr_line' id='line_1_15' title="bbox 301 1857 1628 1938; baseline -0.001 -22"><span class='ocrx_word' id='word_1_117' title='bbox 301 1875 466 1938; x_wconf 90' lang='lat' dir='ltr'>quaequam</span> <span class='ocrx_word' id='word_1_118' title='bbox 490 1857 668 1937; x_wconf 88' lang='lat' dir='ltr'>quodquam.</span> <span class='ocrx_word' id='word_1_119' title='bbox 704 1857 972 1935; x_wconf 73' lang='lat' dir='ltr'>lternVirgllius</span> <span class='ocrx_word' id='word_1_120' title='bbox 994 1859 1102 1920; x_wconf 89' lang='lat' dir='ltr'>iterum</span> <span class='ocrx_word' id='word_1_121' title='bbox 1126 1858 1163 1918; x_wconf 90' lang='lat' dir='ltr'>de</span> <span class='ocrx_word' id='word_1_122' title='bbox 1185 1857 1414 1938; x_wconf 90' lang='lat' dir='ltr'>pronominibus</span> <span class='ocrx_word' id='word_1_123' title='bbox 1436 1857 1588 1936; x_wconf 83' lang='lat' dir='ltr'>conpositis</span> <span class='ocrx_word' id='word_1_124' title='bbox 1623 1919 1628 1926; x_wconf 68' lang='grc'>,</span> 
     </span>
    </p>
   </div>
   <div class='ocr_carea' id='block_1_4' title="bbox 274 1955 1617 3874">
    <p class='ocr_par' dir='ltr' id='par_1_4' title="bbox 274 1955 1617 3874">
     <span class='ocr_line' id='line_1_16' title="bbox 301 1955 1617 2039; baseline -0.002 -21"><span class='ocrx_word' id='word_1_125' title='bbox 301 1958 388 2019; x_wconf 86' lang='lat' dir='ltr'>dixit:</span> <span class='ocrx_word' id='word_1_126' title='bbox 419 1960 485 2037; x_wconf 88' lang='lat' dir='ltr'>ag&#39;o</span> <span class='ocrx_word' id='word_1_127' title='bbox 514 1975 719 2039; x_wconf 89' lang='lat' dir='ltr'>pronomen</span> <span class='ocrx_word' id='word_1_128' title='bbox 749 1959 897 2020; x_wconf 80' lang='lat' dir='ltr'>linitum</span> <span class='ocrx_word' id='word_1_129' title='bbox 927 1961 1212 2038; x_wconf 89' lang='lat' dir='ltr'>conpositiones</span> <span class='ocrx_word' id='word_1_130' title='bbox 1241 1958 1332 2020; x_wconf 77' lang='lat' dir='ltr'>eluas</span> <span class='ocrx_word' id='word_1_131' title='bbox 1354 1961 1509 2038; x_wconf 88' lang='lat' dir='ltr'>recipit:</span> <span class='ocrx_word' id='word_1_132' title='bbox 1537 1955 1617 2018; x_wconf 66' lang='lat' dir='ltr'>uel¹5</span> 
     </span>
     <span class='ocr_line' id='line_1_17' title="bbox 301 2058 1588 2142; baseline -0.002 -22"><span class='ocrx_word' id='word_1_133' title='bbox 301 2077 378 2121; x_wconf 87' lang='lat' dir='ltr'>cum</span> <span class='ocrx_word' id='word_1_134' title='bbox 403 2059 498 2121; x_wconf 92' lang='lat' dir='ltr'>illud</span> <span class='ocrx_word' id='word_1_135' title='bbox 522 2059 759 2139; x_wconf 88' lang='lat' dir='ltr'>duplicatur,</span> <span class='ocrx_word' id='word_1_136' title='bbox 783 2069 822 2121; x_wconf 91' lang='lat' dir='ltr'>ut</span> <span class='ocrx_word' id='word_1_137' title='bbox 844 2079 1000 2140; x_wconf 77' lang='lat' dir='ltr'>egoego,</span> <span class='ocrx_word' id='word_1_138' title='bbox 1017 2058 1076 2122; x_wconf 88' lang='lat' dir='ltr'>nel</span> <span class='ocrx_word' id='word_1_139' title='bbox 1099 2079 1179 2124; x_wconf 91' lang='lat' dir='ltr'>cnm</span> <span class='ocrx_word' id='word_1_140' title='bbox 1203 2073 1276 2123; x_wconf 92' lang='lat' dir='ltr'>met</span> <span class='ocrx_word' id='word_1_141' title='bbox 1298 2060 1478 2142; x_wconf 82' lang='lat' dir='ltr'>syllabam</span> <span class='ocrx_word' id='word_1_142' title='bbox 1501 2059 1588 2121; x_wconf 89' lang='lat' dir='ltr'>reci·</span> 
     </span>
     <span class='ocr_line' id='line_1_18' title="bbox 301 2162 1588 2250; baseline -0.002 -29"><span class='ocrx_word' id='word_1_143' title='bbox 301 2163 369 2241; x_wconf 89' lang='lat' dir='ltr'>pit,</span> <span class='ocrx_word' id='word_1_144' title='bbox 394 2171 432 2222; x_wconf 90' lang='lat' dir='ltr'>ut</span> <span class='ocrx_word' id='word_1_145' title='bbox 453 2170 612 2240; x_wconf 80' lang='lat' dir='ltr'>egomet:</span> <span class='ocrx_word' id='word_1_146' title='bbox 636 2163 690 2222; x_wconf 88' lang='lat' dir='ltr'>sic</span> <span class='ocrx_word' id='word_1_147' title='bbox 713 2169 793 2224; x_wconf 91' lang='lat' dir='ltr'>tutu</span> <span class='ocrx_word' id='word_1_148' title='bbox 816 2171 945 2250; x_wconf 88' lang='lat' dir='ltr'>tumet,</span> <span class='ocrx_word' id='word_1_149' title='bbox 969 2181 1052 2224; x_wconf 88' lang='lat' dir='ltr'>sese</span> <span class='ocrx_word' id='word_1_150' title='bbox 1074 2172 1200 2225; x_wconf 88' lang='lat' dir='ltr'>semet.</span> <span class='ocrx_word' id='word_1_151' title='bbox 1238 2164 1315 2225; x_wconf 91' lang='lat' dir='ltr'>Sunt</span> <span class='ocrx_word' id='word_1_152' title='bbox 1336 2165 1407 2224; x_wconf 89' lang='lat' dir='ltr'>item</span> <span class='ocrx_word' id='word_1_153' title='bbox 1424 2162 1588 2242; x_wconf 80' lang='lat' dir='ltr'>pronomine</span> 
     </span>
     <span class='ocr_line' id='line_1_19' title="bbox 301 2262 1588 2344; baseline -0.002 -22"><span class='ocrx_word' id='word_1_154' title='bbox 301 2263 513 2341; x_wconf 77' lang='lat' dir='ltr'>interrogation</span> <span class='ocrx_word' id='word_1_155' title='bbox 543 2264 696 2343; x_wconf 89' lang='lat' dir='ltr'>conposita</span> <span class='ocrx_word' id='word_1_156' title='bbox 725 2283 792 2326; x_wconf 88' lang='lat' dir='ltr'>cum</span> <span class='ocrx_word' id='word_1_157' title='bbox 819 2262 962 2326; x_wconf 89' lang='lat' dir='ltr'>aduerbio</span> <span class='ocrx_word' id='word_1_158' title='bbox 990 2266 1194 2344; x_wconf 84' lang='lat' dir='ltr'>interrogandi</span> <span class='ocrx_word' id='word_1_159' title='bbox 1216 2285 1269 2336; x_wconf 91' lang='lat' dir='ltr'>ne,</span> <span class='ocrx_word' id='word_1_160' title='bbox 1300 2275 1333 2326; x_wconf 95' lang='lat' dir='ltr'>ut</span> <span class='ocrx_word' id='word_1_161' title='bbox 1354 2265 1453 2326; x_wconf 91' lang='lat' dir='ltr'>hicine</span> <span class='ocrx_word' id='word_1_162' title='bbox 1475 2263 1588 2326; x_wconf 86' lang='lat' dir='ltr'>baccina</span> 
     </span>
     <span class='ocr_line' id='line_1_20' title="bbox 301 2364 1588 2446; baseline -0.002 -22"><span class='ocrx_word' id='word_1_163' title='bbox 301 2364 422 2434; x_wconf 85' lang='lat' dir='ltr'>lrooine;</span> <span class='ocrx_word' id='word_1_164' title='bbox 439 2365 481 2424; x_wconf 91' lang='lat' dir='ltr'>sic</span> <span class='ocrx_word' id='word_1_165' title='bbox 497 2365 575 2424; x_wconf 91' lang='lat' dir='ltr'>enim</span> <span class='ocrx_word' id='word_1_166' title='bbox 592 2364 719 2427; x_wconf 91' lang='lat' dir='ltr'>dicimus</span> <span class='ocrx_word' id='word_1_167' title='bbox 740 2365 853 2435; x_wconf 89' lang='lat' dir='ltr'>hicine,</span> <span class='ocrx_word' id='word_1_168' title='bbox 877 2366 1061 2446; x_wconf 89' lang='lat' dir='ltr'>quasihloue,</span> <span class='ocrx_word' id='word_1_169' title='bbox 1082 2365 1207 2429; x_wconf 84' lang='lat' dir='ltr'>baccina</span> <span class='ocrx_word' id='word_1_170' title='bbox 1223 2367 1349 2437; x_wconf 85' lang='lat' dir='ltr'>imaeue,</span> <span class='ocrx_word' id='word_1_171' title='bbox 1372 2367 1477 2429; x_wconf 92' lang='lat' dir='ltr'>bocine</span> <span class='ocrx_word' id='word_1_172' title='bbox 1492 2365 1588 2426; x_wconf 80' lang='lat' dir='ltr'>bocrrr.</span> 
     </span>
     <span class='ocr_line' id='line_1_21' title="bbox 301 2465 1617 2550; baseline -0.002 -24"><span class='ocrx_word' id='word_1_173' title='bbox 301 2465 335 2527; x_wconf 89' lang='lat' dir='ltr'>ln</span> <span class='ocrx_word' id='word_1_174' title='bbox 360 2465 650 2528; x_wconf 84' lang='lat' dir='ltr'>Deuteronomio</span> <span class='ocrx_word' id='word_1_175' title='bbox 673 2466 794 2546; x_wconf 82' lang='lat' dir='ltr'>legitur:</span> <span class='ocrx_word' id='word_1_176' title='bbox 824 2467 980 2529; x_wconf 90' lang='lat' dir='ltr'>haecine</span> <span class='ocrx_word' id='word_1_177' title='bbox 1002 2468 1139 2531; x_wconf 89' lang='lat' dir='ltr'>reddes</span> <span class='ocrx_word' id='word_1_178' title='bbox 1167 2469 1337 2530; x_wconf 80' lang='lat' dir='ltr'>domino?</span> <span class='ocrx_word' id='word_1_179' title='bbox 1365 2470 1447 2550; x_wconf 89' lang='lat' dir='ltr'>quasi</span> <span class='ocrx_word' id='word_1_180' title='bbox 1474 2468 1617 2528; x_wconf 71' lang='lat' dir='ltr'>russeus</span> 
     </span>
     <span class='ocr_line' id='line_1_22' title="bbox 301 2565 1587 2650; baseline 0 -24"><span class='ocrx_word' id='word_1_181' title='bbox 301 2566 512 2646; x_wconf 81' lang='lat' dir='ltr'>interrogando</span> <span class='ocrx_word' id='word_1_182' title='bbox 536 2573 647 2631; x_wconf 81' lang='lat' dir='ltr'>‘nonne</span> <span class='ocrx_word' id='word_1_183' title='bbox 669 2568 742 2630; x_wconf 91' lang='lat' dir='ltr'>baec</span> <span class='ocrx_word' id='word_1_184' title='bbox 765 2565 872 2630; x_wconf 88' lang='lat' dir='ltr'>reddes</span> <span class='ocrx_word' id='word_1_185' title='bbox 895 2567 1052 2632; x_wconf 83' lang='lat' dir='ltr'>domiuot&#39;</span> <span class='ocrx_word' id='word_1_186' title='bbox 1090 2571 1163 2632; x_wconf 89' lang='lat' dir='ltr'>item</span> <span class='ocrx_word' id='word_1_187' title='bbox 1186 2571 1264 2634; x_wconf 88' lang='lat' dir='ltr'>Iram</span> <span class='ocrx_word' id='word_1_188' title='bbox 1286 2590 1340 2633; x_wconf 88' lang='lat' dir='ltr'>rex</span> <span class='ocrx_word' id='word_1_189' title='bbox 1363 2570 1433 2650; x_wconf 79' lang='lat' dir='ltr'>Tyri</span> <span class='ocrx_word' id='word_1_190' title='bbox 1455 2568 1490 2636; x_wconf 86' lang='lat' dir='ltr'>ad</span> <span class='ocrx_word' id='word_1_191' title='bbox 1512 2568 1587 2630; x_wconf 91' lang='lat' dir='ltr'>Salo·</span> 
     </span>
     <span class='ocr_line' id='line_1_23' title="bbox 302 2667 1587 2751; baseline 0.002 -24"><span class='ocrx_word' id='word_1_192' title='bbox 302 2685 422 2728; x_wconf 89' lang='lat' dir='ltr'>monem</span> <span class='ocrx_word' id='word_1_193' title='bbox 451 2667 540 2730; x_wconf 83' lang='lat' dir='ltr'>dixit:</span> <span class='ocrx_word' id='word_1_194' title='bbox 573 2671 729 2732; x_wconf 88' lang='lat' dir='ltr'>haecine</span> <span class='ocrx_word' id='word_1_195' title='bbox 762 2672 957 2742; x_wconf 90' lang='lat' dir='ltr'>ciuitates,</span> <span class='ocrx_word' id='word_1_196' title='bbox 990 2690 1079 2751; x_wconf 92' lang='lat' dir='ltr'>quas</span> <span class='ocrx_word' id='word_1_197' title='bbox 1108 2672 1246 2734; x_wconf 89' lang='lat' dir='ltr'>dedisti</span> <span class='ocrx_word' id='word_1_198' title='bbox 1284 2672 1392 2734; x_wconf 84' lang='lat' dir='ltr'>mihil</span> <span class='ocrx_word' id='word_1_199' title='bbox 1422 2672 1473 2733; x_wconf 84' lang='lat' dir='ltr'>Est</span> <span class='ocrx_word' id='word_1_200' title='bbox 1499 2679 1587 2733; x_wconf 80' lang='grc' dir='ltr'><strong>ιιιιειιι</strong></span> 
     </span>
     <span class='ocr_line' id='line_1_24' title="bbox 302 2772 1588 2855; baseline -0.002 -23"><span class='ocrx_word' id='word_1_201' title='bbox 302 2787 394 2832; x_wconf 90' lang='lat' dir='ltr'>unum</span> <span class='ocrx_word' id='word_1_202' title='bbox 422 2789 589 2850; x_wconf 88' lang='lat' dir='ltr'>pronomen</span> <span class='ocrx_word' id='word_1_203' title='bbox 617 2774 802 2852; x_wconf 90' lang='lat' dir='ltr'>conpositum</span> <span class='ocrx_word' id='word_1_204' title='bbox 831 2792 867 2834; x_wconf 88' lang='lat' dir='ltr'>ex</span> <span class='ocrx_word' id='word_1_205' title='bbox 891 2772 1006 2835; x_wconf 91' lang='lat' dir='ltr'>duobus</span> <span class='ocrx_word' id='word_1_206' title='bbox 1034 2777 1197 2855; x_wconf 85' lang='lat' dir='ltr'>corruptis,</span> <span class='ocrx_word' id='word_1_207' title='bbox 1228 2784 1261 2837; x_wconf 92' lang='lat' dir='ltr'>ut</span> <span class='ocrx_word' id='word_1_208' title='bbox 1288 2775 1383 2845; x_wconf 89' lang='lat' dir='ltr'>idem,</span> <span class='ocrx_word' id='word_1_209' title='bbox 1413 2774 1489 2836; x_wconf 85' lang='lat' dir='ltr'>idest</span> <span class='ocrx_word' id='word_1_210' title='bbox 1515 2776 1538 2833; x_wconf 89' lang='lat' dir='ltr'>is</span> <span class='ocrx_word' id='word_1_211' title='bbox 1563 2779 1588 2830; x_wconf 90' lang='lat' dir='ltr'>et</span> 
     </span>
     <span class='ocr_line' id='line_1_25' title="bbox 302 2872 1586 2957; baseline 0 -25"><span class='ocrx_word' id='word_1_212' title='bbox 302 2873 400 2934; x_wconf 90' lang='lat' dir='ltr'>bomo.</span> <span class='ocrx_word' id='word_1_213' title='bbox 445 2872 518 2934; x_wconf 92' lang='lat' dir='ltr'>lude</span> <span class='ocrx_word' id='word_1_214' title='bbox 544 2874 716 2936; x_wconf 87' lang='lat' dir='ltr'>Isidorus</span> <span class='ocrx_word' id='word_1_215' title='bbox 744 2873 833 2935; x_wconf 85' lang='lat' dir='ltr'>dixit:</span> <span class='ocrx_word' id='word_1_216' title='bbox 864 2877 911 2936; x_wconf 76' lang='lat' dir='ltr'>‘is</span> <span class='ocrx_word' id='word_1_217' title='bbox 933 2875 1058 2937; x_wconf 87' lang='lat' dir='ltr'>borno&#39;</span> <span class='ocrx_word' id='word_1_218' title='bbox 1086 2879 1319 2957; x_wconf 89' lang='lat' dir='ltr'>conpositum</span> <span class='ocrx_word' id='word_1_219' title='bbox 1343 2877 1473 2938; x_wconf 80' lang='lat' dir='ltr'>‘idem&#39;</span> <span class='ocrx_word' id='word_1_220' title='bbox 1496 2877 1586 2936; x_wconf 87' lang='lat' dir='ltr'>iacit.</span> 
     </span>
     <span class='ocr_line' id='line_1_26' title="bbox 274 2974 1617 3058; baseline -0.001 -22"><span class='ocrx_word' id='word_1_221' title='bbox 274 3017 275 3020; x_wconf 19' lang='grc' dir='ltr'><strong>κ</strong></span> <span class='ocrx_word' id='word_1_222' title='bbox 302 2975 344 3036; x_wconf 83' lang='lat' dir='ltr'>lle</span> <span class='ocrx_word' id='word_1_223' title='bbox 368 2974 424 3034; x_wconf 92' lang='lat' dir='ltr'>boc</span> <span class='ocrx_word' id='word_1_224' title='bbox 446 2977 624 3054; x_wconf 91' lang='lat' dir='ltr'>pronomina</span> <span class='ocrx_word' id='word_1_225' title='bbox 646 2977 734 3037; x_wconf 91' lang='lat' dir='ltr'>etiam</span> <span class='ocrx_word' id='word_1_226' title='bbox 757 2977 920 3042; x_wconf 86' lang='lat' dir='ltr'>Donatus</span> <span class='ocrx_word' id='word_1_227' title='bbox 942 2976 1029 3038; x_wconf 82' lang='lat' dir='ltr'>dixit:</span> <span class='ocrx_word' id='word_1_228' title='bbox 1075 2979 1160 3042; x_wconf 86' lang='lat' dir='ltr'>Nam</span> <span class='ocrx_word' id='word_1_229' title='bbox 1190 2979 1298 3048; x_wconf 78' lang='lat' dir='ltr'>idem:</span> <span class='ocrx_word' id='word_1_230' title='bbox 1328 2979 1425 3058; x_wconf 90' lang='lat' dir='ltr'>quod</span> <span class='ocrx_word' id='word_1_231' title='bbox 1453 2983 1617 3039; x_wconf 66' lang='lat' dir='ltr'>constare</span> 
     </span>
     <span class='ocr_line' id='line_1_27' title="bbox 302 3075 1587 3162; baseline 0.001 -26"><span class='ocrx_word' id='word_1_232' title='bbox 302 3095 342 3136; x_wconf 90' lang='lat' dir='ltr'>ex</span> <span class='ocrx_word' id='word_1_233' title='bbox 372 3075 515 3138; x_wconf 76' lang='lat' dir='ltr'>sluobus</span> <span class='ocrx_word' id='word_1_234' title='bbox 543 3079 737 3157; x_wconf 88' lang='lat' dir='ltr'>corruptis</span> <span class='ocrx_word' id='word_1_235' title='bbox 764 3079 1014 3158; x_wconf 87' lang='lat' dir='ltr'>conpositum,</span> <span class='ocrx_word' id='word_1_236' title='bbox 1044 3098 1123 3142; x_wconf 91' lang='lat' dir='ltr'>cum</span> <span class='ocrx_word' id='word_1_237' title='bbox 1152 3082 1393 3162; x_wconf 89' lang='lat' dir='ltr'>producitur,</span> <span class='ocrx_word' id='word_1_238' title='bbox 1423 3078 1587 3141; x_wconf 79' lang='lat' dir='ltr'>mosculi-</span> 
     </span>
     <span class='ocr_line' id='line_1_28' title="bbox 302 3180 1587 3258; baseline 0 -19"><span class='ocrx_word' id='word_1_239' title='bbox 302 3197 384 3240; x_wconf 92' lang='lat' dir='ltr'>num</span> <span class='ocrx_word' id='word_1_240' title='bbox 408 3189 464 3239; x_wconf 88' lang='lat' dir='ltr'>cst</span> <span class='ocrx_word' id='word_1_241' title='bbox 487 3180 639 3248; x_wconf 81' lang='lat' dir='ltr'>‘idem&#39;;</span> <span class='ocrx_word' id='word_1_242' title='bbox 662 3197 740 3240; x_wconf 90' lang='lat' dir='ltr'>eum</span> <span class='ocrx_word' id='word_1_243' title='bbox 764 3182 988 3258; x_wconf 86' lang='lat' dir='ltr'>corripitur,</span> <span class='ocrx_word' id='word_1_244' title='bbox 1012 3191 1182 3246; x_wconf 88' lang='lat' dir='ltr'>neutrum</span> <span class='ocrx_word' id='word_1_245' title='bbox 1207 3193 1262 3245; x_wconf 90' lang='lat' dir='ltr'>est</span> <span class='ocrx_word' id='word_1_246' title='bbox 1284 3182 1426 3244; x_wconf 67' lang='lat' dir='ltr'>‘luent</span> <span class='ocrx_word' id='word_1_247' title='bbox 1462 3181 1587 3244; x_wconf 87' lang='lat' dir='ltr'>Necnon</span> 
     </span>
     <span class='ocr_line' id='line_1_29' title="bbox 302 3281 1588 3364; baseline -0.002 -23"><span class='ocrx_word' id='word_1_248' title='bbox 302 3281 498 3360; x_wconf 85' lang='lat' dir='ltr'>Pompeius</span> <span class='ocrx_word' id='word_1_249' title='bbox 520 3281 557 3341; x_wconf 92' lang='lat' dir='ltr'>de</span> <span class='ocrx_word' id='word_1_250' title='bbox 580 3281 637 3341; x_wconf 93' lang='lat' dir='ltr'>boc</span> <span class='ocrx_word' id='word_1_251' title='bbox 659 3284 836 3361; x_wconf 88' lang='lat' dir='ltr'>pronomine</span> <span class='ocrx_word' id='word_1_252' title='bbox 858 3283 897 3344; x_wconf 88' lang='lat' dir='ltr'>ita</span> <span class='ocrx_word' id='word_1_253' title='bbox 919 3287 1105 3364; x_wconf 91' lang='lat' dir='ltr'>pronuntiat:</span> <span class='ocrx_word' id='word_1_254' title='bbox 1137 3285 1210 3346; x_wconf 90' lang='lat' dir='ltr'>ltem</span> <span class='ocrx_word' id='word_1_255' title='bbox 1234 3302 1400 3364; x_wconf 89' lang='lat' dir='ltr'>pronomen</span> <span class='ocrx_word' id='word_1_256' title='bbox 1423 3293 1468 3345; x_wconf 87' lang='lat' dir='ltr'>est</span> <span class='ocrx_word' id='word_1_257' title='bbox 1490 3287 1588 3346; x_wconf 88' lang='lat' dir='ltr'>utrius·</span> 
     </span>
     <span class='ocr_line' id='line_1_30' title="bbox 302 3381 1587 3464; baseline 0.001 -21"><span class='ocrx_word' id='word_1_258' title='bbox 302 3401 360 3463; x_wconf 90' lang='lat' dir='ltr'>que</span> <span class='ocrx_word' id='word_1_259' title='bbox 383 3383 499 3444; x_wconf 88' lang='lat' dir='ltr'>numeri</span> <span class='ocrx_word' id='word_1_260' title='bbox 521 3400 679 3444; x_wconf 87' lang='lat' dir='ltr'>corumune</span> <span class='ocrx_word' id='word_1_261' title='bbox 702 3392 732 3444; x_wconf 92' lang='lat' dir='ltr'>et</span> <span class='ocrx_word' id='word_1_262' title='bbox 755 3386 909 3462; x_wconf 90' lang='lat' dir='ltr'>utriusque</span> <span class='ocrx_word' id='word_1_263' title='bbox 931 3388 1064 3464; x_wconf 87' lang='lat' dir='ltr'>generis,</span> <span class='ocrx_word' id='word_1_264' title='bbox 1087 3387 1163 3449; x_wconf 80' lang='lat' dir='ltr'>idest</span> <span class='ocrx_word' id='word_1_265' title='bbox 1185 3387 1341 3449; x_wconf 88' lang='lat' dir='ltr'>masculini</span> <span class='ocrx_word' id='word_1_266' title='bbox 1364 3395 1394 3447; x_wconf 91' lang='lat' dir='ltr'>et</span> <span class='ocrx_word' id='word_1_267' title='bbox 1416 3387 1522 3456; x_wconf 91' lang='lat' dir='ltr'>nentri,</span> <span class='ocrx_word' id='word_1_268' title='bbox 1543 3381 1587 3445; x_wconf 89' lang='lat' dir='ltr'>sed</span> 
     </span>
     <span class='ocr_line' id='line_1_31' title="bbox 303 3484 1617 3568; baseline 0 -22"><span class='ocrx_word' id='word_1_269' title='bbox 303 3484 487 3566; x_wconf 88' lang='lat' dir='ltr'>temporibus</span> <span class='ocrx_word' id='word_1_270' title='bbox 520 3492 550 3545; x_wconf 91' lang='lat' dir='ltr'>et</span> <span class='ocrx_word' id='word_1_271' title='bbox 582 3486 823 3565; x_wconf 90' lang='lat' dir='ltr'>pronuntiatione</span> <span class='ocrx_word' id='word_1_272' title='bbox 856 3486 1045 3550; x_wconf 89' lang='lat' dir='ltr'>discernitur.</span> <span class='ocrx_word' id='word_1_273' title='bbox 1095 3489 1176 3550; x_wconf 88' lang='lat' dir='ltr'>idem</span> <span class='ocrx_word' id='word_1_274' title='bbox 1209 3491 1234 3550; x_wconf 91' lang='lat' dir='ltr'>si</span> <span class='ocrx_word' id='word_1_275' title='bbox 1267 3486 1401 3550; x_wconf 89' lang='lat' dir='ltr'>nolueris</span> <span class='ocrx_word' id='word_1_276' title='bbox 1433 3490 1617 3568; x_wconf 65' lang='lat' dir='ltr'>corriperes*</span> 
     </span>
     <span class='ocr_line' id='line_1_32' title="bbox 303 3586 1587 3670; baseline 0.001 -23"><span class='ocrx_word' id='word_1_277' title='bbox 303 3596 440 3648; x_wconf 91' lang='lat' dir='ltr'>neutrum</span> <span class='ocrx_word' id='word_1_278' title='bbox 464 3595 524 3658; x_wconf 87' lang='lat' dir='ltr'>est,</span> <span class='ocrx_word' id='word_1_279' title='bbox 549 3595 579 3648; x_wconf 91' lang='lat' dir='ltr'>ut</span> <span class='ocrx_word' id='word_1_280' title='bbox 601 3586 681 3649; x_wconf 88' lang='lat' dir='ltr'>idem</span> <span class='ocrx_word' id='word_1_281' title='bbox 706 3595 838 3668; x_wconf 87' lang='lat' dir='ltr'>tempus,</span> <span class='ocrx_word' id='word_1_282' title='bbox 861 3588 941 3650; x_wconf 89' lang='lat' dir='ltr'>idem</span> <span class='ocrx_word' id='word_1_283' title='bbox 965 3590 1175 3670; x_wconf 81' lang='lat' dir='ltr'>mancipium·</span> <span class='ocrx_word' id='word_1_284' title='bbox 1193 3590 1430 3652; x_wconf 84' lang='lat' dir='ltr'>Priscianus:</span> <span class='ocrx_word' id='word_1_285' title='bbox 1455 3593 1509 3652; x_wconf 85' lang='lat' dir='ltr'>trio</span> <span class='ocrx_word' id='word_1_286' title='bbox 1532 3601 1587 3651; x_wconf 86' lang='lat' dir='ltr'>tan·</span> 
     </span>
     <span class='ocr_line' id='line_1_33' title="bbox 302 3690 1588 3770; baseline 0 -22"><span class='ocrx_word' id='word_1_287' title='bbox 302 3697 363 3749; x_wconf 91' lang='lat' dir='ltr'>tum</span> <span class='ocrx_word' id='word_1_288' title='bbox 393 3690 470 3748; x_wconf 92' lang='lat' dir='ltr'>inter</span> <span class='ocrx_word' id='word_1_289' title='bbox 497 3707 529 3749; x_wconf 90' lang='lat' dir='ltr'>se</span> <span class='ocrx_word' id='word_1_290' title='bbox 557 3691 733 3767; x_wconf 84' lang='lat' dir='ltr'>pronomina</span> <span class='ocrx_word' id='word_1_291' title='bbox 760 3699 985 3770; x_wconf 90' lang='lat' dir='ltr'>conponuntur,</span> <span class='ocrx_word' id='word_1_292' title='bbox 1016 3693 1071 3752; x_wconf 90' lang='lat' dir='ltr'>iste</span> <span class='ocrx_word' id='word_1_293' title='bbox 1099 3692 1163 3762; x_wconf 89' lang='lat' dir='ltr'>hio,</span> <span class='ocrx_word' id='word_1_294' title='bbox 1193 3703 1223 3753; x_wconf 91' lang='lat' dir='ltr'>ut</span> <span class='ocrx_word' id='word_1_295' title='bbox 1245 3694 1311 3754; x_wconf 91' lang='lat' dir='ltr'>istic</span> <span class='ocrx_word' id='word_1_296' title='bbox 1340 3691 1588 3759; x_wconf 69' lang='lat' dir='ltr'>inserimus</span> 
     </span>
     <span class='ocr_line' id='line_1_34' title="bbox 303 3789 1588 3874; baseline 0.002 -24"><span class='ocrx_word' id='word_1_297' title='bbox 303 3809 376 3851; x_wconf 90' lang='lat' dir='ltr'>uero</span> <span class='ocrx_word' id='word_1_298' title='bbox 399 3809 466 3851; x_wconf 91' lang='lat' dir='ltr'>cum</span> <span class='ocrx_word' id='word_1_299' title='bbox 489 3789 632 3852; x_wconf 89' lang='lat' dir='ltr'>aduerbio</span> <span class='ocrx_word' id='word_1_300' title='bbox 655 3793 844 3872; x_wconf 88' lang='lat' dir='ltr'>conponitur,</span> <span class='ocrx_word' id='word_1_301' title='bbox 868 3802 900 3854; x_wconf 96' lang='lat' dir='ltr'>ut</span> <span class='ocrx_word' id='word_1_302' title='bbox 921 3793 1015 3864; x_wconf 87' lang='lat' dir='ltr'>idern,</span> <span class='ocrx_word' id='word_1_303' title='bbox 1040 3793 1118 3873; x_wconf 92' lang='lat' dir='ltr'>quod</span> <span class='ocrx_word' id='word_1_304' title='bbox 1141 3796 1287 3874; x_wconf 79' lang='lat' dir='ltr'>siguificat</span> <span class='ocrx_word' id='word_1_305' title='bbox 1309 3797 1334 3856; x_wconf 89' lang='lat' dir='ltr'>is</span> <span class='ocrx_word' id='word_1_306' title='bbox 1357 3803 1387 3856; x_wconf 91' lang='lat' dir='ltr'>et</span> <span class='ocrx_word' id='word_1_307' title='bbox 1408 3794 1537 3863; x_wconf 86' lang='lat' dir='ltr'>demum,</span> <span class='ocrx_word' id='word_1_308' title='bbox 1558 3809 1588 3852; x_wconf 85' lang='lat' dir='ltr'>ex</span> 
     </span>
    </p>
   </div>
   <div class='ocr_carea' id='block_1_5' title="bbox 370 4012 1654 4080">
    <p class='ocr_par' dir='ltr' id='par_1_5' title="bbox 370 4012 1654 4080">
     <span class='ocr_line' id='line_1_35' title="bbox 370 4012 1654 4080; baseline -0.002 -19"><span class='ocrx_word' id='word_1_309' title='bbox 370 4013 431 4061; x_wconf 87' lang='lat' dir='ltr'>lut</span> <span class='ocrx_word' id='word_1_310' title='bbox 448 4012 493 4073; x_wconf 90' lang='lat' dir='ltr'>qui</span> <span class='ocrx_word' id='word_1_311' title='bbox 510 4012 568 4074; x_wconf 91' lang='lat' dir='ltr'>quis</span> <span class='ocrx_word' id='word_1_312' title='bbox 586 4013 659 4062; x_wconf 87' lang='lat' dir='ltr'>cuius</span> <span class='ocrx_word' id='word_1_313' title='bbox 677 4013 718 4062; x_wconf 88' lang='lat' dir='ltr'>eui</span> <span class='ocrx_word' id='word_1_314' title='bbox 737 4027 888 4075; x_wconf 87' lang='lat' dir='ltr'>quemquem</span> <span class='ocrx_word' id='word_1_315' title='bbox 953 4027 1123 4077; x_wconf 84' lang='lat' dir='ltr'>oeqnoquo</span> <span class='ocrx_word' id='word_1_316' title='bbox 1192 4015 1335 4078; x_wconf 79' lang='lat' dir='ltr'>equorum</span> <span class='ocrx_word' id='word_1_317' title='bbox 1404 4015 1589 4078; x_wconf 71' lang='lat' dir='ltr'>bosquibus</span> <span class='ocrx_word' id='word_1_318' title='bbox 1653 4029 1654 4080; x_wconf 36' lang='lat' dir='ltr'>q</span> 
     </span>
    </p>
   </div>
   <div class='ocr_carea' id='block_1_6' title="bbox 300 4077 1654 4149">
    <p class='ocr_par' dir='ltr' id='par_1_6' title="bbox 300 4077 1654 4149">
     <span class='ocr_line' id='line_1_36' title="bbox 300 4077 1654 4149; baseline 0 -21"><span class='ocrx_word' id='word_1_319' title='bbox 300 4079 394 4142; x_wconf 87' lang='lat' dir='ltr'>quibus</span> <span class='ocrx_word' id='word_1_320' title='bbox 447 4077 607 4146; x_wconf 73' lang='lat' dir='ltr'>cycaroueur]</span> <span class='ocrx_word' id='word_1_321' title='bbox 628 4083 664 4143; x_wconf 79' lang='lat' dir='ltr'>cs.</span> <span class='ocrx_word' id='word_1_322' title='bbox 682 4082 771 4145; x_wconf 83' lang='lat' dir='ltr'>Pomp.</span> <span class='ocrx_word' id='word_1_323' title='bbox 790 4097 816 4145; x_wconf 83' lang='lat' dir='ltr'>p.</span> <span class='ocrx_word' id='word_1_324' title='bbox 837 4085 887 4131; x_wconf 92' lang='grc'><strong><em>207</em></strong></span> <span class='ocrx_word' id='word_1_325' title='bbox 916 4085 951 4131; x_wconf 86' lang='grc'>32</span> <span class='ocrx_word' id='word_1_326' title='bbox 1031 4081 1221 4149; x_wconf 80' lang='grc' dir='ltr'><strong>4ιειιειιιίιιιιι]</strong></span> <span class='ocrx_word' id='word_1_327' title='bbox 1242 4085 1277 4146; x_wconf 86' lang='lat' dir='ltr'>es.</span> <span class='ocrx_word' id='word_1_328' title='bbox 1297 4085 1386 4148; x_wconf 77' lang='lat' dir='ltr'>Pomp.</span> <span class='ocrx_word' id='word_1_329' title='bbox 1404 4085 1420 4136; x_wconf 93' lang='lat' dir='ltr'>l.</span> <span class='ocrx_word' id='word_1_330' title='bbox 1438 4087 1455 4133; x_wconf 89' lang='lat' dir='ltr'>l.</span> <span class='ocrx_word' id='word_1_331' title='bbox 1474 4086 1509 4133; x_wconf 77' lang='lat'>29</span> <span class='ocrx_word' id='word_1_332' title='bbox 1556 4083 1585 4128; x_wconf 87' lang='lat' dir='ltr'>iu·</span> <span class='ocrx_word' id='word_1_333' title='bbox 1653 4087 1654 4118; x_wconf 64' lang='grc' dir='ltr'><strong>ἓ</strong></span> 
     </span>
    </p>
   </div>
   <div class='ocr_carea' id='block_1_7' title="bbox 301 4148 1590 4420">
    <p class='ocr_par' dir='ltr' id='par_1_7' title="bbox 301 4148 1590 4420">
     <span class='ocr_line' id='line_1_37' title="bbox 301 4148 1589 4216; baseline 0.004 -20"><span class='ocrx_word' id='word_1_334' title='bbox 301 4149 438 4197; x_wconf 81' lang='lat' dir='ltr'>rrerriuntur</span> <span class='ocrx_word' id='word_1_335' title='bbox 506 4148 680 4198; x_wconf 84' lang='lat' dir='ltr'>iideclinotur</span> <span class='ocrx_word' id='word_1_336' title='bbox 730 4149 887 4199; x_wconf 83' lang='lat' dir='ltr'>declinentur</span> <span class='ocrx_word' id='word_1_337' title='bbox 920 4151 1049 4200; x_wconf 82' lang='lat' dir='ltr'>Lacunam</span> <span class='ocrx_word' id='word_1_338' title='bbox 1066 4153 1175 4215; x_wconf 74' lang='lat' dir='ltr'>explens</span> <span class='ocrx_word' id='word_1_339' title='bbox 1191 4153 1326 4204; x_wconf 82' lang='lat' dir='ltr'>secundum</span> <span class='ocrx_word' id='word_1_340' title='bbox 1339 4153 1482 4216; x_wconf 82' lang='lat' dir='ltr'>Pompeium</span> <span class='ocrx_word' id='word_1_341' title='bbox 1500 4153 1589 4215; x_wconf 70' lang='lat' dir='ltr'>pent.</span> 
     </span>
     <span class='ocr_line' id='line_1_38' title="bbox 301 4215 1590 4284; baseline 0.002 -18"><span class='ocrx_word' id='word_1_342' title='bbox 301 4219 336 4266; x_wconf 82' lang='lat'>35</span> <span class='ocrx_word' id='word_1_343' title='bbox 343 4232 349 4264; x_wconf 91' lang='lat'>:</span> <span class='ocrx_word' id='word_1_344' title='bbox 370 4226 397 4265; x_wconf 90' lang='lat' dir='ltr'>nt</span> <span class='ocrx_word' id='word_1_345' title='bbox 415 4227 454 4266; x_wconf 87' lang='lat' dir='ltr'>est</span> <span class='ocrx_word' id='word_1_346' title='bbox 471 4215 534 4266; x_wconf 90' lang='lat' dir='ltr'>illud</span> <span class='ocrx_word' id='word_1_347' title='bbox 553 4216 697 4282; x_wconf 85' lang='lat' dir='ltr'>quispiam,</span> <span class='ocrx_word' id='word_1_348' title='bbox 718 4216 786 4282; x_wconf 81' lang='lat' dir='ltr'>pium</span> <span class='ocrx_word' id='word_1_349' title='bbox 805 4231 857 4268; x_wconf 93' lang='lat' dir='ltr'>non</span> <span class='ocrx_word' id='word_1_350' title='bbox 874 4217 1015 4268; x_wconf 85' lang='lat' dir='ltr'>declinetur</span> <span class='ocrx_word' id='word_1_351' title='bbox 1074 4221 1090 4270; x_wconf 89' lang='lat' dir='ltr'>&#39;l</span> <span class='ocrx_word' id='word_1_352' title='bbox 1109 4219 1232 4284; x_wconf 85' lang='lat' dir='ltr'>Virgilius</span> <span class='ocrx_word' id='word_1_353' title='bbox 1250 4216 1332 4284; x_wconf 85' lang='lat' dir='ltr'>Mnro]</span> <span class='ocrx_word' id='word_1_354' title='bbox 1351 4220 1410 4269; x_wconf 77' lang='lat' dir='ltr'>Noe</span> <span class='ocrx_word' id='word_1_355' title='bbox 1427 4221 1513 4270; x_wconf 73' lang='lat' dir='ltr'>inueni</span> <span class='ocrx_word' id='word_1_356' title='bbox 1528 4218 1590 4283; x_wconf 81' lang='lat' dir='ltr'>opud</span> 
     </span>
     <span class='ocr_line' id='line_1_39' title="bbox 301 4283 1588 4354; baseline 0.001 -20"><span class='ocrx_word' id='word_1_357' title='bbox 301 4285 406 4334; x_wconf 81' lang='lat' dir='ltr'>Maium.</span> <span class='ocrx_word' id='word_1_358' title='bbox 494 4287 526 4334; x_wconf 90' lang='lat'>10</span> <span class='ocrx_word' id='word_1_359' title='bbox 543 4283 636 4347; x_wconf 86' lang='lat' dir='ltr'>hicque</span> <span class='ocrx_word' id='word_1_360' title='bbox 686 4284 798 4348; x_wconf 85' lang='lat' dir='ltr'>haecque</span> <span class='ocrx_word' id='word_1_361' title='bbox 816 4285 916 4348; x_wconf 90' lang='lat' dir='ltr'>bocqnc</span> <span class='ocrx_word' id='word_1_362' title='bbox 997 4289 1027 4336; x_wconf 87' lang='lat'>11</span> <span class='ocrx_word' id='word_1_363' title='bbox 1046 4288 1176 4348; x_wconf 89' lang='lat' dir='ltr'>quoduam</span> <span class='ocrx_word' id='word_1_364' title='bbox 1193 4304 1240 4339; x_wconf 86' lang='lat' dir='ltr'>om.</span> <span class='ocrx_word' id='word_1_365' title='bbox 1312 4290 1344 4338; x_wconf 83' lang='lat' dir='ltr'>lt</span> <span class='ocrx_word' id='word_1_366' title='bbox 1362 4284 1500 4354; x_wconf 79' lang='lat' dir='ltr'>Virgilius]</span> <span class='ocrx_word' id='word_1_367' title='bbox 1518 4304 1543 4350; x_wconf 87' lang='lat' dir='ltr'>p.</span> <span class='ocrx_word' id='word_1_368' title='bbox 1560 4290 1588 4336; x_wconf 76' lang='grc'><strong><em>25</em></strong></span> 
     </span>
     <span class='ocr_line' id='line_1_40' title="bbox 301 4351 1589 4420; baseline -0.002 -18"><span class='ocrx_word' id='word_1_369' title='bbox 301 4353 379 4403; x_wconf 75' lang='lat' dir='ltr'>Mai:</span> <span class='ocrx_word' id='word_1_370' title='bbox 398 4351 452 4401; x_wconf 87' lang='lat' dir='ltr'>Hoc</span> <span class='ocrx_word' id='word_1_371' title='bbox 471 4363 554 4402; x_wconf 86' lang='lat' dir='ltr'>tomen</span> <span class='ocrx_word' id='word_1_372' title='bbox 573 4367 715 4418; x_wconf 87' lang='lat' dir='ltr'>pronomen</span> <span class='ocrx_word' id='word_1_373' title='bbox 738 4354 914 4419; x_wconf 79' lang='lat' dir='ltr'>expositiones</span> <span class='ocrx_word' id='word_1_374' title='bbox 937 4355 1001 4403; x_wconf 80' lang='lat' dir='ltr'>dues</span> <span class='ocrx_word' id='word_1_375' title='bbox 1025 4355 1116 4420; x_wconf 85' lang='lat' dir='ltr'>recipit</span> <span class='ocrx_word' id='word_1_376' title='bbox 1132 4364 1181 4406; x_wconf 85' lang='lat' dir='ltr'>etc.</span> <span class='ocrx_word' id='word_1_377' title='bbox 1267 4357 1299 4406; x_wconf 85' lang='lat' dir='ltr'>te</span> <span class='ocrx_word' id='word_1_378' title='bbox 1316 4367 1369 4408; x_wconf 81' lang='grc' dir='ltr'><strong>ιιιει</strong></span> <span class='ocrx_word' id='word_1_379' title='bbox 1385 4367 1410 4404; x_wconf 90' lang='grc' dir='ltr'>ει</span> <span class='ocrx_word' id='word_1_380' title='bbox 1496 4357 1527 4406; x_wconf 83' lang='grc'>17</span> <span class='ocrx_word' id='word_1_381' title='bbox 1545 4365 1589 4403; x_wconf 85' lang='lat' dir='ltr'>tute</span> 
     </span>
    </p>
   </div>
   <div class='ocr_carea' id='block_1_8' title="bbox 300 4419 1654 4490">
    <p class='ocr_par' dir='ltr' id='par_1_8' title="bbox 300 4419 1654 4490">
     <span class='ocr_line' id='line_1_41' title="bbox 300 4419 1654 4490; baseline 0.001 -21"><span class='ocrx_word' id='word_1_382' title='bbox 300 4421 387 4470; x_wconf 80' lang='lat' dir='ltr'>Maius</span> <span class='ocrx_word' id='word_1_383' title='bbox 456 4421 488 4471; x_wconf 91' lang='lat'>18</span> <span class='ocrx_word' id='word_1_384' title='bbox 507 4421 669 4487; x_wconf 75' lang='lat' dir='ltr'>trenthicinq</span> <span class='ocrx_word' id='word_1_385' title='bbox 736 4423 770 4472; x_wconf 89' lang='grc'><strong><em>20</em></strong></span> <span class='ocrx_word' id='word_1_386' title='bbox 787 4419 992 4490; x_wconf 87' lang='lat' dir='ltr'>deuteronomio]</span> <span class='ocrx_word' id='word_1_387' title='bbox 1012 4422 1176 4486; x_wconf 78' lang='lat' dir='ltr'>xxxl1‚c</span> <span class='ocrx_word' id='word_1_388' title='bbox 1226 4425 1257 4472; x_wconf 88' lang='grc'><strong><em>21</em></strong></span> <span class='ocrx_word' id='word_1_389' title='bbox 1278 4423 1519 4474; x_wconf 82' lang='lat' dir='ltr'>nonehncreddas</span> <span class='ocrx_word' id='word_1_390' title='bbox 1562 4422 1589 4472; x_wconf 84' lang='grc'>22</span> <span class='ocrx_word' id='word_1_391' title='bbox 1653 4441 1654 4480; x_wconf 76' lang='grc' dir='ltr'>ι</span> 
     </span>
    </p>
   </div>
   <div class='ocr_carea' id='block_1_9' title="bbox 298 4486 1589 4761">
    <p class='ocr_par' dir='ltr' id='par_1_9' title="bbox 298 4486 1589 4761">
     <span class='ocr_line' id='line_1_42' title="bbox 301 4486 1589 4556; baseline 0.009 -21"><span class='ocrx_word' id='word_1_392' title='bbox 301 4486 429 4551; x_wconf 86' lang='lat' dir='ltr'>lrnecinesl</span> <span class='ocrx_word' id='word_1_393' title='bbox 448 4488 510 4552; x_wconf 78' lang='lat' dir='ltr'>liep.</span> <span class='ocrx_word' id='word_1_394' title='bbox 528 4489 544 4538; x_wconf 94' lang='lat'><em>1</em></span> <span class='ocrx_word' id='word_1_395' title='bbox 562 4491 586 4547; x_wconf 79' lang='lat'>9,</span> <span class='ocrx_word' id='word_1_396' title='bbox 597 4492 632 4540; x_wconf 81' lang='grc'>13</span> <span class='ocrx_word' id='word_1_397' title='bbox 700 4491 733 4540; x_wconf 85' lang='grc'>23</span> <span class='ocrx_word' id='word_1_398' title='bbox 751 4489 817 4538; x_wconf 87' lang='lat' dir='ltr'>idern</span> <span class='ocrx_word' id='word_1_399' title='bbox 836 4490 903 4539; x_wconf 88' lang='lat' dir='ltr'>idem</span> <span class='ocrx_word' id='word_1_400' title='bbox 921 4491 943 4539; x_wconf 91' lang='lat' dir='ltr'>is</span> <span class='ocrx_word' id='word_1_401' title='bbox 998 4491 1032 4540; x_wconf 78' lang='lat' dir='ltr'>et</span> <span class='ocrx_word' id='word_1_402' title='bbox 1049 4491 1168 4555; x_wconf 74' lang='lat' dir='ltr'>ispdorus</span> <span class='ocrx_word' id='word_1_403' title='bbox 1186 4488 1278 4556; x_wconf 88' lang='lat' dir='ltr'>dorus]</span> <span class='ocrx_word' id='word_1_404' title='bbox 1297 4493 1337 4542; x_wconf 87' lang='lat' dir='ltr'>De</span> <span class='ocrx_word' id='word_1_405' title='bbox 1354 4492 1402 4542; x_wconf 80' lang='lat' dir='ltr'>doc</span> <span class='ocrx_word' id='word_1_406' title='bbox 1418 4491 1519 4542; x_wconf 83' lang='lat' dir='ltr'>Isidori</span> <span class='ocrx_word' id='word_1_407' title='bbox 1533 4493 1589 4546; x_wconf 58' lang='lat' dir='ltr'>locos</span> 
     </span>
     <span class='ocr_line' id='line_1_43' title="bbox 300 4553 1588 4624; baseline 0.002 -20"><span class='ocrx_word' id='word_1_408' title='bbox 300 4557 381 4621; x_wconf 84' lang='lat' dir='ltr'>quiin</span> <span class='ocrx_word' id='word_1_409' title='bbox 393 4557 684 4620; x_wconf 70' lang='lat' dir='ltr'>oriqinibesnonentat,</span> <span class='ocrx_word' id='word_1_410' title='bbox 697 4557 844 4622; x_wconf 67' lang='lat' dir='ltr'>cfimaefi:</span> <span class='ocrx_word' id='word_1_411' title='bbox 863 4558 1220 4624; x_wconf 76' lang='lat' dir='ltr'>‘Delridoroprammotieo&#39;.</span> <span class='ocrx_word' id='word_1_412' title='bbox 1262 4559 1391 4610; x_wconf 84' lang='lat' dir='ltr'>lrisbomo</span> <span class='ocrx_word' id='word_1_413' title='bbox 1426 4553 1588 4620; x_wconf 65' lang='lat' dir='ltr'>bellonutus]</span> 
     </span>
     <span class='ocr_line' id='line_1_44' title="bbox 298 4623 1589 4694; baseline -0.001 -21"><span class='ocrx_word' id='word_1_414' title='bbox 298 4641 327 4687; x_wconf 88' lang='lat' dir='ltr'>p.</span> <span class='ocrx_word' id='word_1_415' title='bbox 347 4627 408 4688; x_wconf 83' lang='grc'>380,</span> <span class='ocrx_word' id='word_1_416' title='bbox 427 4628 462 4673; x_wconf 94' lang='grc'>22</span> <span class='ocrx_word' id='word_1_417' title='bbox 530 4627 563 4675; x_wconf 87' lang='grc'><strong><em>28</em></strong></span> <span class='ocrx_word' id='word_1_418' title='bbox 580 4623 730 4692; x_wconf 86' lang='lat' dir='ltr'>Pompeius]</span> <span class='ocrx_word' id='word_1_419' title='bbox 749 4643 777 4691; x_wconf 87' lang='lat' dir='ltr'>p.</span> <span class='ocrx_word' id='word_1_420' title='bbox 795 4627 855 4688; x_wconf 83' lang='lat'>208,</span> <span class='ocrx_word' id='word_1_421' title='bbox 874 4630 903 4676; x_wconf 85' lang='lat'>1:</span> <span class='ocrx_word' id='word_1_422' title='bbox 933 4641 1075 4692; x_wconf 90' lang='lat' dir='ltr'>pronomen</span> <span class='ocrx_word' id='word_1_423' title='bbox 1094 4639 1133 4676; x_wconf 86' lang='lat' dir='ltr'>est</span> <span class='ocrx_word' id='word_1_424' title='bbox 1150 4631 1284 4690; x_wconf 87' lang='lat' dir='ltr'>utriusque</span> <span class='ocrx_word' id='word_1_425' title='bbox 1302 4629 1413 4694; x_wconf 77' lang='lat' dir='ltr'>generis,</span> <span class='ocrx_word' id='word_1_426' title='bbox 1432 4629 1499 4678; x_wconf 82' lang='lat' dir='ltr'>idest</span> <span class='ocrx_word' id='word_1_427' title='bbox 1517 4625 1589 4683; x_wconf 82' lang='grc' dir='ltr'><strong>ιιειιιιι</strong></span> 
     </span>
     <span class='ocr_line' id='line_1_45' title="bbox 301 4691 1589 4761; baseline 0.005 -23"><span class='ocrx_word' id='word_1_428' title='bbox 301 4700 326 4738; x_wconf 82' lang='grc' dir='ltr'>ει</span> <span class='ocrx_word' id='word_1_429' title='bbox 343 4691 487 4754; x_wconf 85' lang='lat' dir='ltr'>masculini,</span> <span class='ocrx_word' id='word_1_430' title='bbox 505 4693 551 4743; x_wconf 87' lang='lat' dir='ltr'>sed</span> <span class='ocrx_word' id='word_1_431' title='bbox 569 4694 726 4760; x_wconf 86' lang='lat' dir='ltr'>temporibus</span> <span class='ocrx_word' id='word_1_432' title='bbox 744 4700 792 4748; x_wconf 85' lang='lat' dir='ltr'>etc.</span> <span class='ocrx_word' id='word_1_433' title='bbox 869 4697 902 4745; x_wconf 80' lang='lat'>³0</span> <span class='ocrx_word' id='word_1_434' title='bbox 920 4695 988 4744; x_wconf 85' lang='lat' dir='ltr'>ldern</span> <span class='ocrx_word' id='word_1_435' title='bbox 1007 4696 1030 4744; x_wconf 88' lang='lat' dir='ltr'>si</span> <span class='ocrx_word' id='word_1_436' title='bbox 1050 4693 1171 4761; x_wconf 86' lang='lat' dir='ltr'>uolucris]</span> <span class='ocrx_word' id='word_1_437' title='bbox 1192 4697 1228 4757; x_wconf 79' lang='lat' dir='ltr'>rs.</span> <span class='ocrx_word' id='word_1_438' title='bbox 1240 4697 1328 4760; x_wconf 82' lang='lat' dir='ltr'>Pomp.</span> <span class='ocrx_word' id='word_1_439' title='bbox 1338 4713 1364 4760; x_wconf 83' lang='lat' dir='ltr'>p.</span> <span class='ocrx_word' id='word_1_440' title='bbox 1380 4699 1440 4758; x_wconf 83' lang='lat'>208,</span> <span class='ocrx_word' id='word_1_441' title='bbox 1454 4699 1477 4746; x_wconf 79' lang='grc'>0.</span> <span class='ocrx_word' id='word_1_442' title='bbox 1488 4703 1514 4758; x_wconf 83' lang='lat'>5,</span> <span class='ocrx_word' id='word_1_443' title='bbox 1532 4695 1589 4744; x_wconf 80' lang='lat' dir='ltr'>ende</span> 
     </span>
    </p>
   </div>
   <div class='ocr_carea' id='block_1_10' title="bbox 302 4758 1654 4830">
    <p class='ocr_par' dir='ltr' id='par_1_10' title="bbox 302 4758 1654 4830">
     <span class='ocr_line' id='line_1_46' title="bbox 302 4758 1654 4830; baseline 0.01 -26"><span class='ocrx_word' id='word_1_444' title='bbox 302 4773 350 4806; x_wconf 79' lang='lat' dir='ltr'>reon</span> <span class='ocrx_word' id='word_1_445' title='bbox 368 4758 466 4808; x_wconf 75' lang='grc' dir='ltr'><strong>ιιιιιιιιιυι</strong></span> <span class='ocrx_word' id='word_1_446' title='bbox 484 4768 535 4824; x_wconf 84' lang='lat' dir='ltr'>ert,</span> <span class='ocrx_word' id='word_1_447' title='bbox 554 4759 616 4826; x_wconf 79' lang='lat' dir='ltr'>quin</span> <span class='ocrx_word' id='word_1_448' title='bbox 632 4770 692 4811; x_wconf 81' lang='lat' dir='ltr'>ante</span> <span class='ocrx_word' id='word_1_449' title='bbox 710 4763 746 4810; x_wconf 80' lang='lat' dir='ltr'>‘ri</span> <span class='ocrx_word' id='word_1_450' title='bbox 761 4763 882 4813; x_wconf 76' lang='lat' dir='ltr'>wluerir’</span> <span class='ocrx_word' id='word_1_451' title='bbox 900 4765 992 4812; x_wconf 83' lang='lat' dir='ltr'>lacuna</span> <span class='ocrx_word' id='word_1_452' title='bbox 1008 4765 1144 4812; x_wconf 71' lang='lat' dir='ltr'>statuenda</span> <span class='ocrx_word' id='word_1_453' title='bbox 1161 4766 1203 4816; x_wconf 82' lang='lat' dir='ltr'>rit.</span> <span class='ocrx_word' id='word_1_454' title='bbox 1265 4767 1296 4814; x_wconf 84' lang='lat'>31</span> <span class='ocrx_word' id='word_1_455' title='bbox 1316 4761 1474 4830; x_wconf 84' lang='lat' dir='ltr'>Priscianus]</span> <span class='ocrx_word' id='word_1_456' title='bbox 1494 4765 1528 4826; x_wconf 82' lang='lat' dir='ltr'>rs.</span> <span class='ocrx_word' id='word_1_457' title='bbox 1541 4762 1557 4812; x_wconf 87' lang='lat' dir='ltr'><em>I</em></span> <span class='ocrx_word' id='word_1_458' title='bbox 1565 4779 1588 4826; x_wconf 79' lang='lat' dir='ltr'>p.</span> <span class='ocrx_word' id='word_1_459' title='bbox 1653 4797 1654 4818; x_wconf 65' lang='grc' dir='ltr'><strong>ι</strong></span> 
     </span>
    </p>
   </div>
   <div class='ocr_carea' id='block_1_11' title="bbox 301 4827 1076 4894">
    <p class='ocr_par' dir='ltr' id='par_1_11' title="bbox 301 4827 1076 4894">
     <span class='ocr_line' id='line_1_47' title="bbox 301 4827 1076 4894; baseline 0.004 -18"><span class='ocrx_word' id='word_1_460' title='bbox 301 4827 362 4888; x_wconf 77' lang='grc'><strong><em>529,</em></strong></span> <span class='ocrx_word' id='word_1_461' title='bbox 383 4829 413 4875; x_wconf 84' lang='lat'>11</span> <span class='ocrx_word' id='word_1_462' title='bbox 430 4842 484 4892; x_wconf 83' lang='lat' dir='ltr'>req.</span> <span class='ocrx_word' id='word_1_463' title='bbox 538 4840 589 4877; x_wconf 88' lang='lat' dir='ltr'>tren</span> <span class='ocrx_word' id='word_1_464' title='bbox 643 4832 675 4879; x_wconf 85' lang='grc'>32</span> <span class='ocrx_word' id='word_1_465' title='bbox 693 4829 752 4878; x_wconf 84' lang='lat' dir='ltr'>item</span> <span class='ocrx_word' id='word_1_466' title='bbox 772 4846 800 4878; x_wconf 86' lang='lat' dir='ltr'>se</span> <span class='ocrx_word' id='word_1_467' title='bbox 851 4831 874 4878; x_wconf 86' lang='lat' dir='ltr'>is</span> <span class='ocrx_word' id='word_1_468' title='bbox 893 4827 965 4894; x_wconf 82' lang='lat' dir='ltr'>nero]</span> <span class='ocrx_word' id='word_1_469' title='bbox 986 4831 1011 4879; x_wconf 92' lang='lat' dir='ltr'>iu</span> <span class='ocrx_word' id='word_1_470' title='bbox 1029 4845 1076 4879; x_wconf 89' lang='lat' dir='ltr'>suo</span> 
     </span>
    </p>
   </div>
   <div class='ocr_carea' id='block_1_12' title="bbox 0 0 1662 5556">
    <p class='ocr_par' dir='ltr' id='par_1_12' title="bbox 0 0 1662 5556">
     <span class='ocr_line' id='line_1_48' title="bbox 0 0 1662 5556; baseline 0 0"><span class='ocrx_word' id='word_1_471' title='bbox 0 0 1662 5556; x_wconf 95' lang='lat' dir='ltr'> </span> 
     </span>
    </p>
   </div>
  </div>
 </body>
</html>
