3316 5566
297 337 356 399 122
810 336 878 389 ΔΗΒ
897 335 1074 390 Attonitas

376 527 407 586 ln
436 525 489 587 ebs
516 526 575 588 duo
603 543 711 604 genera
742 527 949 592 inueniuntur:
980 523 1189 596 masculinum,
1219 535 1251 588 ut
1279 525 1327 586 hic
1355 524 1470 586 caelebs
1496 526 1567 586 huius

291 627 425 699 caelibis,
455 628 532 710 quod
562 645 669 689 nonten
696 627 841 706 significat
863 628 926 687 siue
950 645 1033 697 eum,
1063 630 1112 706 qui
1136 645 1295 708 numquam
1320 646 1443 688 uxorem
1470 628 1565 696 habuit,

290 732 353 792 siue
376 749 454 800 eum,
481 731 530 811 qui
553 747 616 792 eam
640 730 745 791 emisit.
790 727 862 790 Nam
886 727 1003 792 caelebs
1026 729 1142 800 dicitur,
1166 731 1247 810 quasi
1272 728 1565 808 cocloaptus;ien1i·

290 835 407 903 ninum,
432 840 464 893 ut
486 831 558 892 haec
581 831 666 908 plebs
688 830 775 892 huius
798 828 903 910 plebis.

375 935 407 996 lu
424 953 476 1015 eps
493 931 663 1002 masculina,
687 941 719 994 ut
741 931 788 992 hic
811 933 959 1012 princeps,
983 933 1072 994 huius
1094 933 1236 1014 principis
1259 933 1306 994 bic
1329 950 1472 1013 praeceps
1493 933 1582 994 buius-t

288 1021 459 1116 praecipitis
483 1052 592 1114 anceps
621 1035 756 1114 ancipitis
785 1032 886 1115 biceps
915 1033 1043 1114 bicipitis
1072 1035 1181 1114 triceps
1210 1036 1359 1114 tricipitis.
1405 1035 1463 1095 Sed
1489 1037 1565 1096 inter·

288 1137 453 1216 rogandum
477 1145 535 1206 est,
558 1155 612 1197 cur
636 1135 691 1196 hoc
714 1153 837 1206 nomen,
861 1137 937 1216 quod
962 1143 1006 1198 est
1028 1138 1182 1217 princeps.
1207 1155 1265 1197 uua
1288 1135 1401 1217 syllaba
1424 1140 1524 1198 crescit
1542 1141 1564 1196 in

287 1241 534 1318 genetiuo
563 1248 595 1299 ut
623 1257 732 1318 anceps
760 1239 899 1318 ancipitis
927 1238 1028 1319 biceps
1056 1237 1197 1316 bicipitis.
1242 1238 1305 1300 Hoc
1333 1241 1378 1300 ita
1405 1237 1563 1300 soluendum

288 1351 345 1412 ost,
371 1341 448 1420 quod
472 1342 611 1421 princeps
634 1359 667 1400 ex
692 1342 910 1420 praepositione
933 1338 994 1408 illa.
1019 1359 1095 1420 quae
1118 1349 1163 1401 est
1185 1359 1266 1420 prae,
1290 1351 1320 1402 ot
1341 1359 1357 1400 a
1381 1341 1474 1404 uerbo
1494 1343 1564 1422 capio

286 1445 366 1523 capis
388 1445 576 1523 conponitur,
600 1461 743 1523 praeceps
765 1461 837 1502 uero
860 1452 888 1502 et
912 1461 1021 1522 anceps
1044 1451 1073 1502 ct
1095 1441 1198 1524 biceps
1221 1449 1250 1503 et
1266 1444 1387 1521 triceps.
1410 1444 1594 1524 quastus-10

287 1545 341 1606 bus
364 1543 484 1626 syllabis
507 1551 608 1605 contra
632 1545 796 1624 analogiam
820 1552 967 1614 crescunt,
991 1547 1156 1624 apamiae,
1180 1545 1258 1620 quod
1276 1552 1320 1605 est
1334 1556 1434 1624 caput,
1456 1549 1564 1622 ecquod

285 1657 329 1710 est
350 1645 534 1728 trisyllabum
557 1649 587 1707 in
611 1649 763 1725 genetiuo:
798 1647 868 1706 iacit
890 1647 968 1706 enim
992 1657 1079 1726 caput
1101 1648 1219 1725 capitis:
1250 1647 1335 1725 capio
1357 1665 1431 1708 uero
1453 1647 1563 1711 uerbum

283 1751 313 1812 iu
337 1749 466 1812 secunda
489 1766 616 1829 persona
638 1751 720 1828 capis
742 1747 918 1828 disyllabum
942 1756 1000 1817 est,
1023 1747 1103 1809 unde
1126 1749 1266 1828 princeps
1288 1751 1477 1828 conponitur:
1505 1768 1564 1810 nam

284 1855 422 1932 princeps
450 1850 557 1912 dicitur
586 1851 668 1927 quasi
698 1851 856 1930 primatum
885 1851 1015 1929 capiens.
1061 1849 1140 1910 llaec
1168 1867 1216 1910 ros
1244 1849 1321 1912 banc
1350 1851 1512 1913 distantiam
1536 1853 1563 1910 in

284 1955 330 2016 his
346 1953 516 2017 nominihus
531 1951 676 2032 praebuit.
722 1953 841 2029 Antiqui
864 1953 1008 2032 ‘ancipes’
1031 1953 1210 2032 ‘praeeipcs’
1234 1950 1370 2031 ‘bicipes’
1394 1955 1594 2014 nominatiuo¹⁵

282 2056 425 2135 singulari
442 2053 628 2116 declinabant
643 2062 672 2114 ct
688 2051 745 2114 alio
767 2053 855 2114 modo
879 2051 1016 2114 dicebant
1039 2055 1192 2133 ‘praeceps
1214 2055 1385 2134 praecipis'.
1415 2055 1562 2117 Ennius:

282 2161 459 2242 praecipe
475 2175 578 2226 casu;
595 2157 637 2216 sic
652 2157 739 2216 etiam
750 2158 943 2217 uetustissimi
954 2154 1149 2236 ‘supellectis’
1160 2154 1565 2236 proterehamauominuuo.
1642 2185 1643 2188 ¹

367 2261 398 2322 ln
432 2279 480 2320 ers
507 2258 566 2318 duo
594 2264 706 2319 tantum
738 2259 856 2318 nomina
885 2259 1053 2320 communia
1081 2259 1170 2318 trium
1201 2276 1345 2337 generum
1374 2261 1564 2325 inueniuntur.
1642 2243 1643 2310 l

282 2373 314 2424 ut
337 2361 384 2423 bic
408 2373 436 2423 et
459 2361 532 2421 baec
554 2368 584 2420 et
606 2360 662 2421 hoc
684 2357 793 2431 solers,
828 2361 884 2420 boc
913 2367 958 2420 est
980 2359 1079 2420 soleus
1101 2367 1194 2420 artem
1218 2359 1391 2437 frequenter
1420 2381 1564 2428 exercere3

282 2467 352 2526 item
376 2463 423 2523 bic
446 2461 571 2523 ethaeo
593 2471 622 2524 et
644 2460 700 2521 hoc
722 2462 801 2521 iners
823 2463 927 2522 inertis
949 2463 1037 2522 inerti
1066 2463 1146 2522 bunc
1168 2469 1198 2520 et
1220 2461 1296 2524 banc
1317 2465 1443 2525 inertem
1466 2473 1494 2525 ct
1515 2465 1596 2526 boett

282 2569 363 2627 iners
386 2583 404 2626 o
426 2568 508 2625 iners
529 2562 567 2624 ab
588 2563 646 2625 hoc
669 2570 698 2623 et
720 2561 757 2622 ab
780 2562 835 2623 hac
858 2571 888 2623 et
910 2562 946 2624 ab
975 2564 1030 2623 boc
1058 2565 1149 2624 inerti
1172 2574 1202 2624 et
1223 2561 1377 2643 pluraliter
1406 2565 1435 2626 hi
1462 2575 1491 2627 et
1516 2567 1566 2628 hae

281 2671 393 2729 inertes
416 2676 446 2726 ct
467 2664 551 2754 baec⁸
567 2666 672 2726 inertia
702 2664 808 2725 horum
832 2672 861 2725 et
883 2664 988 2726 barum
1012 2674 1041 2726 et
1063 2665 1169 2726 borum
1198 2667 1339 2728 inertium
1362 2667 1408 2728 bis
1430 2668 1565 2730 inertibus

281 2770 334 2831 hos
358 2777 387 2830 et
409 2769 462 2830 has
485 2767 595 2829 inertes
617 2775 647 2828 ct
669 2765 742 2827 haec
763 2767 870 2827 inertia
894 2786 912 2827 o
933 2767 1045 2828 inertes
1068 2775 1096 2828 et
1119 2787 1136 2828 o
1158 2769 1265 2828 inertia
1289 2767 1326 2829 ab
1350 2767 1395 2830 his
1418 2771 1563 2833 inertibus.

365 2872 397 2932 ln
422 2889 520 2950 omps,
550 2879 582 2930 ut
605 2868 651 2929 bic
675 2867 790 2948 hiemps
812 2868 901 2931 huius
923 2868 1046 2938 hiemis,
1076 2871 1146 2930 itcm
1175 2869 1248 2931 baec
1276 2873 1403 2952 siremps
1426 2873 1510 2934 huius
1530 2875 1565 2934 si·

278 2977 413 3055 rempsis.
1577 2979 1597 3018 u

364 3076 396 3137 ln
424 3077 500 3154 irps,
530 3079 562 3132 ut
584 3072 631 3132 hic
660 3073 750 3151 stirps
778 3071 867 3133 buius
895 3073 1010 3152 stirpis:
1041 3073 1159 3152 quaudo
1186 3077 1229 3135 od
1254 3075 1404 3138 hominem
1432 3081 1564 3159 pertinet,
1641 3123 1642 3144 .

279 3179 453 3238 femininum
477 3181 535 3244 est;
559 3173 677 3251 quando
699 3181 798 3234 autem
820 3173 1038 3262 colophonem,
1063 3174 1256 3238 masculinum
1281 3187 1334 3238 est.

363 3278 396 3339 ln
420 3280 481 3356 ips,
512 3285 542 3337 ut
566 3275 613 3336 hic
637 3277 711 3355 stips
733 3276 822 3337 huius
844 3277 941 3356 stipis,
971 3277 1028 3338 hoc
1051 3289 1096 3338 est
1118 3279 1242 3357 pecunia
1271 3279 1319 3340 uel
1347 3299 1455 3342 munus
1481 3283 1565 3360 signi·

279 3383 359 3450 licat,
394 3378 472 3458 quod
501 3395 648 3458 pauperes
675 3385 794 3457 petunt,
823 3387 856 3440 ut
878 3386 922 3439 est
944 3377 1032 3440 illud:
1064 3389 1100 3441 et
1133 3380 1230 3441 sedit
1260 3383 1396 3461 stipem
1427 3391 1564 3463 petens.
1641 3359 1642 3415 ¹

278 3483 362 3545 lilirul
387 3489 484 3543 autem
508 3497 631 3550 nomcn,
656 3479 734 3560 quod
756 3487 802 3541 est
816 3483 902 3560 stips,
927 3483 1066 3560 genetiuo
1081 3481 1192 3552 differt,
1216 3485 1354 3561 quoniam
1369 3486 1477 3565 stipitis
1491 3485 1598 3554 laritii

277 3584 357 3665 quod
381 3600 489 3644 nomen
512 3582 657 3660 significat
678 3581 799 3660 longum
822 3581 934 3662 lignum
959 3585 1119 3645 memoriae
1142 3603 1230 3646 causa
1254 3583 1411 3648 eleuatum.

362 3686 393 3746 ln
419 3684 470 3766 ybs
493 3701 585 3744 unum
609 3701 717 3744 nomen
741 3684 933 3746 masculinum
956 3687 1120 3755 inuenitur,
1151 3695 1183 3747 ut
1206 3696 1250 3749 est
1273 3687 1320 3748 hic
1342 3687 1463 3769 chalybs
1485 3690 1566 3750 huius

278 3785 422 3866 chalybis,
452 3785 530 3863 quod
555 3803 663 3845 nomen
686 3785 804 3864 aliquod
827 3786 978 3849 metallum
1002 3788 1133 3849 ierrcum
1156 3790 1299 3867 significat
1323 3790 1444 3862 durum,
1473 3799 1503 3853 ut
1525 3797 1567 3851 ost

277 3889 334 3949 boc
357 3885 539 3967 exemplum:
563 3895 669 3948 naeth
693 3887 843 3949 fornace
866 3888 1047 3968 liquescit
1071 3888 1231 3968 chalybs.

346 4125 462 4192 iceleps
531 4125 659 4191 ecetepis
728 4125 846 4192 {iceleps
898 4127 971 4175 alitus
1041 4126 1130 4192 4ples
1203 4129 1263 4178 bin
1282 4129 1326 4178 ebs
1380 4145 1486 4196 preceps
1551 4131 1566 4178 6

277 4195 413 4264 precepitis
465 4195 554 4260 piceps
573 4194 686 4260 picipitis
747 4197 762 4245 7
779 4195 873 4244 crescis
891 4196 916 4244 in
935 4192 1067 4260 gructiuo]
1090 4193 1196 4246 Excidit
1212 4197 1341 4258 sortasse:
1359 4197 1408 4248 alin
1427 4213 1488 4249 nero
1506 4199 1566 4248 dun·

276 4267 323 4314 bus
392 4263 515 4328 Spiceps
535 4263 648 4328 picipltis
700 4262 735 4311 ite
752 4263 842 4313 addidi
928 4265 959 4312 10
976 4275 1156 4329 conponuntur
1206 4264 1295 4331 piceps
1351 4265 1453 4316 duobus
1537 4267 1565 4315 11

276 4341 377 4382 crrcuut
445 4341 470 4380 et
487 4331 557 4393 quod
575 4331 667 4381 addidi
734 4333 765 4380 12
783 4330 955 4393 trissyllabum
1026 4333 1057 4382 lb
1075 4333 1176 4397 prebuit
1243 4334 1341 4399 picipes
1412 4337 1443 4384 16
1461 4333 1566 4400 siugulis

344 4395 455 4464 linrrius]
475 4399 510 4460 rs.
529 4399 613 4448 Prisc.
633 4398 650 4448 1
665 4415 692 4464 p.
710 4401 775 4461 281,
795 4399 865 4449 911.
954 4401 985 4449 1⁷
1005 4397 1180 4466 subpellectis]
1205 4401 1240 4464 cs.
1260 4401 1342 4451 Prisc.
1361 4401 1377 4450 I
1394 4419 1421 4467 p.
1438 4406 1501 4465 279,
1521 4406 1565 4452 ts:

276 4467 446 4519 uetustissimi
463 4476 546 4517 tomen
565 4469 639 4516 etium
659 4467 737 4516 ‘haec
755 4465 934 4532 supellectilis’
954 4469 1137 4518 nominatiuum
1155 4468 1331 4533 proferebant,
1349 4469 1392 4520 ott
1407 4471 1465 4521 aide
1482 4472 1565 4522 adnot.

276 4541 332 4587 crit.
352 4535 462 4588 Hertzlt'.
550 4537 580 4586 19
599 4536 688 4584 artenii
756 4537 790 4585 20
807 4545 832 4584 et
850 4535 881 4586 ho
901 4550 915 4584 o
934 4535 1000 4586 iners
1019 4537 1051 4585 ab
1070 4536 1117 4586 hoo
1202 4539 1233 4586 tt
1254 4539 1261 4587 i
1280 4549 1336 4586 ete
1424 4541 1457 4588 22
1475 4539 1566 4588 icen-in

275 4607 308 4654 ‘24
327 4606 351 4652 in
370 4619 423 4653 ems
475 4603 537 4653 hoec
555 4604 647 4652 sirenis
717 4602 792 4652 buius
811 4601 938 4668 siremsis]
957 4605 991 4666 cf.
1010 4605 1082 4654 Feat.
1097 4621 1125 4670 p.
1147 4607 1207 4664 stt,
1226 4609 1261 4655 24
1281 4605 1318 4656 Μ.
1336 4606 1421 4656 Plaut.
1440 4607 1563 4670 Amphitr.

275 4673 388 4735 probi-3
456 4673 489 4721 to
508 4671 610 4733 quaudo
629 4671 732 4720 bomine
801 4673 834 4722 27
852 4683 935 4721 aretem
955 4671 1039 4722 arbori
1108 4673 1141 4724 28
1159 4687 1265 4736 monus,
1287 4675 1459 4728 cora-,Petrus
1477 4674 1565 4724 Daniel

276 4737 502 4804 esurientium]
524 4740 595 4790 Fore.
616 4739 904 4804 Act.Apost.11110
974 4742 1006 4790 30
1023 4739 1105 4790 delen
1156 4741 1232 4807 stipis
1301 4743 1332 4792 31
1351 4744 1473 4792 memorio
1491 4756 1563 4792 causa

276 4807 388 4856 leuatum
457 4807 489 4857 ³2
508 4807 547 4855 ibe
600 4806 679 4856 calibs
748 4807 886 4857 escaticis
956 4807 1086 4859 steatitis
