3308 5542
553 375 634 426 COD.
655 375 759 427 BERN.
783 377 820 426 16.
1268 391 1338 438 xhv

131 567 147 622 1.
162 567 237 624 108·
253 567 307 624 cul.
327 567 342 622 1
367 565 500 640 dactylica
522 565 634 622 iambica
659 575 686 622 et
710 565 846 622 trochaica
869 575 955 622 metra
974 565 1119 640 apedilrus
1143 575 1208 623 aunt
1230 577 1336 626 uocate,

73 651 171 724 dactylica
191 659 275 707 metra
300 652 459 725 principalia
483 661 563 722 sunt,
591 650 729 725 recipiunt
752 658 840 706 tomen
864 650 999 725 dactylum
1022 651 1118 726 pedem
1141 661 1169 707 et
1192 651 1336 727 spondium

73 739 118 792 iocis
136 736 268 808 omnihus,
292 738 321 792 in
344 735 397 792 line
420 745 525 794 tantum
548 737 716 796 trochaeum.
762 735 898 810 dactylico
921 743 1009 792 metro
1032 735 1138 793 iambus
1159 752 1269 812 semper
1290 739 1337 794 ad·

73 825 151 877 iunctus
170 831 218 878 est
262 821 357 878 Altero
379 823 451 878 enlm
474 819 575 896 praelia
597 820 735 892 dicuntur,
760 820 848 878 altero
870 820 1007 880 clarorum
1030 820 1169 878 hominurn
1192 823 1250 879 uita
1271 838 1337 878 con·

60 907 167 962 mihitur
187 905 307 980 ideoque
328 905 379 963 sihi
402 907 538 964 coniuncti
563 912 637 963 sunt.
681 904 826 979 Recipiunt
847 915 937 963 autern
960 914 1044 962 metra
1068 905 1182 963 iambica
1204 906 1272 964 locis
1296 909 1337 964 io·
1415 938 1420 962 ι

72 991 151 1064 parthus
180 993 229 1048 hos
264 993 389 1066 quinque
417 991 515 1068 pedes,
543 991 615 1048 idest
643 989 761 1047 iambum
785 989 941 1065 tribrachyn
970 989 1115 1066 spondium
1143 991 1278 1066 dactylum
1308 1001 1336 1048 et

71 1086 226 1148 anapaestum,
254 1074 326 1132 locis
355 1085 445 1132 autern
477 1075 589 1152 parihus
617 1084 723 1134 tanturn
751 1073 868 1132 iambum
898 1074 942 1133 uel
967 1075 1140 1151 tribrachym
1169 1077 1335 1151 pyrrichium

72 1159 111 1215 ioco
129 1169 221 1218 unium
244 1161 346 1217 ultimo
368 1163 405 1218 ita
429 1169 533 1232 tameo,
560 1169 592 1217 ut
617 1161 765 1217 multorum
788 1159 913 1218 hreuium
935 1161 1061 1218 iunctura
1083 1163 1198 1218 nitetur.
1230 1163 1336 1236 vliacty·

72 1243 126 1300 iieun
145 1247 294 1302 trimetrum
317 1254 425 1303 constat
447 1263 478 1304 ex
499 1245 609 1320 dactylo
631 1246 747 1304 trocheo
768 1254 797 1301 et
819 1246 934 1321 spondio
958 1247 1017 1304 siue
1033 1262 1063 1302 ex
1078 1245 1187 1322 dactylo
1205 1247 1335 1304 trochaeo

53 1337 87 1382 aet
102 1332 198 1404 spondio
220 1332 275 1389 hoc
297 1331 434 1407 exemplo:

440 1417 486 1474 ιιι
508 1433 618 1492 genus
641 1416 706 1473 hoc
727 1425 907 1472 memento.

127 1501 143 1556 ι.
158 1501 233 1558 137¹
249 1500 342 1558 coli
364 1501 505 1576 Elegiacus
532 1509 704 1577 pentameter
732 1500 845 1558 heroico
871 1517 982 1576 semper
1002 1501 1146 1559 adiunctus
1169 1509 1221 1558 est.
1266 1501 1335 1558 Con·

70 1593 203 1641 solantem
233 1588 352 1661 spondio
381 1585 442 1644 loco
471 1587 559 1661 primo
586 1595 614 1644 et
636 1586 756 1644 secundo
779 1586 888 1661 dactylo
912 1586 979 1642 locis
1002 1587 1128 1644 omnihus
1151 1585 1284 1642 catalecto
1308 1588 1333 1642 in

24 1681 25 1692 ¹
71 1669 130 1724 nediu
149 1679 174 1726 et
195 1673 221 1726 in
245 1670 317 1744 dne,
340 1679 372 1728 ut
393 1680 436 1728 est
458 1673 525 1730 hoc:

234 1755 318 1813 Plus
339 1773 438 1831 quam
462 1757 563 1814 turha
587 1757 689 1829 lacit,
713 1758 772 1830 qui
796 1773 857 1813 sua
880 1757 983 1813 corda
1007 1755 1130 1814 domat.

23 1901 24 1992 ι
126 1887 164 1947 Ite
182 1897 312 1950 occentu
333 1897 365 1958 et
381 1887 526 1965 posituris
548 1889 641 1951 haec:

125 2007 260 2067 ld²col.
280 2011 308 2066 l.
352 2012 487 2068 docentus
514 2019 557 2068 est
586 2011 674 2068 anima
703 2011 849 2068 uerborum
880 2010 939 2066 siue
967 2025 1020 2066 uon
1048 2007 1185 2084 syllabae,
1214 2012 1333 2084 quaein

68 2109 159 2149 ennom
186 2093 250 2170 plna
280 2104 361 2151 sonat
383 2095 417 2152 de
437 2098 536 2154 ceteris
564 2095 685 2170 syllabis.
729 2099 864 2153 decentes
890 2104 980 2152 autern
1003 2111 1017 2150 a
1040 2103 1121 2152 centn
1143 2102 1259 2152 uocatus
1281 2103 1333 2167 est,

68 2177 108 2248 quir
127 2181 149 2234 in
171 2181 230 2254 ipso
254 2189 338 2236 cantu
359 2182 520 2254 producitur
541 2179 691 2238 modulatio
715 2181 802 2238 uocis.

125 2265 139 2320 1.
155 2265 212 2322 872
226 2265 284 2321 coi.
301 2265 330 2321 2.
358 2267 496 2324 Commota
512 2273 577 2324 sunt
591 2265 740 2340 particulae
756 2281 884 2323 sensuum
901 2264 1003 2322 Graece
1024 2263 1122 2335 dictae,
1145 2265 1209 2338 quin
1231 2281 1333 2324 conexa

47 2347 140 2404 ιιιιιιιι
169 2348 237 2406 cola.
288 2350 351 2406 Nam
385 2353 522 2424 praecisus
557 2365 655 2408 sensus
683 2367 787 2408 comma
815 2351 930 2422 dicitur,
964 2359 995 2406 nt
1027 2358 1094 2423 aput
1122 2351 1333 2424 Vergilium:

66 2429 129 2488 'arna
152 2437 299 2510 uirumque
325 2436 406 2492 cano'
434 2453 537 2493 comma
567 2446 632 2506 εει,
654 2435 763 2494 “lroise
791 2437 839 2511 qul
867 2436 972 2510 primus
999 2435 1035 2490 oh
1057 2436 1128 2491 oris’
1153 2451 1256 2491 comma
1280 2443 1332 2506 est,

66 2513 148 2574 'itdiam
173 2520 228 2576 iato
259 2519 407 2595 prologus'
428 2521 523 2595 sicque
552 2537 640 2596 usqne
663 2521 841 2596 perueniatur
861 2521 1013 2591 sententia,
1040 2527 1071 2576 ut
1094 2529 1150 2576 est:
1196 2519 1332 2576 ‘Lauinia-

64 2617 100 2672 «ιιι
116 2603 185 2660 uenit
205 2603 314 2678 litora'‚
337 2604 419 2662 idest:
442 2603 530 2662 ‘illum
553 2623 637 2678 miro,
661 2606 707 2680 nui
731 2608 808 2663 uenit
830 2607 861 2662 ad
886 2606 995 2662 Lauinia
1018 2603 1124 2661 litora.’

123 2737 163 2796 lie
179 2735 293 2813 murae
314 2735 481 2815 ceterisque
502 2736 538 2800 id
556 2756 652 2815 penus
674 2740 768 2800 haec:

124 2858 139 2914 1,
154 2860 190 2917 6¹
204 2860 294 2917 coli
317 2860 481 2936 hcyrologia
504 2861 644 2936 inproprie
667 2861 768 2931 dictio,
790 2868 834 2916 ut:

234 2944 330 3002 Hunc
352 2961 415 3018 ego
438 2948 466 3000 si
489 2948 589 3020 potui
612 2955 744 3002 tanturn
769 2961 913 3020 sperare
936 2943 1102 3000 dolorem.

62 3021 182 3098 ‘sperare'
204 3029 273 3086 dixit
294 3047 345 3106 pro
368 3029 512 3088 ‘timere'.
549 3023 724 3105 heyrologia‚
746 3029 844 3104 olyros
868 3030 939 3085 idest
961 3029 1020 3086 sine
1041 3028 1163 3100 domino,
1186 3036 1230 3084 ut:
1255 3029 1332 3084 ilum

63 3127 211 3182 speramns
234 3115 339 3187 oona,
368 3115 549 3173 timeamus
570 3116 738 3186 aduersa,
767 3123 808 3172 et:
839 3115 1038 3188 ‘gramineo
1062 3113 1095 3169 in
1118 3111 1257 3188 campo'
1281 3131 1331 3188 pro

62 3193 212 3266 'graminoso’
237 3208 266 3256 et
288 3198 479 3258 ‘nemorum
503 3204 596 3258 inter
618 3200 780 3257 irondea’
804 3217 854 3274 pro
877 3198 1042 3257 ‘irondoso’.

122 3283 137 3338 1.
155 3280 214 3341 lib
231 3283 285 3342 col.
302 3287 318 3342 1
342 3285 479 3344 diaeresis
501 3294 544 3342 cst
566 3285 666 3342 ahlatio
688 3287 721 3342 de
736 3285 872 3359 principio
887 3284 1015 3342 dictionis
1030 3285 1167 3340 contraria
1184 3283 1332 3360 prosthesi‚

62 3373 79 3418 ni
97 3367 180 3424 'mitte
203 3368 265 3426 me'
287 3387 338 3445 pro
362 3369 476 3428 ‘omitte
499 3367 570 3442 me'‚
598 3373 670 3428 sicut
698 3369 787 3444 ‘nge'
817 3386 867 3444 pro
897 3367 1014 3443 ‘euge’,
1041 3371 1113 3427 sicut
1141 3367 1259 3426 ‘soluit'
1283 3383 1332 3443 pro

61 3447 194 3510 ‘dissoluit'.
242 3455 428 3530 Virgilius:

235 3541 369 3597 liiscitc
393 3542 568 3598 iustitiam
588 3542 714 3597 moniti
738 3547 770 3596 et
794 3558 861 3596 non
885 3548 1036 3596 temnere
1058 3539 1160 3596 diuos

61 3637 93 3688 itu
111 3621 317 3682 ‘contemnere'.
730 3614 735 3621 ’

20 3776 21 3808 l
136 3791 261 3799 -.-—-..

106 3909 260 3960 ldactilice.
281 3908 408 3959 lamhllicn
426 3921 451 3960 et
468 3912 577 3960 trocoico
646 3909 798 3960 idoctilicn
849 3908 967 3960 dactilum
1036 3911 1172 3960 deuotum
1192 3908 1331 3959 ilnoceum.

61 3967 152 4026 henrico
204 3975 327 4042 lplielie
344 3978 465 4029 decentor
516 3977 665 4042 tiquinque
718 3977 855 4028 trihrnclain
912 3977 1031 4026 ductilem
1050 3987 1076 4026 et
1094 3987 1245 4043 anapestum
1315 3979 1330 4028 'i

61 4041 177 4100 tribrachin.
213 4045 348 4094 Pirrieium
433 4045 611 4097 iidnctilicum
635 4047 761 4096 trimetuna
847 4047 919 4096 ilex
937 4045 1030 4095 doctilo
1049 4043 1153 4094 thrnceo
1189 4060 1221 4095 ex
1239 4043 1332 4094 doctilo
1410 4045 1416 4060 ⁸

60 4105 122 4181 {iaceo
170 4115 204 4164 10
222 4113 301 4163 huius
320 4113 437 4180 exemplo
508 4115 653 4180 romegos
712 4115 744 4166 13
763 4114 855 4164 doctilo
906 4113 1055 4164 cntnlectum
1126 4115 1157 4164 16
1175 4113 1248 4162 eritho
1301 4113 1332 4162 16

61 4176 172 4232 estouttt.
192 4184 321 4231 ‚docentus
331 4180 381 4249 eet]
398 4183 496 4234 Isidori
503 4183 583 4248 ipsius
592 4185 615 4232 is
626 4189 753 4234 traiciatur
763 4190 808 4244 eet,
822 4185 866 4248 qui
876 4183 902 4231 in
911 4181 976 4233 libro
985 4181 1050 4232 hanc
1059 4183 1171 4246 excipit:
1192 4181 1331 4230 ‘Acceuius

60 4279 178 4345 nigreoe’
197 4295 247 4338 etc.
305 4283 362 4333 eirae
380 4259 614 4347 nofi‘syllaheqne
695 4285 726 4335 18
745 4284 770 4333 iu
789 4285 849 4349 ipso
868 4293 966 4334 tontum
1018 4259 1158 4356 muoddlniio
1246 4283 1277 4333 lu
1296 4281 1333 4332 De

60 4377 107 4432 liei.
124 4383 258 4434 Commota
276 4395 337 4434 eunt
353 4385 477 4450 petriculo
494 4383 574 4436 seusei
595 4401 668 4452 grece
687 4385 753 4436 dicte
772 4399 820 4447 quae
906 4387 938 4436 21
957 4399 1021 4436 cnno
1040 4357 1055 4432 in
1074 4397 1175 4433 commo
1198 4393 1236 4434 est
1259 4383 1332 4432 troile

61 4453 192 4514 :reprimes
211 4467 312 4502 comma
331 4463 369 4503 esi
436 4455 468 4504 22
487 4453 554 4504 lecto
607 4453 752 4517 lnbiniaque
803 4455 836 4504 23
854 4453 950 4504 lnhinin
1019 4455 1053 4503 et
1074 4451 1151 4502 Totus
1169 4455 1241 4503 iocus
1258 4458 1333 4501 erctat

60 4513 132 4571 heris
148 4523 209 4572 cod.
230 4521 311 4571 Bern.
330 4523 382 4570 267
399 4521 501 4573 Iuliano
518 4523 629 4584 similis.
649 4525 706 4586 02¹,
725 4523 759 4586 ef.
780 4520 876 4572 Iuliani
914 4563 919 4576 .
940 4525 975 4572 30
993 4523 1033 4572 ed.
1054 4521 1124 4571 lione.
1179 4519 1332 4585 Acyrologln

60 4587 223 4640 -toeimere
241 4590 308 4640 lion.
326 4605 353 4654 p.
374 4591 436 4654 391,
455 4593 488 4640 29
539 4589 697 4656 ecliirologin
775 4587 1231 4654 eohunsVerp.Aen.1V119
1299 4589 1333 4637 26

59 4651 192 4722 ehirningie
209 4672 226 4705 u
244 4657 301 4724 giro
386 4659 420 4708 28
438 4673 569 4708 nemorum
589 4658 654 4708 silue
672 4655 789 4724 l'ronden]
814 4657 893 4723 Verp.
912 4659 979 4709 Aen.
998 4655 1016 4708 1
1033 4658 1090 4708 191.
1128 4657 1166 4707 De
1184 4657 1332 4720 ‘frondens’

59 4725 253 4784 ti'yrnnineua’
269 4725 374 4790 formis,
397 4727 431 4790 ef.
453 4727 552 4778 Isidori
573 4727 636 4792 Da'ff.
654 4727 702 4777 Nr.
721 4729 775 4776 223
791 4743 819 4790 p.
840 4728 890 4776 754
910 4727 1040 4780 Dnhreuii.
1135 4727 1168 4776 29
1187 4719 1329 4789 diaeresis]

59 4787 80 4843 ‘l-
92 4790 147 4844 Dora.
164 4809 193 4857 p.
207 4795 268 4855 396,
280 4797 306 4846 8.
325 4793 410 4844 Exiet
427 4796 521 4846 eisdem
537 4795 624 4845 aeerhls
641 4797 667 4846 in
684 4803 742 4846 erte
760 4796 818 4845 cod.
838 4792 919 4844 Bern.
939 4796 1026 4859 tois.
1046 4796 1108 4860 63¹,
1126 4793 1246 4846 emtione
1262 4792 1333 4857 opard

60 4851 157 4909 lilinum
173 4878 202 4925 p.
224 4863 261 4910 ,13
280 4863 320 4911 ed.
340 4863 409 4912 Hom.
478 4865 590 4929 protesis
677 4865 708 4914 31
729 4859 865 4928 Virgilius]
886 4865 952 4914 Aen.
975 4863 1018 4912 VI
1035 4865 1083 4913 615
1165 4863 1331 4912 311ιοιιοιιι.
