3346 5558
602 1281 607 1290 '
676 1257 821 1343 XII.

484 1477 562 1559 DE
584 1477 802 1561 stavili
803 1479 824 1560 I
847 1478 1010 1562 ARTE.

186 1886 343 1950 Atcnini
369 1897 464 1951 artem
491 1895 723 1966 prommaticam
745 1907 927 1966 poomqnom
949 1891 1100 1950 Henricns
1120 1890 1235 1948 Keitins
1255 1903 1309 1947 sno
1331 1889 1398 1947 inre

95 2009 116 2050 o
150 2008 236 2052 nono
265 1995 535 2065 prommaticornm
564 1993 740 2054 Latinorum
771 1994 903 2053 editione
935 1991 1147 2052 secludendam
1177 2006 1240 2050 esse
1271 1993 1394 2063 censuit,

95 2097 214 2169 qieippe
248 2111 328 2169 qrtae
354 2102 492 2170 proeter-
513 2098 675 2156 sententias
699 2099 851 2172 panculas
881 2091 1041 2154 ninidn'oris
1068 2095 1279 2169 descriptionis
1305 2109 1400 2153 conso

91 2197 213 2270 possirn
236 2199 430 2272 interpositos
451 2197 527 2256 ninii
546 2195 616 2270 fere
637 2201 711 2258 noni
730 2201 867 2274 scitnqae
889 2198 978 2270 dipni
997 2195 1139 2269 adserat,
1168 2198 1254 2270 qnia,
1279 2211 1346 2255 com
1368 2197 1399 2254 in

97 2298 239 2357 Inachii
263 2299 394 2358 editione
421 2301 573 2359 nonnullis
599 2302 681 2360 mitiis
702 2302 878 2375 lacunisque
898 2300 1069 2370 laboraret,
1101 2299 1215 2358 codicis
1239 2297 1400 2357 Bernensis

102 2406 157 2458 123
180 2415 261 2459 saec.
285 2399 318 2459 Χ
339 2401 458 2460 anxilio
485 2399 536 2460 ltie
563 2402 624 2461 iltic
651 2404 884 2462 emendatiorem
912 2402 1004 2460 reddi
1023 2419 1113 2476 posse
1135 2401 1215 2474 eidi,
1242 2398 1341 2473 focile
1362 2400 1400 2458 ab

97 2505 205 2561 animo
225 2517 291 2561 meo
313 2503 482 2577 inpetrari,
512 2509 545 2562 nt
566 2505 630 2564 eins
651 2506 834 2579 quaestionis
851 2502 975 2576 fructos
997 2505 1114 2578 aliquos
1135 2505 1244 2563 lectori
1262 2501 1401 2562 beniuolo

95 2620 313 2680 proponerem.

188 2707 256 2766 Iam
278 2707 360 2780 qood
380 2709 424 2767 ad
443 2723 494 2768 eos
514 2709 597 2768 locos
619 2711 734 2782 attinet,
759 2725 833 2784 onos
849 2709 1008 2768 Pntscirins
1030 2710 1094 2784 ipse
1109 2709 1158 2767 nel
1170 2709 1300 2766 lacunae
1314 2709 1401 2782 sipno

100 2811 149 2868 oei
171 2811 318 2870 asterisco
340 2812 458 2870 notauit
463 2854 473 2888 ,
497 2827 599 2886 poene
620 2827 719 2870 omnes
742 2813 772 2870 in
795 2810 947 2885 inteprom
965 2809 1103 2883 sormam
1126 2811 1246 2868 restitui
1260 2817 1398 2884 possent.

99 2911 182 2970 iiam
192 2927 228 2986 p.
248 2917 336 2989 2078,
353 2919 392 2971 st
402 2920 488 2989 post:
512 2911 556 2972 ‘D.
581 2911 632 2972 Est
655 2914 748 2981 uere',
771 2917 873 2973 statim
895 2915 971 2972 irerec
993 2910 1027 2972 in
1049 2911 1116 2972 cod.
1135 2911 1226 2970 Bern.
1242 2917 1401 2972 scenntnr:

100 3013 138 3072 11.
162 3011 270 3073 Nonne
292 3012 404 3092 absque
426 3015 542 3074 ratione
565 3022 610 3074 est
632 3017 760 3075 animato
784 3014 896 3094 absque
914 3015 991 3094 (cad.
1008 3015 1105 3075 eninm
1122 3011 1273 3094 malisque)
1292 3012 1400 3072 decore

103 3125 132 3174 et
156 3115 302 3192 dignitate
324 3133 377 3176 sua
400 3133 465 3176 esse
488 3125 673 3196 perpetuam.
719 3116 750 3177 0.
775 3117 967 3197 Consequens
990 3125 1045 3178 etc.

191 3235 217 3295 p.
241 3213 339 3286 2098,
365 3215 405 3278 10
425 3221 493 3279 cod.
518 3219 614 3280 Bern.
636 3221 742 3280 habet:
769 3219 853 3280 ‘Nam
878 3221 907 3280 in
932 3223 1025 3299 prima
1050 3219 1246 3280 declinatione
1269 3217 1325 3296 geii
1349 3218 1403 3280 ilai

99 3319 180 3398 sing'
203 3321 286 3379 nollo
306 3321 439 3381 lacunae
459 3319 548 3396 sipno
569 3323 731 3391 adnotato;
755 3339 851 3397 neqoe
868 3329 912 3382 est
924 3321 1076 3398 profecto,
1100 3323 1133 3381 id
1146 3323 1229 3396 qood
1244 3319 1401 3381 Petscoios

102 3424 214 3493 nituit,
245 3423 356 3482 torona
383 3425 561 3493 statuenda;
589 3423 748 3498 iependnm
776 3433 820 3484 est
846 3427 1003 3484 nimirnm:
1032 3428 1112 3484 ‘nem
1140 3425 1168 3482 io
1192 3424 1286 3502 prima
1310 3422 1399 3482 decii-

103 3525 226 3584 natione
249 3525 404 3599 genetiuus
427 3533 457 3584 et
479 3524 596 3586 datiuus
618 3523 777 3603 singularis
801 3544 857 3586 uno
882 3531 966 3586 uoce’
991 3534 1048 3586 etc.

191 3644 220 3702 p.
244 3621 343 3694 2128,
369 3622 461 3687 12111
484 3629 588 3691 codice
610 3626 704 3688 Bern.
729 3626 858 3702 lepitar:
882 3629 926 3688 ‘ut
948 3629 993 3688 ias
1015 3627 1125 3688 ditione
1150 3626 1241 3696 tebo’,
1264 3635 1355 3687 recte.

191 3747 219 3804 p.
243 3723 344 3806 2142,
368 3725 403 3788 1;
433 3729 505 3789 ‘Con
534 3731 645 3810 pariter
673 3730 819 3808 significat
842 3740 874 3790 ut
896 3747 1004 3798 coneo,
1035 3740 1065 3791 et
1087 3729 1153 3790 ioco
1176 3747 1242 3790 cum
1266 3730 1399 3809 proposi·

104 3834 187 3892 itone
209 3831 352 3910 ponitur',
373 3849 432 3906 pro
454 3833 561 3907 onibus
581 3833 755 3906 lependnm:
778 3832 821 3891 ‘et
843 3830 990 3892 iocosum
1008 3832 1234 3912 praepositionis
1257 3832 1399 3908 ponitur?

192 3933 357 3992 Praeterea
378 3934 454 3992 naec
475 3939 641 3994 memorato
664 3935 759 4007 dipna
781 3933 1004 4010 excerpsimns:

191 4051 219 4112 p.
243 4029 341 4104 2015,
366 4033 382 4095 1
406 4035 575 4095 audiuimus
597 4042 626 4095 te
647 4034 817 4096 doctissime
887 4033 1061 4096 3osnnium
1085 4043 1163 4095 esset
1234 4033 1401 4095 iidiuicias
1466 4065 1472 4082 ·

105 4137 200 4199 seculi
282 4132 322 4197 10
343 4137 421 4214 quod
448 4145 526 4197 esset
604 4133 645 4197 36
668 4139 716 4216 qui
740 4136 821 4197 solos
843 4140 952 4198 exierit
1030 4133 1129 4208 2016,
1154 4133 1400 4197 6111111111111101111

105 4249 227 4322 propter
252 4257 351 4299 rerum
375 4241 548 4308 scientiam,
573 4248 695 4318 propter
718 4241 876 4318 puritatem
943 4237 962 4300 9
986 4250 1016 4300 et
1038 4259 1096 4301 non

191 4361 216 4421 p.
239 4338 334 4411 2011,
358 4338 376 4401 1
401 4340 568 4402 huiusmodi
591 4343 721 4403 rationes
745 4343 836 4401 irenis
859 4342 1024 4403 animarum
1046 4360 1153 4402 curros
1176 4342 1310 4402 coerceri
1360 4337 1402 4402 25

105 4448 221 4526 petitis,
245 4451 326 4505 recte
390 4440 432 4504 34
454 4445 572 4503 aestatis
595 4445 645 4520 qui
669 4452 765 4505 temen
832 4441 873 4505 38
897 4452 927 4503 et
949 4463 1036 4524 quem
1060 4462 1148 4522 soem!

191 4567 218 4626 p.
236 4541 329 4614 2018,
349 4544 388 4606 12
405 4547 509 4607 meiius
526 4547 607 4624 nitet,
631 4549 690 4621 lep.
708 4547 811 4614 nitent,
836 4549 918 4622 qnod
931 4549 1024 4607 medio
1041 4550 1141 4624 aptins
1163 4563 1252 4620 qnam
1276 4547 1400 4606 ‘ditant’

105 4647 246 4712 Paeonii
309 4645 351 4710 25
372 4649 449 4727 quoti
474 4649 678 4708 senissimae
701 4657 875 4709 ornamenta
899 4658 1052 4727 perpetus.
1129 4645 1169 4708 21
1192 4648 1312 4708 studere
1335 4667 1401 4708 sun-

104 4753 161 4813 deo
240 4747 283 4812 30
305 4753 429 4812 seientia
458 4751 564 4811 transit
642 4747 684 4809 42
710 4751 852 4829 perduret
929 4747 972 4811 45
1001 4749 1070 4811 dum
1099 4751 1271 4830 sapientiem
1301 4769 1401 4810 emere

105 4855 181 4917 nihil
203 4863 302 4934 potest

181 4971 280 5014 Gnn
292 4979 347 5012 m.
363 4971 445 5012 Smt.
1186 4970 1199 5005 1·
