3378 5550
709 365 830 418 SERGll
848 365 1154 418 EXPLANATIONES

951 551 1078 634 [Sergii]
1103 553 1324 632 explanationes
1346 556 1376 616 in
1401 555 1472 616 lion.
1499 553 1547 615 lib.
1571 555 1580 615 l

1113 654 1225 716 codicis
1247 656 1419 717 Lauautini:

290 754 358 816 dum
389 756 483 817 omnis
512 767 559 818 tua
587 757 754 819 substantia
783 758 922 821 distracta
950 766 1025 827 tern,
1056 766 1085 834 ot
1107 756 1180 818 diois
1202 755 1244 817 illl
1268 757 1384 835 ‘lege’2
1422 756 1582 837 obiurgasti

290 865 335 918 est
356 867 474 937 praeter
497 858 616 920 domurn
640 869 729 922 tuam.
948 859 1068 940 quidem
1092 877 1159 919 earn
1183 857 1404 939 neglegentem,
1429 860 1506 937 quod
1523 879 1581 921 non

948 961 1040 1038 legat,
1065 961 1192 1022 sednon
1215 961 1386 1032 ostendisti,
1410 961 1488 1042 quod
1512 981 1580 1042 pae-

949 1063 1029 1123 nitus
1057 1061 1130 1122 nibil
1159 1070 1242 1140 agat3
1280 1063 1327 1122 die
1348 1063 1464 1125 ‘saltim
1487 1063 1580 1144 lege’,

948 1160 1101 1224 ostendisti
1129 1162 1280 1226 bominem
1310 1167 1340 1226 in
1369 1165 1507 1228 omnibus
1531 1185 1580 1225 ne-

948 1263 1131 1344 glegentem,
1156 1265 1223 1326 ‘nec
1247 1265 1318 1328 illud
1341 1286 1396 1328 nec
1412 1266 1483 1328 illud
1508 1270 1579 1346 agis,

947 1366 1043 1427 saltim
1067 1367 1123 1427 boo
1146 1385 1214 1446 age,
1239 1367 1335 1430 saltim
1358 1367 1447 1446 lege'.
1475 1369 1579 1432 Addita
1650 1350 1656 1362 ’

948 1469 1021 1529 haec
1044 1470 1214 1530 coniunctio
1237 1469 1367 1550 expleuit
1389 1469 1478 1541 illud,
1501 1471 1578 1552 quod

899 1625 903 1636 .
947 1572 1045 1632 minus
1067 1579 1140 1631 erat.

332 1693 361 1753 p.
388 1673 463 1744 157,
486 1671 591 1735 6-28
613 1675 743 1738 Causalis
766 1685 823 1747 est,
848 1696 919 1756 quo·
991 1691 1019 1752 p.
1042 1669 1120 1742 516,
1143 1669 1373 1736 20-3211ner
1397 1674 1529 1737 causales
1551 1686 1581 1737 et

291 1777 367 1838 tiens
394 1776 431 1837 de
462 1795 548 1838 causa
577 1775 715 1856 loquitur.
760 1779 852 1840 Causa
876 1787 921 1840 est
948 1773 1106 1836 rationales
1139 1773 1264 1836 inultum
1298 1777 1431 1837 interest.
1481 1777 1580 1838 Primo

290 1878 377 1948 baec,
407 1879 432 1940 si
460 1879 555 1940 debeo
578 1879 713 1940 occidero
741 1879 839 1951 illum,
870 1890 921 1942 ant
947 1878 1022 1937 seire
1060 1875 1201 1937 debemus
1238 1876 1316 1938 aliud
1353 1896 1418 1939 esse
1450 1897 1578 1949 causant,

290 1989 320 2041 ιιι
343 1979 442 2042 tollam
467 1984 494 2042 ei
522 1981 732 2052 hereditatem,
763 1992 813 2043 aut
841 1983 919 2063 quod
947 1976 1025 2039 aliud
1048 1979 1201 2038 rationem.
1233 1980 1325 2040 Causa
1349 1989 1408 2048 est,
1432 1998 1507 2058 quae
1529 2001 1577 2042 co-

288 2084 427 2143 inimicus
444 2082 516 2145 milri
533 2092 586 2144 est.
617 2083 701 2144 lluno
724 2085 749 2144 si
772 2085 918 2156 occidero,
946 2081 989 2158 git
1013 2079 1048 2140 ad
1073 2078 1183 2157 aliquid
1207 2079 1390 2150 laciendurn.
1413 2084 1497 2151 ratio,
1522 2102 1578 2162 qua

288 2193 318 2244 et
340 2184 448 2245 carebo
469 2187 599 2246 ininrico.
637 2186 706 2246 ldeo
722 2185 828 2245 elicitur
851 2205 919 2248 cau·
948 2183 1059 2243 utimur·
1082 2183 1111 2242 in
1136 2183 1286 2243 iaciendo:
1311 2193 1435 2263 utputa
1459 2185 1483 2245 si
1499 2185 1579 2247 dicas

205 2315 209 2324 ·
288 2286 366 2356 salis,
378 2287 456 2367 quod
470 2306 505 2348 eo
515 2295 649 2367 lantpero
661 2290 791 2368 ponitur,
802 2290 918 2368 quando
947 2283 1061 2344 ‘occido
1085 2281 1236 2346 borntnern
1259 2294 1289 2345 et
1311 2283 1382 2346 tollo
1404 2287 1468 2347 eius
1491 2287 1578 2348 bere·

289 2388 325 2448 de
348 2407 436 2450 causa
459 2388 617 2468 loquimur.
948 2387 1088 2448 ditateur'
1111 2404 1198 2448 causa
1222 2395 1276 2449 est.
1319 2387 1404 2448 llatio
1433 2397 1491 2458 est,
1521 2409 1579 2469 qua

329 2490 508 2562 Rationalis,
538 2491 654 2572 qnando
685 2490 795 2574 aliquid
825 2492 917 2574 loqui·
946 2490 1013 2565 quis
1041 2489 1135 2548 utitur
1163 2489 1193 2548 in
1223 2489 1374 2550 l'acirndo:
1403 2509 1461 2570 quo
1490 2490 1579 2550 modo

287 2592 415 2652 morde
439 2595 564 2654 ratione.
609 2594 709 2672 Longe
738 2597 815 2660 eninr
838 2595 917 2657 aliud
946 2607 1013 2650 euru
1036 2589 1131 2650 debeo
1154 2589 1309 2650 occideret
1348 2608 1464 2653 treneno
1486 2593 1578 2664 lerro,

288 2703 332 2755 est
347 2713 450 2764 cansa,
473 2695 553 2757 aliud
569 2699 659 2766 ratio,
682 2697 758 2758 idest
773 2717 832 2778 quo
847 2698 917 2776 quid
946 2711 999 2771 per
1022 2691 1150 2752 mediant
1174 2701 1308 2768 noctem,
1331 2713 1385 2772 per
1405 2695 1493 2763 diem,
1518 2711 1579 2772 ιμιο

287 2796 441 2877 conpellor
469 2797 578 2859 lacere.
628 2799 719 2860 Causa
749 2809 808 2868 est.
843 2819 918 2880 qliae
946 2796 974 2854 in
1009 2793 1092 2854 ¹0⁰0?
1136 2791 1278 2863 Quotiens
1312 2814 1384 2873 ergo
1416 2796 1453 2856 de
1489 2815 1578 2858 causa

287 2916 342 2960 nos
371 2898 463 2959 trabit
484 2900 519 2959 ad
545 2883 720 2962 laciendum.
765 2902 850 2962 llatlo
875 2913 919 2964 est
947 2896 1089 2976 loqueris,
1121 2894 1230 2957 causali
1254 2905 1353 2973 ulem
1381 2900 1519 2978 quttllens
1541 2898 1579 2959 do·

287 2999 392 3062 modus
416 3000 557 3071 laciendi,
585 3002 661 3064 idest
683 3023 741 3083 nuo
756 2987 833 3083 'quid
858 3007 918 3065 elli·
946 2999 1067 3067 talione,
1091 2996 1228 3058 rationali
1244 3007 1344 3067 utare;
1369 3001 1408 3062 ‘si
1423 2999 1504 3060 illurn
1528 3019 1578 3061 oo·

286 3103 396 3171 riatur,
428 3111 461 3162 ut
482 3113 551 3182 [ruta
575 3105 730 3166 ‘iniuriens
752 3125 836 3168 meus
859 3115 918 3176 est;
946 3099 1057 3168 eldam.
1094 3097 1166 3159 tollo
1194 3101 1259 3162 eius
1288 3100 1513 3162 hereditatem’:
1552 3105 1578 3162 si

286 3204 389 3264 occido
418 3202 499 3264 illurn
535 3213 657 3285 propter
690 3206 917 3270 hereditatenr':
946 3200 1071 3263 causalis
1093 3209 1154 3270 est,
1183 3201 1259 3262 hane
1282 3203 1380 3265 dixisti
1404 3205 1446 3275 siz
1469 3202 1578 3264 ‘tlssltffl

286 3305 359 3366 liaeo
388 3323 491 3374 eansa;
521 3307 591 3368 ‘sed
620 3308 700 3370 solus
723 3308 817 3369 dobeo
841 3311 917 3370 oct-i-
947 3322 1063 3364 ueneno
1086 3302 1238 3378 occidere,
1267 3303 1362 3364 debeo
1385 3303 1474 3374 olam,
1505 3325 1578 3384 ergo

286 3407 374 3480 der03
399 3427 513 3475 uereor,
538 3410 562 3468 si
585 3428 642 3471 non
664 3411 918 3472 ςοιηςηρὴροῃρ.
945 3404 1076 3466 latobo’:
1121 3407 1259 3484 quoniam
1298 3423 1368 3484 ergo
1405 3407 1576 3468 coniunctio

285 3509 401 3580 cidere,
432 3528 469 3570 ne
493 3510 730 3590 deprehendar':
762 3513 834 3573 liaeo
858 3533 918 3575 non
944 3507 1096 3568 rationalis
1133 3515 1193 3576 est,
1231 3507 1307 3568 bene
1343 3509 1451 3568 dixisti.
1500 3507 1578 3570 lllurl

286 3629 387 3681 causa,
417 3611 468 3673 sed
499 3614 573 3673 ratio
597 3623 649 3676 est.
696 3615 774 3693 Ergo
800 3616 1043 3717 ‹litandoitauten
1067 3611 1145 3670 sciro
1167 3609 1324 3681 debemus,
1349 3609 1581 3687 quodnbisuut

285 3712 322 3772 de
342 3715 459 3774 ratione
481 3714 638 3795 loquimur,
668 3717 840 3778 rationalem
865 3712 1119 3798 lto-'rationales
1148 3712 1235 3771 etiarn
1265 3711 1398 3774 causales
1421 3731 1486 3775 esse
1508 3733 1578 3793 pos·

285 3815 382 3875 uiurus
426 3818 678 3888 coniunctionum
719 3820 837 3899 eluendo
880 3820 917 3880 do
944 3822 1027 3880 sunt;
1052 3812 1102 3873 nbi
1117 3823 1217 3875 aulem
1233 3813 1365 3876 causales
1380 3825 1462 3884 sunl,
1487 3821 1578 3876 ralio-

287 3935 389 3988 oansa,
421 3918 553 3980 rausales
581 3921 813 3982 coniunctiones.
858 3913 1025 3983 Sedtnales
1057 3935 1122 3977 esse
1156 3935 1214 3976 uon
1245 3925 1380 3994 possunt·
1432 3917 1467 3978 El
1499 3921 1578 3979 ratio

284 4021 360 4078 scire
395 4019 502 4089 debes,
540 4022 618 4098 iltrod
650 4021 718 4082 lieet
748 4022 834 4082 uobis
861 4000 1098 4128 pro'maottena
1128 4027 1188 4088 est,
1223 4020 1290 4096 quia
1321 4017 1373 4080 ubi
1402 4029 1447 4082 est
1476 4039 1577 4090 eausa.

284 4120 478 4184 rationalibus
501 4122 760 4183 coniunctionibus
784 4126 825 4184 uti
847 4145 915 4187 eau·
945 4137 1002 4179 ¹¹0⁰
1032 4122 1132 4181 sittim
1160 4122 1237 4181 inest
1271 4122 1360 4192 talio,
1399 4123 1448 4183 ubi
1476 4132 1578 4185 auteur

206 4210 214 4230 ⁸
284 4221 375 4290 sales;
409 4242 462 4303 pro
491 4205 659 4312 eausalibus
686 4243 844 4303 uurnquarn
874 4229 916 4288 uti
943 4231 989 4282 est
1011 4226 1101 4291 ratio,
1125 4223 1183 4282 iam
1206 4223 1261 4284 luit
1282 4242 1380 4285 causa.
1411 4227 1460 4299 Cf.
1475 4226 1582 4288 Seruii

284 4324 452 4388 rationales.
490 4324 653 4390 Rationalis
677 4335 721 4389 est
742 4329 842 4406 igitur.
867 4329 914 4391 ubi
942 4327 1095 4386 comnia
1110 4327 1187 4386 Dore.
1198 4343 1232 4402 p.
1251 4334 1319 4396 418,
1338 4333 1472 4387 17—23:
1495 4329 1579 4389 luter

284 4435 328 4486 est
355 4431 445 4508 rati03
482 4428 607 4490 causalis
638 4437 697 4506 est,
734 4430 841 4492 sifnbi
872 4442 916 4494 est
942 4426 1073 4488 causales
1102 4436 1131 4488 et
1159 4427 1316 4489 rationales
1350 4428 1406 4488 troc
1440 4432 1578 4502 interest,

284 4547 386 4595 eausa;
409 4527 534 4609 †igitur
558 4539 654 4608 potest
678 4533 747 4612 poni
771 4535 795 4593 si
819 4533 867 4593 nbi
891 4537 915 4595 si
942 4528 1019 4604 quod
1051 4539 1121 4590 tuno
1153 4533 1265 4591 utiniur
1296 4530 1477 4604 causalibus,
1507 4553 1577 4595 euru

284 4649 342 4690 non
358 4639 456 4718 potest
475 4634 561 4710 potin
585 4634 674 4711 igitur·
690 4633 739 4694 ubi
756 4645 800 4696 est
815 4655 913 4717 causa,
942 4629 978 4689 de
994 4647 1080 4692 causa
1096 4630 1256 4712 loquimur,
1280 4643 1350 4696 tuno
1370 4635 1577 4713 rationalibus,

283 4733 520 4794 coniunctionem
551 4735 723 4797 rationalem
748 4757 806 4798 arou
830 4750 914 4818 putes
942 4751 1006 4794 eunt
1037 4732 1073 4792 ¹¹0
1102 4736 1224 4798 tallone·
1270 4741 1364 4800 Causa
1392 4749 1438 4801 est
1465 4750 1576 4811 aulem.

282 4852 412 4914 ponere:
443 4836 519 4912 quod
544 4839 568 4898 si
592 4837 641 4898 ubi
664 4848 709 4900 est
732 4842 821 4909 ratio,
846 4856 1015 4918 cau-lquao
1039 4857 1095 4899 nos
1116 4841 1242 4920 inpingit
1271 4841 1316 4918 ad,
1330 4840 1440 4922 aliquid
1464 4844 1576 4904 lacien-

396 621 446 664 ars
468 603 628 668 bernensis
650 605 715 665 cod.
737 573 816 666 '2072
