3346 5558
626 357 871 414 unaunsrrcr.
1359 361 1399 424 47

105 544 157 607 sed
176 542 332 626 pluraliter
353 562 413 606 non
436 543 553 606 dieitur.
592 545 646 607 llio
669 543 752 607 locus
773 545 848 607 dicis
870 563 980 625 genere
1003 545 1167 608 masculino
1189 547 1314 614 ethaeo
1336 548 1399 611 loca

105 665 213 731 genere
241 655 358 709 neuuo.
403 645 452 707 Sic
480 645 555 710 diois
584 654 614 708 et
638 647 722 710 iocus
749 657 779 710 et
806 648 870 709 ioca
898 647 1067 726 pluraliter,
1097 647 1146 711 hie
1168 667 1268 712 armus
1289 668 1400 729 genere

106 748 267 812 masculino
295 757 324 809 et
351 747 384 808 hi
410 749 485 810 armi
514 748 551 812 de
578 767 662 811 armo
696 757 726 810 et
747 767 807 811 non
830 749 867 810 de
889 750 1006 811 ‘armat
1051 749 1123 812 Nam
1147 768 1229 813 arma
1251 751 1289 814 de
1311 755 1401 814 armis

105 852 202 913 neutri
235 850 355 929 generis
390 849 548 930 pluraliter
584 849 739 922 dicuntur,
777 850 960 930 singularem
992 871 1151 914 nunterum
1184 871 1245 915 nou
1277 852 1398 916 habent.

82 951 182 1032 5[lliei
203 950 293 1014 teter
314 953 393 1013 iuter
414 970 489 1032 quos
511 959 541 1014 et
561 955 640 1014 inter
661 971 753 1033 quas,
776 954 854 1014 inter
876 961 993 1015 ceteros
1015 962 1044 1015 et
1066 956 1147 1016 inter
1168 962 1299 1026 ceteras,
1323 957 1400 1018 inter

105 1052 233 1134 reliquos
261 1062 291 1115 et
318 1054 398 1114 inter
424 1050 569 1133 reliquas,
600 1055 667 1132 qula
694 1056 774 1122 inter
801 1056 981 1137 praepositio
1004 1064 1050 1118 est
1071 1075 1157 1118 casus
1178 1063 1292 1118 tantum
1313 1075 1400 1118 accu-

105 1154 211 1236 satiui]
262 1155 317 1216 llic
347 1154 424 1216 liber
457 1155 648 1234 singulariter
676 1156 833 1218 dicendum
863 1165 909 1218 est
936 1164 967 1218 ct
993 1155 1023 1216 lri
1052 1157 1120 1218 libri
1148 1156 1319 1238 pluraliter,
1352 1158 1401 1220 hic

105 1275 207 1318 stersus
228 1266 259 1317 et
280 1256 313 1316 hi
334 1273 455 1327 cursus,
479 1256 554 1319 haec
575 1257 673 1320 tribus
696 1266 726 1318 et
747 1258 802 1321 lrae
824 1257 937 1330 trihus,
960 1257 1035 1320 haee
1050 1277 1156 1321 manus
1170 1270 1200 1322 et
1214 1258 1270 1322 hae
1285 1277 1400 1330 manus,

104 1358 150 1420 hic
171 1367 351 1440 conspectus
374 1366 404 1420 et
424 1359 456 1420 lai
478 1368 671 1440 conspectus,
695 1359 743 1420 hic
766 1360 853 1422 lletus
875 1359 956 1422 ethi
978 1360 1079 1432 lictus,
1102 1359 1248 1442 ploratus,
1271 1359 1401 1423 ululatus

75 1472 94 1510 ¹⁰
104 1463 226 1538 gemitus
254 1469 285 1521 ct
312 1460 359 1522 lais
387 1460 495 1522 similia
524 1469 554 1522 et
581 1462 695 1523 iaciunt
723 1462 854 1524 datiuum
881 1460 1062 1540 singularem
1084 1462 1168 1524 lletui
1189 1465 1312 1542 gemitui
1333 1462 1399 1524 ulu-

104 1558 172 1623 latui
199 1561 329 1643 ploratui
357 1547 531 1642 conspectui
559 1565 660 1624 manui
687 1563 788 1625 cursui
815 1561 930 1642 gradui.
975 1563 1147 1626 Cauendum
1176 1572 1236 1634 est,
1266 1583 1304 1626 ne
1332 1565 1401 1642 quis

105 1663 179 1726 dicat
200 1664 294 1742 grada
316 1682 403 1726 curra
426 1665 619 1743 aquaeducto.
662 1663 762 1728 ltltare
790 1664 889 1746 apla‘rc
912 1664 1068 1727 cochleare
1090 1665 1148 1727 dici
1171 1665 1268 1728 debet.
1307 1666 1400 1728 Vesti-

104 1775 234 1828 mentum
248 1774 292 1828 ¹et
320 1767 496 1828 uestimenta
529 1766 704 1836 neutraliter
732 1766 790 1828 dici
818 1766 942 1838 debent,
977 1767 1056 1847 quod
1084 1769 1143 1829 uiri
1172 1766 1296 1837 habent,
1331 1786 1399 1829 nam

104 1867 227 1930 leoninae
250 1887 310 1948 quo
332 1877 467 1938 utuntur,
496 1868 570 1930 haec
597 1871 690 1930 uestis
716 1868 826 1931 dieitur
855 1877 884 1930 et
910 1869 966 1930 lrae
994 1877 1093 1932 uestes
1115 1869 1265 1932 dicuntum
1310 1868 1400 1930 Fides

76 1971 143 2029 asic
171 1969 330 2031 adnotatur
352 1978 382 2030 et
403 1969 549 2050 pluralem
572 1988 731 2033 numerum
754 1988 813 2032 non
836 1971 942 2043 habet,
971 1970 1051 2049 quod
1074 1971 1164 2033 credo
1187 1970 1331 2033 diuinitus
1353 1972 1398 2032 in·

104 2073 258 2151 spiratum,
288 2079 321 2132 ut
347 2071 427 2151 quod
454 2089 513 2134 ona
541 2080 601 2144 est,
631 2090 707 2150 quae
735 2072 818 2134 credi
846 2073 954 2136 debeat
982 2079 1010 2134 et
1039 2077 1151 2144 teneri,
1181 2080 1211 2134 et
1232 2073 1262 2134 in
1284 2074 1399 2134 ratione

105 2172 264 2235 Latinitatis
291 2172 486 2250 singulariter
514 2175 675 2236 diceretur.
720 2173 799 2236 lliois
821 2176 901 2236 enim
924 2174 974 2236 lric
995 2174 1105 2253 gradus
1128 2181 1157 2235 et
1178 2173 1267 2238 huius
1288 2173 1400 2254 gradus

105 2273 168 2336 herio
196 2275 317 2354 gradui.
345 2275 389 2337 sle
417 2285 447 2338 et
473 2277 504 2337 io
532 2277 675 2339 feminino
704 2278 825 2338 nomine
853 2276 986 2338 dicturus
1015 2295 1046 2338 es
1075 2275 1150 2338 haec
1177 2276 1294 2356 domus,
1311 2273 1399 2338 huius

105 2375 206 2438 domus
240 2377 311 2438 licie
343 2377 445 2439 domui
477 2386 507 2440 et
532 2378 717 2459 reliquorum
745 2397 868 2441 casuum
896 2380 993 2439 omnis
1020 2386 1065 2440 est
1091 2377 1201 2440 slmilis
1229 2376 1398 2440 declinatio.

75 2477 182 2540 soliano
215 2477 349 2558 regulam
382 2481 414 2541 in
447 2478 645 2542 declinatione
675 2479 788 2543 habent
814 2481 955 2542 feminina
985 2481 1126 2542 similiter
1153 2481 1288 2550 nomina,
1322 2479 1401 2540 idest

106 2579 196 2640 tribus
218 2587 247 2641 et
269 2599 375 2642 manus
397 2591 427 2642 et
448 2599 529 2643 acus.
572 2582 606 2643 ln
628 2582 797 2644 adnotando
819 2600 894 2644 nero
916 2582 992 2644 haec
1012 2584 1089 2644 ratio
1114 2589 1172 2642 est:
1202 2579 1276 2644 dicis
1304 2583 1399 2642 nomi-

106 2681 201 2742 natiuo
229 2701 299 2744 casu
329 2683 378 2744 hic
405 2701 512 2749 currus
540 2685 669 2761 mugitus
691 2703 811 2754 sensus,
839 2682 976 2746 similiter
998 2702 1053 2764 per
1074 2703 1094 2744 u
1115 2683 1308 2745 scribendum
1332 2683 1398 2746 erit.
1438 2673 1445 2685 '

16 2825 17 2834 ι
105 2783 149 2844 Sic
175 2784 282 2846 domus
308 2802 413 2846 manus
436 2803 507 2847 acus
529 2785 632 2847 tribus.
677 2786 752 2848 Nam
774 2785 843 2847 alibi
866 2793 978 2847 mutato
1001 2785 1105 2847 ordine
1128 2784 1320 2847 scribendum
1342 2793 1397 2845 ost.

105 2884 179 2948 lliois
201 2887 329 2948 enimin
351 2887 537 2949 nominatiuo
552 2885 601 2950 hic
616 2889 702 2950 locus
723 2905 826 2950 murus
848 2888 953 2949 lornus
976 2885 1073 2967 [locus
1095 2884 1255 2968 secretus}
1301 2887 1398 2948 Focus

76 3005 154 3065 sper
169 3007 188 3048 u
204 2987 397 3050 scribendum
412 2998 471 3051 est:
495 3007 564 3052 nam
587 2987 615 3050 si
636 2989 747 3052 dixeris
768 2987 876 3070 plurali
898 3007 1025 3051 nurnero
1047 2990 1217 3052 accusatiuo
1240 2989 1295 3050 hos
1316 2989 1399 3049 iocos

107 3107 202 3151 muros
233 3090 353 3162 lornos,
384 3109 438 3171 per
466 3109 484 3152 ο
510 3090 703 3154 scribendum
737 3093 803 3154 erit
856 3092 928 3154 Nam
963 3090 1147 3170 ulnamella
1175 3093 1322 3154 tramenta
1352 3091 1398 3152 uel

107 3189 226 3262 lrordea,
250 3193 327 3254 siout
348 3211 438 3272 supra
460 3193 601 3263 diximus,
624 3192 683 3254 sibi
703 3194 758 3254 ista
780 3202 886 3273 poetae
908 3201 1012 3255 eona-a
1027 3195 1171 3255 rationem
1189 3195 1263 3253 artis
1276 3201 1399 3271 propter

16 3335 18 3352 ‚
107 3301 264 3355 nouorum
290 3295 526 3373 conpositionem
549 3303 727 3374 posuerunt,
756 3296 823 3375 quia
845 3313 894 3356 ars
920 3304 1016 3364 uetst,
1044 3313 1148 3364 omne.
1176 3293 1255 3374 quod
1278 3294 1398 3373 pensari

16 3403 18 3466 t
107 3403 198 3474 potest
212 3394 260 3458 uel
276 3399 459 3467 mensurari,
483 3396 594 3458 habere
611 3395 754 3476 pluralem
771 3415 939 3459 numerum.
969 3396 1158 3474 Vergilius
1178 3395 1265 3458 dixit:
1289 3395 1398 3456 mello

116 3585 130 3589 -.
145 3584 328 3592 --.——-..-·

168 3703 251 3752 luen
270 3698 342 3751 dit
396 3703 483 3768 generi
501 3699 683 3751 masculinum
752 3702 831 3762 atrii,
849 3702 991 3768 semperd
1061 3699 1150 3752 enisi
1168 3699 1396 3750 debet-tautum

16 3771 17 3788 ¹
108 3771 238 3820 aecusatiui
257 3770 409 3836 nescioquo
426 3771 499 3821 modo
517 3785 553 3820 ese
571 3785 601 3820 eo
619 3776 740 3832 tractatu,
759 3786 808 3836 quo
820 3773 906 3836 agitur
923 3771 956 3820 de
973 3770 1178 3835 praepositione,
1196 3769 1244 3819 lieo
1260 3785 1398 3834 perperam

16 3885 17 3888 ,
108 3837 186 3889 delata
202 3853 259 3890 erse
276 3837 405 3902 addentur,
424 3844 585 3904 quopropter
601 3839 700 3888 camnis
717 3839 760 3889 illa
777 3839 942 3889 circumdedi.
1030 3839 1061 3887 10
1079 3837 1193 3885 datiuum
1212 3839 1235 3886 Α
1305 3840 1336 3887 tt
1354 3851 1396 3888 co-

16 3907 17 3912 ’
107 3904 179 3956 cleore
196 3908 219 3954 Α
302 3906 334 3956 ta
352 3905 483 3971 pluraliter
500 3905 549 3955 diei
567 3915 653 3971 potest
671 3905 740 3968 quod
759 3906 807 3954 nirl
825 3905 957 3956 ltabeutB
1028 3905 1058 3954 14
1078 3903 1171 3954 lemine
1189 3907 1213 3956 A
1265 3904 1397 3968 qulbusB

16 3983 17 4000 ³
108 3971 162 4024 lldee
180 3975 217 4024 sic
234 3972 378 4024 declinatur
395 3973 519 4040 pluralem
537 3973 710 4024 numerumB
796 3975 828 4024 15
853 3974 1004 4040 inspiratum
1028 3983 1066 4022 est
1084 3984 1111 4022 ut
1128 3973 1189 4035 quia
1209 3987 1259 4023 une
1276 3985 1316 4024 est
1332 3987 1399 4036 quac

107 4075 167 4124 credi
183 4051 296 4126 datlen
385 4077 417 4126 16
434 4089 500 4138 quae
517 4077 606 4126 med
674 4075 816 4126 recloueB
903 4077 935 4126 l‘l
955 4074 997 4124 lric
1015 4073 1111 4140 grados
1130 4073 1206 4124 liuius
1225 4074 1321 4138 gradus
1339 4073 1398 4124 lruio

16 4183 17 4194 ,
108 4144 190 4206 gradui
205 4143 276 4194 hunc
293 4141 402 4209 gradum
421 4157 435 4192 ο
454 4143 551 4206 gredns
569 4143 601 4193 ab
620 4142 670 4192 lroo
687 4144 769 4209 gradu
786 4144 824 4194 sic
841 4153 866 4194 et
882 4144 908 4192 in
927 4143 1050 4192 leminino
1068 4157 1161 4208 genere
1183 4141 1248 4192 dicis
1271 4141 1334 4192 liaeo
1351 4141 1398 4192 do·
1478 4193 1481 4200 ,

107 4223 156 4260 mua
174 4211 250 4262 huius
267 4211 363 4262 domus
378 4210 438 4260 huie
454 4211 543 4260 domui
561 4210 627 4260 hene
645 4211 750 4261 domum
769 4226 785 4261 o
803 4211 896 4262 domus
918 4211 950 4261 ab
968 4211 1016 4260 hae
1038 4211 1117 4262 domu
1135 4209 1275 4272 cereliqua
1294 4210 1397 4259 nomina

16 4271 17 4282 ¹
109 4275 189 4328 horum
210 4293 319 4330 msnnm
341 4277 371 4328 B.
408 4279 472 4330 Post
492 4279 555 4330 llaec
577 4284 632 4330 loco
654 4295 753 4344 conca,
777 4295 842 4346 quae
862 4295 945 4345 repro
965 4293 1045 4345 ecque
1066 4279 1103 4329 od
1119 4279 1196 4342 finem
1217 4283 1344 4328 tractatus
1365 4279 1398 4328 de

16 4349 17 4352 ’
109 4352 196 4399 nouae
211 4349 300 4413 ponda
316 4353 389 4410 unt,
411 4349 438 4397 in
455 4345 476 4395 B
494 4349 531 4396 nll
546 4349 596 4397 niel
612 4347 660 4398 doc
676 4350 782 4412 legitur:
806 4358 831 4398 et
849 4362 906 4398 cum
928 4347 1025 4397 dixeris
1047 4345 1089 4396 lale
1111 4345 1208 4411 gradus
1225 4345 1288 4394 haec
1305 4360 1397 4395 manus

109 4409 162 4464 haee
178 4416 268 4466 domus
287 4429 334 4482 per
352 4431 368 4464 u
386 4414 547 4465 scribendum
566 4416 614 4464 erit
630 4415 751 4465 aimellter
768 4414 859 4482 plurell
882 4429 988 4465 numero
1007 4429 1053 4480 per
1071 4429 1087 4462 ιι
1105 4413 1212 4464 litteram
1236 4412 1397 4463 scribendum

16 4504 17 4523 ι
109 4491 149 4534 est.
181 4482 244 4533 Naro
257 4482 318 4533 alibi
331 4493 430 4532 muteto
448 4481 536 4533 ordine
554 4483 681 4534 scribitur.
700 4483 764 4534 diois
783 4484 851 4533 enim
869 4483 1028 4533 nominatius
1052 4481 1093 4530 lrlo
1110 4480 1183 4530 locus
1201 4496 1289 4531 rnurus
1308 4496 1354 4547 per
1372 4497 1397 4530 u.

16 4555 17 4578 ³
110 4561 161 4598 uam
177 4551 268 4616 plurali
289 4566 396 4666 guntero
418 4552 567 4601 accusatiuo
589 4565 651 4634 casu
673 4551 722 4632 hos
745 4553 817 4602 locos
840 4551 887 4602 hos
906 4565 994 4600 muros
1012 4565 1058 4615 per
1076 4563 1090 4600 o
1109 4548 1223 4666 Ιὶιιειριιι
1236 4549 1396 4631 scribendum

16 4699 17 4702 ¹
110 4617 234 4737 llltalrla
245 4617 287 4737 pel
293 4616 483 4751 rellfſtrflllrloe
499 4620 898 4754 effollrllplllalllrlfs'tngllllt
907 4619 1398 4737 lillrlllelllcltlllllrsmmurrlffopgrls¹532.

16 4755 17 4764 ¹
109 4751 139 4802 25
153 4757 336 4806 aeeusotibod
422 4757 454 4806 tt
477 4755 516 4806 sic
537 4769 618 4822 supra
635 4759 658 4806 Α
726 4757 760 4807 28
783 4769 891 4822 pensare
913 4757 937 4803 A
993 4756 1038 4824 ,29
1061 4768 1208 4804 mensurare
1231 4755 1254 4804 Α
1322 4754 1397 4805 mella

111 4819 195 4888 llmmt]
226 4823 303 4889 Verp.
323 4823 381 4875 tet.
402 4823 453 4874 111
470 4826 504 4873 89
520 4822 595 4874 mella
613 4823 694 4873 derant
710 4823 754 4872 llll.
