3316 5566
623 315 833 368 Bennensrs.
1335 315 1375 378 87

98 509 241 568 uarietates
268 509 414 568 oriuntur.
460 507 533 568 ltlii
568 508 646 567 euim
678 508 808 586 quinque
831 507 987 566 aestimant
1014 503 1175 567 allatiuum
1203 502 1374 574 abicientes,

96 611 160 668 sieut
185 619 213 669 et
241 609 361 678 Graeci,
396 609 463 690 quia
493 608 535 670 illi
566 607 727 668 ablatiuum
750 626 809 668 non
839 607 958 670 liabent.
1005 606 1077 670 Alii
1109 626 1182 668 uero
1215 609 1373 687 septimum

96 729 181 770 tasum
203 709 333 773 adiciunt
356 713 386 771 iu
409 713 503 772 lorma
527 709 662 778 ablatiui,
687 711 738 788 qui
760 719 885 772 uocatur
907 711 1051 787 septimus
1073 727 1175 778 casus,
1205 717 1234 769 ut
1257 707 1374 786 ‘diguus

96 817 227 889 munere,
250 815 377 874 ‘mactus
400 815 532 874 uirtute’.
578 811 652 873 lilii
680 821 777 874 autern
806 815 894 874 etiam
923 819 1060 873 ocultum
1085 829 1185 872 casum
1209 810 1321 872 addunt
1342 813 1373 870 in

71 916 176 976 stum
198 915 303 984 datiui,
327 915 377 976 sed
401 933 519 976 sensum
544 915 706 975 aecusatiui
728 914 831 985 habet,
855 925 887 976 ut

545 1017 576 1078 lt
598 1016 741 1078 elamor
764 1015 882 1085 caelo,

95 1120 141 1180 hoc
155 1127 195 1180 est
210 1119 244 1180 ad
261 1117 384 1180 caelum.
415 1119 488 1180 ltem
504 1118 745 1198 interrogandum
762 1126 815 1193 est,
828 1137 921 1199 quare
937 1119 1138 1180 nominatiuus
1151 1118 1276 1180 dicitur?
1299 1119 1374 1189 Quia

95 1223 143 1282 uim
157 1220 326 1282 nominandi
342 1229 431 1290 tenet,
448 1228 479 1280 ut
494 1219 542 1281 liic
558 1222 614 1282 uir.
646 1220 718 1281 ltem
734 1223 893 1300 genetiuus
907 1239 999 1300 quare
1015 1219 1141 1281 dicitur?
1164 1221 1238 1291 Quia
1253 1240 1373 1282 sensum

95 1323 217 1401 giguendi
233 1331 263 1384 et
282 1321 454 1402 possidendi
471 1321 572 1392 lubet,
596 1329 628 1383 ut
643 1321 729 1384 liuius
753 1323 818 1382 uiri.
857 1323 906 1384 Sic
928 1322 1047 1383 datiuus
1062 1322 1171 1401 aliquid
1189 1326 1374 1385 extrinsecus

60 1437 83 1477 1⁰
95 1426 149 1486 addi
164 1427 354 1494 demonstrat,
366 1422 413 1485 uel
429 1424 622 1494 accederent
636 1423 684 1484 ‘da
701 1423 769 1485 lruic
786 1426 875 1486 uiro'.
891 1425 1083 1486 Accusatiuus
1094 1425 1154 1485 uim
1170 1425 1328 1487 accusandi
1345 1433 1374 1484 et

93 1539 176 1589 actum
189 1507 313 1590 alterius
329 1524 468 1600 declarat,
481 1527 563 1606 quasi
581 1527 708 1605 patiatur
724 1526 761 1587 alr
778 1545 827 1587 eo.
843 1575 848 1587 .
863 1575 870 1588 .
886 1575 891 1588 .
913 1528 1071 1588 Vocatiuus
1087 1529 1318 1588 nominationem
1336 1527 1371 1588 ed

94 1648 234 1707 personam
252 1629 387 1690 uocantis
402 1626 539 1698 ostendit,
556 1637 617 1689 uto
630 1631 685 1689 uir.
708 1627 861 1690 nbtauuus
876 1647 948 1690 uero
963 1628 1070 1708 aliquid
1087 1628 1266 1690 abstractum
1282 1631 1372 1706 signi·

94 1733 155 1805 irat,
171 1741 202 1792 ut
216 1730 253 1791 ab
268 1729 326 1791 hoc
342 1731 415 1792 uiro.
439 1729 480 1790 [le
496 1729 542 1791 lris
557 1739 655 1791 autem
671 1749 720 1791 sex
738 1730 854 1792 casibus
870 1731 1037 1791 isidorus
1054 1731 1138 1791 dicit:
1164 1731 1371 1793 Norninati-

95 1851 148 1894 uus
167 1851 269 1894 casus
286 1831 407 1892 dietus
430 1842 499 1902 est,
524 1833 606 1912 quia
623 1851 688 1912 per
704 1851 781 1893 eum
804 1832 960 1912 aliquem
985 1833 1230 1904 nominamus,
1255 1841 1297 1900 ut¹
1314 1833 1372 1894 lric

61 1945 81 1983 1⁵
95 1936 271 2010 uragister;
295 1935 511 2012 genetinus,
536 1935 618 2013 quia
643 1952 707 2014 per
730 1953 808 1994 eum
832 1953 945 2012 genus
968 1935 1236 2011 cuiuscumque
1258 1953 1370 2015 quae·

93 2039 208 2112 rimus,
241 2045 280 2097 ut
313 2035 420 2096 huius
453 2036 644 2114 magistri;
679 2036 841 2106 dutinus,
876 2037 960 2115 quia
988 2056 1054 2117 per
1084 2055 1163 2098 eum
1192 2055 1256 2097 nos
1285 2035 1371 2097 dare

93 2136 191 2198 alicui
211 2135 360 2216 aliquid
383 2136 686 2207 demonstramus,
711 2145 748 2197 ut
770 2136 823 2197 ‘da
847 2137 934 2198 lruic
958 2139 1166 2216 magistro’;
1191 2139 1372 2198 accusati·

94 2257 159 2308 uns,
185 2241 269 2317 quia
298 2257 364 2317 per
393 2256 471 2298 eum
501 2237 661 2316 aliquem
691 2256 921 2308 accusamus,
950 2249 988 2300 ut
1016 2257 1153 2300 accuso
1182 2239 1277 2300 lrunc
1300 2258 1370 2300 ma·

93 2343 239 2416 gistrum.
286 2339 344 2400 Sed
368 2338 424 2400 lroe
447 2358 506 2402 non
529 2348 609 2401 recta
632 2343 748 2401 ratione
771 2340 891 2401 dicitur:
922 2343 947 2402 si
970 2343 1049 2402 enim
1078 2341 1210 2402 dieamus
1238 2341 1371 2404 ‘laudate

61 2441 227 2504 ndomiuum
251 2450 280 2502 et
303 2443 488 2520 nragnilloaio
512 2447 603 2512 eum’,
628 2441 736 2504 nullam
760 2444 980 2504 accusationem
1004 2442 1101 2504 habet.
1148 2443 1222 2504 ltenr
1244 2445 1269 2504 si
1292 2443 1371 2504 dicu·

94 2563 145 2604 nus
165 2543 261 2605 'laudo
283 2543 363 2604 hunc
386 2545 583 2622 magistrurn',
612 2562 671 2604 non
700 2543 790 2605 habet
816 2547 1044 2607 accusationem.
1089 2545 1209 2606 liectius
1239 2564 1310 2624 ergo
1332 2547 1373 2606 ait

93 2647 355 2722 grammaticus:
385 2648 634 2708 Accusatiuus
657 2646 799 2707 dicitur
821 2645 889 2706 lroc
913 2656 969 2707 est
992 2649 1139 2708 autiuus
1162 2667 1275 2709 casus.
1321 2649 1372 2710 Eu
1419 2693 1420 2696 ,

94 2749 156 2807 euim
177 2747 301 2809 uerbum
324 2749 470 2810 Graecum
487 2767 608 2822 accuso,
634 2747 689 2808 lroc
706 2758 751 2809 est
765 2765 836 2826 ago,
861 2751 944 2810 euius
967 2749 1159 2829 praeteritum
1183 2751 1369 2830 participium
1392 2825 1396 2834 Ι

94 2858 127 2908 est
149 2858 313 2918 accusatus,
343 2852 482 2928 genetiuo
511 2850 639 2911 accusati
668 2848 764 2909 addita
794 2869 849 2911 uus
871 2849 981 2930 syllaba
1004 2851 1036 2911 lit
1064 2854 1264 2921 accusatiuus,
1293 2851 1371 2914 idest

62 2954 188 3014 nicenus
208 2970 311 3021 casus,
334 2970 370 3012 eo
393 2950 471 3028 quod
495 2950 588 3012 ueriro
612 2953 708 3012 aolino
723 2954 826 3013 seruit.
864 2951 940 3013 lliuc
955 2952 1079 3013 dieitur:
1104 2953 1231 3014 timriia
1255 2953 1369 3014 uerba

93 3055 199 3114 aetina
221 3063 256 3114 et
278 3053 507 3132 deponentia
531 3060 565 3112 et
587 3055 794 3116 eommunia
817 3056 990 3116 seruiunt
1012 3056 1231 3116 accusatiuo
1256 3057 1368 3125 casui,

93 3163 121 3212 ut
145 3154 248 3216 iubeo
281 3154 402 3224 illum,
434 3156 569 3216 inuoco
602 3151 721 3225 illuni,
760 3156 876 3217 doceo
909 3155 1150 3236 discipulum,
1188 3158 1369 3217 misereor

93 3274 271 3337 pauperes,
309 3257 437 3318 imitor
475 3256 603 3318 bonos.
648 3261 841 3320 Accusatiuus
872 3277 960 3338 ergo,
984 3258 1060 3321 sicut
1082 3257 1224 3328 diximus,
1253 3259 1368 3320 actious

92 3375 163 3419 rasus
188 3359 305 3426 dieitur,
341 3357 487 3420 diriuatus
509 3378 526 3420 a
549 3358 642 3419 uerlro
670 3361 785 3422 Graeco
808 3381 930 3429 accuso,
963 3360 1040 3439 quod
1064 3362 1276 3440 interpretatur·
1299 3379 1365 3439 ago.

63 3457 147 3520 otuu
168 3461 295 3522 Cicero
318 3459 406 3522 dixit:
431 3465 631 3530 Aeetisate,
656 3463 751 3541 quod
774 3470 913 3523 rectum
938 3472 1006 3533 est,
1030 3463 1086 3526 lroe
1110 3471 1154 3523 est
1168 3463 1254 3540 agite.
1293 3462 1366 3524 lteru

92 3559 273 3624 Terentius
296 3562 380 3623 dicit:
426 3561 546 3632 Quare
583 3579 654 3624 nou
692 3565 878 3626 accusatis
915 3566 1203 3644 paenitentiam,
1227 3564 1284 3624 hoc
1312 3572 1365 3633 est,

91 3679 164 3737 quare
186 3683 243 3725 non
266 3666 362 3742 agitis.
409 3665 566 3726 Vocatiuus
589 3682 681 3744 quare
702 3662 714 3746 ll
731 3665 750 3726 l.
767 3662 824 3726 92·
847 3663 858 3747 ΙΙ
880 3666 1005 3728 dieitur?
1049 3667 1122 3738 Quia
1146 3685 1200 3746 per
1223 3685 1290 3728 oum
1314 3664 1365 3728 ali·

91 3781 296 3794 ·-—————-—-

144 3847 311 3914 taliienim]
331 3849 439 3900 alienum
493 3850 623 3900 estimant·
680 3851 807 3901 tuirtutd
875 3852 934 3902 did
987 3851 1129 3917 italumor]
1156 3853 1234 3920 Verp.
1254 3855 1319 3906 Aen.
1343 3855 1369 3904 V

92 3917 129 3965 151
174 3919 225 3968 celo
288 3917 363 3967 illuc
382 3915 431 3983 uir]
452 3918 523 3966 incur
582 3922 613 3969 10
632 3917 683 3983 rael]
705 3931 731 3969 nt
788 3917 927 3984 liabeo]
949 3921 1366 4002 Postliaeoececiditeoeenrplurn

91 3988 216 4038 oeeuotiui.
298 3989 329 4036 13
349 3986 396 4034 uiri
448 3985 574 4050 isidorus]
594 3989 658 4050 erip.
676 3987 693 4036 I
712 3991 735 4050 d,
756 3991 791 4038 35
807 4004 860 4054 aeq.
930 3991 962 4039 14
979 4003 1025 4054 per
1044 4005 1116 4039 euum
1187 3993 1217 4040 15
1236 4007 1365 4053 querimus

92 4052 213 4103 liutdulr
232 4054 428 4119 buitmugistro
498 4057 529 4105 18
547 4069 641 4104 uocusu
704 4058 735 4105 21
754 4053 802 4120 eit]
821 4057 890 4122 apud
941 4054 1107 4123 gramaticus]
1131 4059 1295 4123 Virpiiiuep.
1313 4062 1366 4109 1311

90 4117 131 4169 ll:
145 4123 301 4172 accurentiuus
319 4137 395 4170 casus
414 4121 444 4170 ub
462 4121 510 4173 ltoe
529 4135 642 4184 riucutur,
660 4122 720 4185 quia
739 4125 815 4173 rrerbo
834 4124 920 4175 haeret
937 4127 1033 4174 eetluu:
1052 4138 1077 4175 et
1089 4127 1174 4176 iterius
1186 4127 1277 4190 dicam,
1290 4143 1365 4176 erectr-

90 4188 169 4256 sntiuua
186 4193 242 4255 ipsc
259 4191 358 4239 notium
376 4191 432 4242 erit.
500 4192 532 4242 23
550 4191 697 4256 preteritum
766 4194 799 4241 24
816 4193 1061 4243 aecusatiuoaddita
1128 4195 1161 4246 25
1180 4195 1242 4244 lliue
1261 4194 1362 4259 dieitur]

91 4253 318 4322 dementante,
328 4260 498 4322 centunculo,
511 4259 546 4322 ef.
557 4261 640 4310 I'ra'ee.
650 4259 687 4308 II
696 4275 724 4324 p.
734 4262 793 4322 2⁶⁷,
805 4262 845 4311 12.
857 4264 889 4310 19
940 4264 973 4311 26
991 4262 1072 4311 eetiun
1091 4273 1116 4311 et
1133 4263 1275 4311 demedinm
1295 4277 1364 4312 com-

93 4325 159 4374 nuuis
225 4328 257 4376 at
275 4327 308 4376 do
328 4341 357 4376 eo
427 4327 459 4376 ‘28
477 4328 576 4377 emittor
595 4327 676 4377 botius
745 4329 778 4377 29
796 4343 872 4393 greco
891 4344 995 4379 accesso
1064 4333 1197 4394 aoepcero
1249 4343 1365 4380 accusate

92 4389 115 4437 31
131 4396 256 4444 terrentius
308 4395 434 4444 accusatis
453 4395 626 4460 penitentium.
662 4395 701 4444 ue
719 4411 749 4446 eo
766 4398 821 4446 loeo
840 4399 874 4459 es.
889 4399 1021 4461 Virpr'tiurn
1039 4399 1107 4448 Maii
1121 4415 1149 4462 p.
1163 4401 1230 4449 135:
1247 4398 1364 4461 Plerique

92 4469 213 4510 nostrorum
230 4461 280 4513 hoc
299 4463 403 4511 uerbum
421 4462 595 4525 frequentent,
614 4463 663 4512 ltoe
681 4474 720 4512 est
736 4465 883 4514 necnsuudi.
918 4465 1005 4514 Cicero
1023 4467 1114 4515 etenim
1133 4467 1205 4516 dicit:
1233 4471 1364 4517 ‘accusate

91 4527 144 4582 quui
160 4539 250 4579 rectum
270 4533 329 4592 osv,
349 4531 415 4580 idest
432 4532 513 4596 agite;
542 4537 610 4595 etp.
630 4534 662 4582 18
680 4537 731 4582 not.
752 4533 940 4595 Gainfredieu
962 4533 1070 4597 Virpitio
1088 4543 1250 4599 excerptum:
1281 4538 1363 4584 Aecu-

91 4593 171 4646 satiuus
187 4597 218 4646 alr
235 4599 292 4648 aliis
310 4599 411 4648 uctinus
429 4609 543 4658 uocetur,
562 4600 620 4662 quia
632 4599 741 4664 Virgilio
759 4611 867 4650 testante
884 4617 899 4650 e
918 4601 994 4651 uerbo
1011 4617 1114 4666 eceitso,
1133 4603 1199 4652 idest
1214 4617 1275 4667 ego,
1295 4603 1362 4653 deri-

92 4673 157 4712 uatur.
179 4665 236 4716 ludo
248 4665 337 4717 Cicero
350 4666 411 4716 dicit
423 4677 470 4722 ete,
484 4695 514 4704 -
529 4667 577 4717 lroe
595 4679 633 4718 est
650 4669 736 4733 agitis.
775 4669 940 4730 Gainsredum
957 4673 1037 4732 ipsum
1055 4687 1104 4720 non
1122 4673 1247 4736 epistulae
1263 4675 1362 4736 primae

91 4727 153 4802 ζῡαω
167 4737 249 4786 nereio
266 4749 337 4799 quem
356 4751 421 4785 nune
437 4737 605 4800 deperditum,
622 4737 670 4786 aed
686 4738 810 4797 epitomae
824 4736 899 4786 VIII
908 4755 934 4802 p.
946 4740 998 4787 135
1010 4741 1159 4804 respexisse
1171 4741 1220 4788 ium
1231 4741 1264 4790 Α.
1276 4741 1362 4791 Muius

91 4801 195 4851 intellexit
212 4819 236 4866 p.
257 4805 309 4853 136
326 4811 379 4854 rtet.
449 4807 481 4855 32
499 4805 559 4868 quin
577 4802 710 4870 pereum]
730 4804 780 4856 uu
797 4805 897 4857 Ieidori
913 4807 1024 4869 delinitio
1042 4811 1059 4858 l.
1078 4809 1105 4873 i.‚
1124 4808 1159 4869 ef.
1179 4811 1283 4858 13-19
