3316 5566
287 381 349 444 116
622 349 632 366 ⁸
803 380 870 432 aes
888 380 1065 433 anourus

285 573 384 638 ninnt,
415 568 513 630 addita
541 575 585 629 tas
613 567 723 650 syllaba
752 586 842 649 super
869 569 1094 637 nominatiuum,
1118 575 1149 628 ot
1170 585 1285 648 pauper
1306 575 1482 648 paupertas,
1503 565 1569 626 uber

284 673 414 742 rrltertas,
437 681 523 732 uetus
546 679 690 740 uetustas:
715 669 871 750 aliquando
894 689 909 731 a
936 673 1137 751 coaeparatiuo
1167 673 1293 732 ueniunt
1320 678 1430 732 mutata
1459 689 1494 730 or
1520 668 1568 748 spl-

283 774 349 836 laba
378 777 407 834 in
438 793 470 835 es
498 781 525 834 et
555 772 653 834 addita
683 781 741 843 tas,
779 781 810 832 ut
837 774 932 832 maior
960 775 1110 842 maiestas,
1133 775 1156 847 †
1179 772 1273 834 bonor
1301 772 1456 842 bonestas;
1487 782 1568 831 anta

284 876 383 936 datiuo
406 875 546 954 singulari
570 876 673 936 tertiae
696 874 901 935 declinationis
924 874 1092 936 diriuantur
1114 873 1212 935 addita
1235 884 1284 935 tos
1305 874 1434 956 syllaba,
1459 880 1491 934 nt
1511 871 1568 932 lelir

283 977 377 1038 felicis
404 977 481 1036 latici
509 975 648 1047 felicitas,
679 978 722 1036 sic
750 977 849 1057 rapaci
878 979 1038 1057 capacitas,
1067 979 1166 1057 rapaci
1190 977 1351 1056 rapacitas,
1381 976 1478 1037 tenaci
1499 983 1589 1034 terra-s

283 1082 364 1148 citas,
389 1081 507 1158 procaci
532 1082 705 1158 procacitas,
731 1078 817 1138 addni
841 1079 984 1148 adlinitas,
1010 1078 1119 1140 inlldoli
1137 1078 1301 1144 inlidelitas,
1327 1076 1417 1138 celeri
1435 1076 1569 1139 celeritas,

282 1183 398 1242 auctori
426 1181 595 1241 auctoritas.
641 1180 750 1244 Neutra
778 1183 807 1240 in
836 1200 868 1240 as
894 1181 1106 1248 terminantur,
1137 1188 1168 1241 ut
1191 1180 1247 1240 boc
1270 1199 1322 1241 uas
1345 1181 1423 1240 uasis
1447 1180 1507 1240 nasi
1528 1195 1572 1237 uas

283 1299 340 1344 uos·
361 1302 376 1342 a
401 1301 484 1350 uase,
514 1291 543 1342 et
566 1281 671 1361 plurali
695 1301 764 1343 uasa
789 1277 927 1344 uasorum
951 1284 1031 1342 uasis
1053 1301 1122 1343 uasa
1146 1301 1215 1344 oasa
1238 1283 1333 1350 uasis,
1363 1291 1391 1342 et
1413 1281 1475 1344 duo
1496 1279 1569 1341 inde·

283 1384 441 1452 clinabilla,
466 1394 499 1444 ut
521 1383 576 1445 boc
600 1384 644 1445 las
667 1392 697 1444 et
717 1383 775 1445 boc
797 1386 890 1445 nolas.
929 1383 965 1445 Et
986 1393 1056 1445 sunt
1078 1387 1246 1446 communia
1270 1385 1360 1444 trium
1384 1401 1526 1462 generum
1546 1382 1570 1441 in

281 1505 327 1556 as,
357 1495 388 1547 ut
418 1486 466 1546 bic
493 1494 523 1546 ct
551 1485 623 1546 baec
653 1495 682 1546 et
710 1485 766 1546 boc
789 1488 914 1566 primas,
945 1485 993 1547 bic
1015 1493 1044 1546 et
1066 1485 1139 1548 baec
1162 1496 1191 1548 et
1213 1486 1269 1548 boc
1292 1488 1434 1565 optimas,
1464 1503 1535 1565 quae
1554 1494 1597 1542 att

281 1587 451 1649 nominibus
472 1589 586 1667 primus
609 1595 638 1648 et
660 1590 790 1667 optimus
814 1591 952 1659 uerriunt,
982 1589 1030 1648 bic
1054 1597 1083 1649 et
1105 1587 1178 1649 baec
1201 1597 1230 1649 et
1253 1587 1309 1648 boc
1332 1588 1475 1668 Arpinas,
1503 1603 1568 1663 quae

281 1690 348 1751 ideo
377 1692 417 1750 in·
436 1691 494 1751 fine
522 1688 634 1750 habent
661 1689 884 1751 circumflexum
914 1701 1084 1758 accentum,
1114 1693 1183 1769 quia
1211 1708 1266 1769 per
1295 1707 1458 1770 syncopans
1480 1687 1568 1769 proie-

281 1802 398 1855 runtut·.
437 1792 570 1853 Perfecta
595 1792 673 1852 enirn
698 1809 801 1852 eorum
825 1793 1019 1854 inueniuntur
1042 1791 1119 1872 apud
1142 1793 1366 1870 antiquissimos
1389 1793 1420 1851 in
1444 1793 1482 1851 tis
1503 1788 1569 1849 desi·

280 1896 389 1964 nentia,
413 1901 445 1954 ot
467 1893 514 1953 bic
538 1893 662 1955 ethaeo
684 1895 817 1970 primatis
841 1895 998 1972 optimatis,
1021 1894 1070 1956 bic
1093 1903 1123 1954 et
1144 1893 1217 1954 baec
1239 1893 1398 1972 Arpinatis,
1424 1901 1454 1953 et
1476 1899 1568 1954 neutra

279 1997 309 2056 in
334 2015 350 2056 e
373 1995 550 2064 desinentia,
575 1991 869 2076 utill.105''llboc
891 1997 1016 2076 primate
1039 1995 1095 2056 boc
1118 1997 1259 2074 optimate
1283 1994 1339 2055 boc
1361 1997 1518 2075 Arpinate,
1546 1999 1569 2048 et
1581 2001 1599 2038 1⁵

280 2098 426 2160 ablatiuus
446 2099 476 2158 in
501 2098 510 2156 l
534 2115 615 2157 more
639 2115 742 2157 eorum
767 2099 929 2166 nominum.
953 2115 1029 2174 quae
1051 2097 1081 2157 in
1105 2099 1129 2157 is
1152 2097 1314 2158 desinentia
1338 2097 1454 2158 iaciunt
1475 2100 1568 2154 neuim

279 2201 309 2259 in
339 2219 369 2268 e,
399 2209 430 2260 ut
458 2198 494 2259 ab
522 2200 579 2259 boc
606 2207 636 2260 et
663 2198 700 2259 ab
729 2197 784 2258 bac
813 2209 842 2259 et
870 2197 907 2259 ab
936 2198 993 2259 hoc
1015 2199 1149 2278 optimati
1171 2199 1289 2279 primati
1311 2199 1457 2279 Arpinati.
1501 2195 1570 2258 llaec

279 2309 377 2362 autem
401 2303 520 2362 nomina
543 2301 710 2361 communia
733 2301 821 2361 bium
845 2318 987 2379 generum
1011 2301 1041 2360 in
1065 2319 1096 2362 as
1119 2300 1283 2361 desinentia
1307 2301 1348 2361 sic
1374 2299 1569 2361 declinantur:

279 2401 329 2462 bic
358 2411 387 2463 et
416 2402 488 2462 baec
515 2409 544 2462 at
566 2401 622 2462 boc
643 2420 804 2482 praegnas,
835 2401 923 2464 buius
944 2403 1128 2482 praegnatis,
1158 2402 1228 2462 huic
1249 2405 1419 2482 praegnati,
1452 2402 1527 2462 bunc
1547 2405 1572 2458 et

281 2505 357 2564 banc
385 2511 576 2584 praegnatem
604 2511 634 2564 ct
662 2502 718 2564 boc
741 2523 900 2583 praegnas,
930 2524 948 2564 o
970 2523 1130 2584 praegnas,
1159 2503 1275 2566 abhoc
1299 2514 1328 2565 et
1349 2503 1388 2564 ab
1411 2504 1469 2566 bac
1491 2511 1518 2562 et
1538 2499 1570 2559 ab
1581 2509 1599 2546 Β]

281 2607 336 2666 boc
359 2607 528 2685 praegnati,
553 2614 582 2665 et
604 2605 709 2684 plurali
732 2605 762 2666 hi
785 2614 814 2667 et
836 2605 891 2668 bae
913 2615 1089 2686 praegnates
1113 2613 1143 2668 et
1164 2607 1237 2666 baec
1260 2607 1450 2686 praegnatia,
1475 2605 1570 2664 borum

281 2715 308 2767 ct
332 2707 435 2768 barum
460 2706 617 2768 ethorum
641 2709 855 2786 praegnatium,
879 2709 924 2768 bis
947 2708 1171 2786 praegnatibus,
1196 2706 1250 2768 lros
1272 2716 1302 2766 et
1324 2708 1377 2768 bas
1399 2713 1570 2788 praegnates

280 2807 404 2870 ethaeo
428 2811 613 2889 praegnatia,
638 2829 654 2870 o
677 2818 854 2890 praegnates
877 2817 906 2870 et
928 2827 945 2870 o
967 2811 1154 2889 praegnatia,
1179 2811 1216 2870 ab
1240 2810 1286 2870 bis
1309 2807 1528 2888 praegnatibus.

365 2912 396 2972 ln
426 2930 458 2971 es
486 2912 700 2972 terminationis
729 2919 802 2988 quot
830 2929 939 2990 genera
961 2913 1176 2974 inueniuntur?
1220 2910 1298 2972 ldest
1320 2912 1392 2980 tria,
1418 2907 1570 2972 masculina

280 3012 419 3074 leminina
448 3015 631 3080 communia;
662 3011 837 3082 masculina,
867 3021 899 3073 ut
927 3011 976 3075 bic
1005 3012 1089 3074 miles
1117 3012 1230 3082 militis,
1260 3013 1307 3073 bic
1337 3013 1435 3074 lomes
1457 3011 1600 3074 tonsilis!¹

280 3113 327 3174 bic
350 3123 458 3175 trames
481 3117 619 3184 tramitis,
649 3114 697 3174 bic
719 3133 827 3192 gurges
850 3117 991 3192 gurgitis,
1022 3115 1068 3174 bic
1091 3133 1208 3185 uerres,
1238 3115 1316 3194 quod
1340 3132 1465 3195 porcum
1489 3109 1571 3188 signi·

279 3217 346 3276 dont
374 3226 403 3277 et
432 3225 501 3276 tunc
528 3215 739 3296 appellatiutrm
769 3225 821 3276 est.
867 3217 989 3296 Propria
1020 3216 1180 3277 masculina
1208 3217 1237 3276 in
1267 3235 1299 3276 es
1327 3215 1518 3296 productam,
1544 3215 1571 3269 ut

279 3316 408 3380 Achilles
430 3317 572 3378 Hercules
596 3316 711 3386 Vlixes,
741 3326 771 3376 et
794 3335 884 3378 unum
907 3317 1061 3396 proprium
1086 3319 1260 3380 femininum
1284 3319 1313 3378 in
1338 3337 1370 3378 es
1392 3316 1571 3396 productam,
1649 3345 1650 3370 2

280 3428 311 3479 ut
341 3419 411 3480 baec
440 3421 531 3480 Ceres
560 3421 686 3481 Cereris.
733 3419 804 3480 ltem
835 3417 976 3479 leminina
1006 3418 1180 3499 appellatiua
1210 3421 1298 3482 haec:
1329 3419 1437 3481 caedes
1465 3428 1571 3492 strages
1649 3393 1650 3424 ³

280 3520 385 3602 uulpes
413 3539 484 3601 apes
513 3521 574 3581 lues
600 3520 698 3582 clades
721 3521 815 3582 nubes
836 3518 1039 3600 †oomderum
1062 3518 1217 3598 palumbes
1239 3539 1325 3600 seges
1348 3539 1465 3582 merces
1487 3518 1602 3580 tanreso

281 3622 373 3682 otoles
396 3621 516 3683 suboles
538 3629 649 3684 cautas.
693 3621 867 3684 Communia
891 3622 1017 3683 duorum
1041 3639 1194 3700 generum,
1217 3631 1252 3685 ut
1273 3622 1321 3684 bic
1344 3631 1373 3684 et
1396 3622 1473 3684 baec
1495 3619 1571 3680 diues

279 3731 429 3804 superstes
463 3743 565 3804 sospes
596 3725 706 3802 hospes
739 3723 826 3784 heres
860 3722 992 3803 locuples
1026 3726 1145 3805 sonipes
1172 3725 1257 3805 bipes
1285 3725 1379 3804 tripes
1408 3723 1572 3802 quadrupes

279 3828 438 3904 interpres.
483 3825 596 3887 Dicitur
629 3843 700 3903 ergo
734 3825 782 3886 bic
814 3834 844 3886 et
877 3823 949 3886 baec
977 3845 1090 3906 sospes.
1141 3827 1253 3889 Tamen
1277 3827 1383 3905 legitur
1406 3824 1570 3903 ‘Sospita

279 3927 394 3987 luno’.
433 3927 481 3986 Sic
504 3927 551 3987 bic
574 3934 604 3987 et
627 3926 699 3988 haec
723 3927 840 4007 bospcs,
858 3935 887 3988 et
909 3926 1069 4007 ‘bospite
1095 3927 1221 3989 tellus'
1245 3926 1363 4006 legitur.
1395 3927 1471 3988 ltem
1487 3925 1531 3984 lde
1546 3928 1571 3979 et

280 4029 352 4090 baec
386 4031 523 4097 antistes,
558 4028 665 4090 dicitur
700 4037 728 4089 et
760 4031 898 4090 antistita.
953 4028 1100 4090 Cicero:
1136 4006 1322 4110 postridie
1354 4025 1601 4092 sacerdotes³⁵

346 4177 600 4247 2acomporatluo]
620 4177 678 4231 acci
696 4182 813 4246 paratino
861 4189 955 4230 motato
1002 4179 1331 4246 sttooorlrooastosJAo:
1350 4173 1569 4247 potiorpotestss‘t
1648 4215 1649 4234 ,

277 4251 399 4300 Aadditn
417 4249 514 4314 syllaba
583 4251 740 4314 beapstitas
793 4249 870 4298 teusti
888 4249 1005 4298 teostitae
1057 4251 1147 4299 ioasi
1166 4265 1212 4299 tras
1231 4266 1245 4298 u
1265 4265 1326 4298 uase
1380 4252 1410 4298 12
1429 4255 1568 4318 surocopapt
1648 4237 1649 4296 i

282 4313 618 4384 13eorum]An=lorma'l
673 4317 1080 4367 ltoeotrumiuedesimtntlroc
1132 4317 1303 4382 llearpinste
1339 4319 1467 4368 lliinore
1501 4323 1570 4362 tteutr

280 4388 310 4436 16
323 4387 448 4452 carpineti
500 4388 531 4436 l‘l
546 4397 637 4448 troam,
649 4401 719 4436 corr.
733 4387 807 4434 trium
861 4385 892 4434 te
910 4385 1034 4451 prignoos
1049 4385 1123 4436 buius
1136 4386 1280 4451 prinnsntis
1292 4384 1351 4435 bule
1363 4383 1493 4451 prionantl
1509 4380 1569 4429 butte

278 4466 304 4503 ct
320 4455 385 4503 banc
404 4455 564 4520 priunatttem
578 4464 602 4502 et
614 4453 661 4502 ltoc
673 4454 797 4519 priguons
811 4467 825 4502 o
838 4453 962 4518 priguens
981 4466 1006 4502 et
1017 4455 1049 4502 ob
1068 4453 1116 4502 boc
1133 4465 1158 4504 et
1175 4454 1206 4502 ab
1226 4451 1272 4502 hnc
1290 4463 1314 4503 et
1331 4453 1363 4502 ab
1383 4453 1431 4502 boc
1449 4444 1568 4516 prignentl

279 4533 304 4571 et
321 4520 774 4588 pluralileteprigttrtutesetc„cf.
784 4521 934 4572 Consentius
945 4521 1114 4586 saonen.
1168 4523 1279 4583 24qttod
1316 4531 1368 4570 tren
1418 4521 1452 4569 26
1465 4515 1568 4568 tramites

313 4605 386 4640 neres
438 4589 577 4640 28acl1lles
628 4591 748 4640 tltlcerles
802 4587 1064 4655 30lulljlesdupest)
1085 4590 1163 4640 nubes
1182 4589 1328 4640 comderum
1347 4582 1492 4654 palumbes]
1512 4583 1567 4632 For·

279 4661 348 4706 losse
365 4660 428 4708 illuri
445 4659 614 4708 ‘comtlorom'
629 4666 775 4724 corraaptom
792 4673 828 4707 ecc
845 4655 913 4706 ‘coris
931 4657 1052 4706 duorum'
1069 4677 1104 4701 =
1121 4672 1255 4708 commune
1271 4657 1397 4721 duorum,
1416 4655 1484 4722 quod
1499 4649 1568 4702 dabat

280 4737 356 4771 ramata
368 4729 491 4789 sequenti,
502 4727 534 4776 ob
545 4726 646 4775 librarii
656 4729 777 4776 lacurimu
790 4741 825 4780 ecc
836 4727 956 4789 inferiori
966 4729 1022 4776 loro
1033 4727 1081 4776 dare
1093 4728 1201 4776 dctottmt
1212 4732 1261 4778 est.
1305 4727 1335 4776 31
1350 4724 1452 4774 soboles
1490 4730 1566 4770 otoo·

279 4791 311 4840 ΒΞ
330 4799 459 4854 super¹tes
523 4796 555 4844 83
574 4789 675 4858 legitor]
696 4796 730 4856 rs.
750 4795 833 4843 Prisc.
853 4793 868 4842 l
886 4809 912 4854 p.
927 4795 1013 4856 157,8
1082 4797 1114 4846 34
1133 4794 1234 4859 bospite
1253 4789 1339 4858 tellus]
1359 4794 1393 4856 rs.
1413 4793 1494 4842 Prisc.
1515 4787 1530 4836 I
1541 4799 1565 4848 Ρ·

281 4861 365 4926 157,6
434 4860 466 4908 35
484 4870 596 4908 antestes
614 4861 731 4909 nottestitn
801 4857 899 4922 Cicero]
917 4861 951 4923 ef,
972 4861 1053 4911 Prisc.
1073 4865 1115 4914 l.l.
1137 4864 1167 4910 ll
1218 4862 1342 4927 postridie
