3346 5558
530 217 581 268 DE
599 215 784 270 sustollunt
802 218 908 269 ARTE.

303 405 523 484 Expliciunt
544 405 726 484 capltula.
747 418 753 432 ·
772 405 911 485 Incipit
931 405 1131 486 praelatio.

292 525 432 606 Corporis
454 530 499 585 cst
520 525 651 605 species,
674 526 790 603 species
813 523 972 586 estaltera
994 543 1109 586 rernm:

334 609 390 671 lsta
412 627 497 670 suam
519 610 646 671 lormam
669 609 814 679 eontinet,
840 608 889 671 llla
912 628 1005 672 suam.

291 695 455 776 Conspicua
478 685 525 756 est'
547 697 627 760 uisu.
651 693 788 756 manibus
809 693 966 774 palpabilis
987 694 1052 757 illa:

334 781 462 860 Excepta
487 782 597 841 nostris
619 779 733 841 nisibus
754 782 808 840 ista
832 789 931 841 manet

292 865 424 927 Nominis
444 864 495 926 bic
518 866 634 945 species
656 864 780 945 pulchre
802 864 991 944 distinguitur
1012 867 1126 935 omnis,

334 950 416 1022 Quae
437 947 579 1031 bipertito
600 953 717 1029 gurgite
739 957 799 1012 totu
822 959 931 1012 manat.

292 1035 416 1096 Nomina
439 1034 603 1114 grandaeul
625 1036 826 1114 complectens
847 1038 947 1097 omnia
970 1036 1071 1098 mnndi

334 1119 456 1182 Scilicet
477 1121 608 1184 aetherei
630 1119 726 1182 lucida
749 1121 837 1200 pinna
860 1120 935 1201 poli,

293 1205 361 1267 Post
385 1204 500 1267 telluris
521 1223 615 1284 aquae
638 1207 790 1282 coniungit
811 1216 841 1268 et
862 1208 962 1268 omnia
983 1225 1084 1269 rerum

333 1289 445 1353 lliuidlt
466 1294 498 1352 in
519 1293 630 1352 formas
653 1292 771 1352 nomina
793 1292 859 1352 iure
881 1291 964 1354 duas.

292 1375 435 1438 Omnibus
457 1383 571 1456 aptatas
593 1375 697 1438 tribuit
719 1376 861 1438 discretio
883 1378 1009 1444 formas,

333 1462 369 1522 vt
390 1468 512 1522 teneant
534 1469 639 1524 cuncta
662 1463 780 1522 nomina
803 1464 868 1523 lura
890 1480 954 1523 sua.

292 1545 328 1607 llt
349 1545 461 1608 calamo
484 1555 584 1608 rectos
606 1548 713 1626 satagit
734 1545 915 1624 distinguere
938 1546 1028 1610 calles

336 1631 391 1692 Per
413 1649 488 1712 quos
509 1629 697 1713 doctiloquus
719 1649 843 1693 currere
864 1634 957 1713 possit
978 1631 1077 1694 homo.

291 1716 434 1778 Concedit
455 1717 584 1797 propriis
606 1717 775 1798 proprium,
799 1717 935 1778 concedit
955 1725 986 1778 et
1007 1716 1066 1778 illis

333 1801 524 1882 Appellatiuis
547 1820 656 1864 nomen
678 1801 788 1862 habere
811 1821 905 1864 suum.

16 1977 17 2070 ᾗ
131 1987 297 2070 Explicit
324 1989 522 2070 praelatio.
568 1989 706 2068 lucipit
732 1989 773 2050 de
797 1989 979 2070 qualitate
1002 1998 1177 2052 tractare.
1224 1991 1294 2053 Cur

522 2091 673 2154 dicatur
694 2090 860 2172 qualitas
884 2091 903 2152 l.

56 2222 73 2257 ³³
154 2208 287 2282 Qualitas
308 2210 423 2282 dicitur,
447 2214 514 2290 quia
537 2213 667 2290 propriis
689 2209 858 2271 nominibus
881 2212 1030 2291 propriam
1053 2219 1084 2272 et
1098 2211 1284 2292 appellatiuis
1306 2231 1357 2293 ap·

16 2297 17 2342 1
80 2293 236 2371 pellatinam
259 2293 365 2357 tribuit
391 2295 577 2376 qualitatem.
611 2315 687 2376 quae
716 2297 745 2356 in
774 2296 928 2375 proprium
958 2314 1065 2357 nomen
1095 2306 1124 2358 et
1146 2297 1355 2378 appellatiuum

80 2380 270 2462 principaliter
293 2383 483 2459 cognoscitur
506 2399 570 2442 esse
593 2381 698 2442 diuisa.

215 2569 263 2630 ue
285 2569 429 2649 proprii
451 2575 487 2629 et
509 2567 733 2648 appellatiui
764 2569 924 2630 nominis
947 2569 1139 2674 diuisione
1164 2570 1204 2631 ll.

150 2687 269 2766 Proprii
291 2696 321 2749 et
343 2685 512 2768 appellatlni
535 2688 663 2748 nominis
685 2688 758 2750 leaeo
780 2698 826 2750 est
846 2690 940 2768 prima
965 2707 1096 2769 ueraque
1119 2688 1235 2750 diuislo.
1279 2689 1353 2752 Pro·

54 2771 300 2919 *tlttt'tt
322 2774 564 2919 l⁸‘.‘llll‘·⁰lt
588 2772 666 2920 llll
689 2773 1354 2921 ll.-t‘t'thllttt‘titillatio‘

79 2877 281 3020 lppellatlullrm
305 2877 380 3004 uelrb
407 2905 516 3004 nomen
545 2949 590 3005 est
612 2905 782 3013 ‘creaturab
805 2878 882 3024 (fuori
913 2906 1054 3005 omnibns
1080 2905 1355 3022 generationem:

80 3028 140 3102 petit
159 3030 314 3100 creaturis,
337 3028 404 3106 quia
427 3030 526 3089 omnia
549 3029 578 3088 in
601 3028 732 3108 pondere
756 3037 784 3090 et
807 3047 932 3091 numero
956 3037 985 3090 et
1006 3047 1144 3090 mensura
1160 3029 1355 3091 dinoscuntur

80 3127 132 3170 esse
152 3123 260 3174 creata.
306 3113 338 3174 ln
362 3113 408 3174 his
430 3112 545 3176 duobus
568 3113 737 3176 nominibus
760 3123 789 3175 et
812 3115 899 3177 unius
922 3115 1073 3176 Creatorts
1101 3124 1130 3175 et
1153 3116 1243 3176 totius
1265 3134 1355 3194 gene·

16 3239 18 3312 p
55 3194 165 3258 uratur
185 3197 311 3279 qualitas
333 3197 587 3278 conprehenditur
609 3207 772 3260 creaturae.

221 3385 269 3446 De
296 3393 456 3466 quatuor
484 3385 753 3467 principalium
782 3385 974 3448 diuisione
1002 3388 1194 3484 nominum

498 3486 828 3569 appellatiuorum.
858 3487 919 3554 lll.

147 3603 178 3666 lu
207 3607 354 3669 creaturis
382 3616 479 3668 autem
503 3614 630 3687 quatuor
657 3607 838 3688 principales
865 3608 1059 3672 inueniuntur
1089 3626 1153 3672 esse
1181 3608 1352 3680 diuisiones,

16 3705 18 3770 t
81 3689 231 3770 exquibus
253 3690 431 3772 multiplices
456 3693 643 3772 postmodum
672 3693 850 3754 diuisionum
879 3695 993 3773 species
1022 3704 1212 3774 generantur.
1258 3695 1355 3757 Prima

16 3777 17 3786 ’
57 3777 217 3838 *nominum
246 3777 352 3838 diuisio
380 3783 424 3838 est
452 3777 652 3858 corporalium
681 3787 710 3840 et
737 3777 968 3859 incorporalium
995 3799 1111 3850 rerum.
1140 3781 1268 3842 secunda
1292 3782 1354 3842 ani·

81 3857 181 3922 uallum
205 3869 236 3922 et
256 3862 468 3932 inanimalium.
493 3865 579 3924 tertia
599 3866 788 3944 propriorum
807 3875 837 3926 ot
859 3865 1114 3946 appellatiuorum,
1138 3873 1240 3946 quarta
1264 3884 1353 3945 geue·

81 3941 168 4007 rabum
191 3957 222 4008 et
244 3946 425 4027 specialium.
471 3946 504 4008 lu
527 3947 573 4009 hts
595 3957 723 4028 quatuor
745 3948 939 4012 diuisionibus
953 3952 1083 4012 omnium
1107 3948 1353 4031 appellatluorum

82 4032 215 4093 nominum
239 4032 365 4113 qualitas
387 4034 563 4095 continetur.
609 4033 681 4096 llam
706 4033 743 4096 de
766 4036 830 4096 istis
851 4036 1001 4116 primltiua
1025 4045 1054 4098 et
1076 4035 1243 4102 dirinatiua.
1268 4036 1353 4097 dimi·

81 4116 165 4179 nudus
187 4125 217 4180 et
239 4119 323 4196 quasi
346 4117 521 4180 diminutius
545 4127 600 4180 etc.
627 4153 665 4164 -
689 4119 862 4200 temporalla
878 4129 908 4182 et
922 4119 1028 4183 localia
1044 4129 1206 4183 nascuntur
1221 4121 1350 4183 nomina.

58 4196 150 4262 lllius
169 4203 207 4264 de
229 4205 292 4264 istis
313 4211 440 4281 quatuor
462 4203 641 4267 diuisionum
664 4206 881 4286 speciebus...

149 4322 215 4384 rot.
236 4325 256 4384 I
262 4325 288 4384 V
292 4329 306 4356 ⁰
332 4331 484 4385 tractatus
510 4325 549 4384 de
575 4323 760 4403 homonymis
786 4333 815 4386 et
836 4329 1006 4403 synonymus
1028 4327 1109 4403 (IX)
1131 4325 1253 4389 mutilus
1273 4327 1355 4388 hosce

83 4424 164 4484 uoto
177 4424 312 4502 pergit:¹

16 4643 17 4728 l
128 4645 151 4722 .⁰
167 4644 251 4712 pulcre
318 4647 401 4728 'itque
453 4657 538 4715 mppet
555 4661 641 4701 manat
708 4651 865 4718 sgrandeut
916 4649 1045 4702 becherel
1115 4653 1267 4717 teupertus
1321 4651 1353 4702 15

16 4735 17 4800 q
83 4705 204 4766 loculocun
270 4718 303 4768 29
321 4717 370 4766 luis
439 4720 472 4770 3ss
489 4719 664 4769 inanimalium
692 4735 785 4785 qemun.
803 4720 888 4770 Tertio
955 4721 988 4770 3⁵1
1005 4719 1056 4769 hiis

16 4815 17 4818 ¹
101 4799 184 4848 Um
198 4817 250 4850 us.
263 4807 345 4850 amr.
1135 4821 1152 4872 q
