<?xml version="1.0" encoding="UTF-8"?>
<!DOCTYPE html PUBLIC "-//W3C//DTD XHTML 1.0 Transitional//EN"
    "http://www.w3.org/TR/xhtml1/DTD/xhtml1-transitional.dtd">
<html xmlns="http://www.w3.org/1999/xhtml" xml:lang="en" lang="en">
 <head>
  <title>
</title>
<meta http-equiv="Content-Type" content="text/html;charset=utf-8" />
  <meta name='ocr-system' content='tesseract 3.04.00' />
  <meta name='ocr-capabilities' content='ocr_page ocr_carea ocr_par ocr_line ocrx_word'/>
</head>
<body>
  <div class='ocr_page' id='page_1' title='image "./anecdotahelveti00hagegoog_0121.png"; bbox 0 0 3378 5550; ppageno 0'>
   <div class='ocr_carea' id='block_1_1' title="bbox 294 380 1230 446">
    <p class='ocr_par' dir='ltr' id='par_1_1' title="bbox 294 380 1230 446">
     <span class='ocr_line' id='line_1_1' title="bbox 294 380 1230 446; baseline -0.017 1"><span class='ocrx_word' id='word_1_1' title='bbox 294 399 377 446; x_wconf 77' lang='lat' dir='ltr'>CXIV</span> <span class='ocrx_word' id='word_1_2' title='bbox 625 385 675 434; x_wconf 81' lang='lat' dir='ltr'>DE</span> <span class='ocrx_word' id='word_1_3' title='bbox 696 383 911 435; x_wconf 78' lang='lat' dir='ltr'>COMMENTIS</span> <span class='ocrx_word' id='word_1_4' title='bbox 929 380 1230 434; x_wconf 79' lang='lat' dir='ltr'>EINSIDLENSIBVS</span> 
     </span>
    </p>
   </div>
   <div class='ocr_carea' id='block_1_2' title="bbox 292 569 1588 959">
    <p class='ocr_par' dir='ltr' id='par_1_2' title="bbox 292 569 1588 959">
     <span class='ocr_line' id='line_1_2' title="bbox 296 569 1588 654; baseline -0.003 -20"><span class='ocrx_word' id='word_1_5' title='bbox 296 582 394 634; x_wconf 89' lang='lat' dir='ltr'>autem</span> <span class='ocrx_word' id='word_1_6' title='bbox 418 591 472 654; x_wconf 83' lang='lat' dir='ltr'>pes</span> <span class='ocrx_word' id='word_1_7' title='bbox 494 591 597 634; x_wconf 86' lang='lat' dir='ltr'>omncs</span> <span class='ocrx_word' id='word_1_8' title='bbox 620 571 729 650; x_wconf 84' lang='lat' dir='ltr'>gradus</span> <span class='ocrx_word' id='word_1_9' title='bbox 751 590 810 633; x_wconf 93' lang='lat' dir='ltr'>non</span> <span class='ocrx_word' id='word_1_10' title='bbox 833 579 949 644; x_wconf 84' lang='lat' dir='ltr'>exeunt,</span> <span class='ocrx_word' id='word_1_11' title='bbox 974 572 1040 649; x_wconf 86' lang='lat' dir='ltr'>quia</span> <span class='ocrx_word' id='word_1_12' title='bbox 1064 572 1129 650; x_wconf 88' lang='lat' dir='ltr'>ipse</span> <span class='ocrx_word' id='word_1_13' title='bbox 1143 569 1274 633; x_wconf 79' lang='lat' dir='ltr'><strong>Donatus</strong></span> <span class='ocrx_word' id='word_1_14' title='bbox 1296 570 1376 632; x_wconf 87' lang='lat' dir='ltr'>dicet</span> <span class='ocrx_word' id='word_1_15' title='bbox 1390 572 1419 632; x_wconf 90' lang='lat' dir='ltr'>in</span> <span class='ocrx_word' id='word_1_16' title='bbox 1435 572 1588 648; x_wconf 88' lang='lat' dir='ltr'>sequenti-</span> 
     </span>
     <span class='ocr_line' id='line_1_3' title="bbox 293 661 1588 758; baseline -0.002 -21"><span class='ocrx_word' id='word_1_17' title='bbox 293 675 363 746; x_wconf 90' lang='lat' dir='ltr'>bus,</span> <span class='ocrx_word' id='word_1_18' title='bbox 387 673 464 758; x_wconf 91' lang='lat' dir='ltr'>quod</span> <span class='ocrx_word' id='word_1_19' title='bbox 488 673 630 754; x_wconf 76' lang='lat' dir='ltr'>quaedam</span> <span class='ocrx_word' id='word_1_20' title='bbox 655 674 772 736; x_wconf 89' lang='lat' dir='ltr'>uomina</span> <span class='ocrx_word' id='word_1_21' title='bbox 794 684 878 746; x_wconf 87' lang='lat' dir='ltr'>sunt,</span> <span class='ocrx_word' id='word_1_22' title='bbox 902 693 976 754; x_wconf 73' lang='lat' dir='ltr'>quiae</span> <span class='ocrx_word' id='word_1_23' title='bbox 1000 681 1113 736; x_wconf 85' lang='lat' dir='ltr'>tentum</span> <span class='ocrx_word' id='word_1_24' title='bbox 1135 661 1248 735; x_wconf 82' lang='lat' dir='ltr'>habent</span> <span class='ocrx_word' id='word_1_25' title='bbox 1270 675 1429 753; x_wconf 87' lang='lat' dir='ltr'>positinum</span> <span class='ocrx_word' id='word_1_26' title='bbox 1453 682 1482 734; x_wconf 90' lang='lat' dir='ltr'>et</span> <span class='ocrx_word' id='word_1_27' title='bbox 1503 692 1588 734; x_wconf 91' lang='lat' dir='ltr'>com·</span> 
     </span>
     <span class='ocr_line' id='line_1_4' title="bbox 292 773 1587 857; baseline -0.001 -20"><span class='ocrx_word' id='word_1_28' title='bbox 292 779 458 856; x_wconf 83' lang='lat' dir='ltr'>paratinum</span> <span class='ocrx_word' id='word_1_29' title='bbox 482 786 514 837; x_wconf 88' lang='lat' dir='ltr'>ut</span> <span class='ocrx_word' id='word_1_30' title='bbox 536 793 625 839; x_wconf 86' lang='lat' dir='ltr'>senex</span> <span class='ocrx_word' id='word_1_31' title='bbox 649 775 805 857; x_wconf 84' lang='lat' dir='ltr'>atquibus</span> <span class='ocrx_word' id='word_1_32' title='bbox 826 775 932 838; x_wconf 83' lang='lat' dir='ltr'>deesse</span> <span class='ocrx_word' id='word_1_33' title='bbox 954 775 1169 857; x_wconf 81' lang='lat' dir='ltr'>superiutinus.</span> <span class='ocrx_word' id='word_1_34' title='bbox 1186 773 1242 837; x_wconf 81' lang='lat' dir='ltr'>aiio</span> <span class='ocrx_word' id='word_1_35' title='bbox 1258 778 1418 856; x_wconf 87' lang='lat' dir='ltr'>positiunm</span> <span class='ocrx_word' id='word_1_36' title='bbox 1436 785 1465 837; x_wconf 90' lang='lat' dir='ltr'>et</span> <span class='ocrx_word' id='word_1_37' title='bbox 1480 795 1587 854; x_wconf 77' lang='lat' dir='ltr'>stipet-</span> 
     </span>
     <span class='ocr_line' id='line_1_5' title="bbox 292 871 1150 959; baseline 0 -21"><span class='ocrx_word' id='word_1_38' title='bbox 292 878 431 948; x_wconf 87' lang='lat' dir='ltr'>iatiuum,</span> <span class='ocrx_word' id='word_1_39' title='bbox 447 877 554 959; x_wconf 86' lang='lat' dir='ltr'>quibus</span> <span class='ocrx_word' id='word_1_40' title='bbox 569 878 653 940; x_wconf 88' lang='lat' dir='ltr'>deest</span> <span class='ocrx_word' id='word_1_41' title='bbox 674 880 901 958; x_wconf 85' lang='lat' dir='ltr'>comparatiuus.</span> <span class='ocrx_word' id='word_1_42' title='bbox 946 878 1029 940; x_wconf 86' lang='lat' dir='ltr'>Vnde</span> <span class='ocrx_word' id='word_1_43' title='bbox 1051 877 1095 938; x_wconf 86' lang='lat' dir='ltr'>sb&#39;</span> <span class='ocrx_word' id='word_1_44' title='bbox 1111 871 1150 939; x_wconf 82' lang='lat' dir='ltr'>di.</span> 
     </span>
    </p>
   </div>
   <div class='ocr_carea' id='block_1_3' title="bbox 282 995 1649 2506">
    <p class='ocr_par' dir='ltr' id='par_1_3' title="bbox 282 995 1649 2506">
     <span class='ocr_line' id='line_1_6' title="bbox 376 995 1587 1076; baseline -0.003 -16"><span class='ocrx_word' id='word_1_45' title='bbox 376 1000 431 1060; x_wconf 86' lang='lat' dir='ltr'>Est</span> <span class='ocrx_word' id='word_1_46' title='bbox 452 997 550 1074; x_wconf 73' lang='lat' dir='ltr'>igitur</span> <span class='ocrx_word' id='word_1_47' title='bbox 571 1000 722 1076; x_wconf 81' lang='lat' dir='ltr'>quaedam</span> <span class='ocrx_word' id='word_1_48' title='bbox 743 996 901 1060; x_wconf 87' lang='lat' dir='ltr'>commenti</span> <span class='ocrx_word' id='word_1_49' title='bbox 926 995 1083 1074; x_wconf 76' lang='lat' dir='ltr'>utriusque</span> <span class='ocrx_word' id='word_1_50' title='bbox 1109 995 1255 1072; x_wconf 84' lang='lat' dir='ltr'>copuatio</span> <span class='ocrx_word' id='word_1_51' title='bbox 1283 1014 1379 1074; x_wconf 79' lang='lat' dir='ltr'>nepae</span> <span class='ocrx_word' id='word_1_52' title='bbox 1406 1005 1507 1058; x_wconf 88' lang='lat' dir='ltr'>tamen</span> <span class='ocrx_word' id='word_1_53' title='bbox 1533 1015 1587 1074; x_wconf 85' lang='lat' dir='ltr'>ea,</span> 
     </span>
     <span class='ocr_line' id='line_1_7' title="bbox 291 1096 1586 1178; baseline -0.002 -16"><span class='ocrx_word' id='word_1_54' title='bbox 291 1111 333 1176; x_wconf 88' lang='lat' dir='ltr'>ut,</span> <span class='ocrx_word' id='word_1_55' title='bbox 358 1099 411 1177; x_wconf 83' lang='lat' dir='ltr'>qai</span> <span class='ocrx_word' id='word_1_56' title='bbox 433 1104 563 1162; x_wconf 88' lang='lat' dir='ltr'>atteram</span> <span class='ocrx_word' id='word_1_57' title='bbox 584 1097 804 1178; x_wconf 68' lang='lat' dir='ltr'>expositionem</span> <span class='ocrx_word' id='word_1_58' title='bbox 826 1099 1046 1162; x_wconf 85' lang='lat' dir='ltr'>Einsidtensem</span> <span class='ocrx_word' id='word_1_59' title='bbox 1068 1097 1267 1176; x_wconf 82' lang='lat' dir='ltr'>conscripsit,</span> <span class='ocrx_word' id='word_1_60' title='bbox 1296 1100 1378 1160; x_wconf 86' lang='lat' dir='ltr'>bunc</span> <span class='ocrx_word' id='word_1_61' title='bbox 1405 1096 1504 1176; x_wconf 87' lang='lat' dir='ltr'>ipsam</span> <span class='ocrx_word' id='word_1_62' title='bbox 1525 1099 1586 1159; x_wconf 84' lang='lat' dir='ltr'>Rc-</span> 
     </span>
     <span class='ocr_line' id='line_1_8' title="bbox 289 1199 1586 1280; baseline -0.003 -14"><span class='ocrx_word' id='word_1_63' title='bbox 289 1203 416 1280; x_wconf 80' lang='lat' dir='ltr'>mipium</span> <span class='ocrx_word' id='word_1_64' title='bbox 434 1202 534 1276; x_wconf 84' lang='lat' dir='ltr'>faisse</span> <span class='ocrx_word' id='word_1_65' title='bbox 555 1211 722 1279; x_wconf 86' lang='lat' dir='ltr'>procerte</span> <span class='ocrx_word' id='word_1_66' title='bbox 750 1202 847 1266; x_wconf 88' lang='lat' dir='ltr'>ausim</span> <span class='ocrx_word' id='word_1_67' title='bbox 875 1205 1056 1277; x_wconf 75' lang='lat' dir='ltr'>adfirmare,</span> <span class='ocrx_word' id='word_1_68' title='bbox 1082 1199 1265 1278; x_wconf 86' lang='lat' dir='ltr'>praesertim</span> <span class='ocrx_word' id='word_1_69' title='bbox 1293 1219 1361 1264; x_wconf 90' lang='lat' dir='ltr'>cam</span> <span class='ocrx_word' id='word_1_70' title='bbox 1388 1209 1586 1262; x_wconf 88' lang='lat' dir='ltr'>commentum</span> 
     </span>
     <span class='ocr_line' id='line_1_9' title="bbox 291 1301 1588 1382; baseline -0.002 -16"><span class='ocrx_word' id='word_1_71' title='bbox 291 1307 446 1368; x_wconf 73' lang='lat' dir='ltr'>Bonnense</span> <span class='ocrx_word' id='word_1_72' title='bbox 467 1305 577 1382; x_wconf 87' lang='lat' dir='ltr'>ipsum,</span> <span class='ocrx_word' id='word_1_73' title='bbox 601 1307 683 1382; x_wconf 82' lang='lat' dir='ltr'>qnod</span> <span class='ocrx_word' id='word_1_74' title='bbox 703 1303 840 1381; x_wconf 72' lang='lat' dir='ltr'>Remigii</span> <span class='ocrx_word' id='word_1_75' title='bbox 865 1321 972 1366; x_wconf 89' lang='lat' dir='ltr'>nomeu</span> <span class='ocrx_word' id='word_1_76' title='bbox 989 1304 1223 1382; x_wconf 83' lang='lat' dir='ltr'>praesefert,</span> <span class='ocrx_word' id='word_1_77' title='bbox 1253 1312 1287 1364; x_wconf 87' lang='lat' dir='ltr'>ut</span> <span class='ocrx_word' id='word_1_78' title='bbox 1315 1301 1489 1366; x_wconf 78' lang='lat' dir='ltr'>doctrinam</span> <span class='ocrx_word' id='word_1_79' title='bbox 1510 1322 1588 1364; x_wconf 86' lang='lat' dir='ltr'>saue</span> 
     </span>
     <span class='ocr_line' id='line_1_10' title="bbox 289 1404 1649 1483; baseline -0.003 -15"><span class='ocrx_word' id='word_1_80' title='bbox 289 1406 355 1469; x_wconf 84' lang='lat' dir='ltr'>eins</span> <span class='ocrx_word' id='word_1_81' title='bbox 387 1406 452 1469; x_wconf 88' lang='lat' dir='ltr'>uiri</span> <span class='ocrx_word' id='word_1_82' title='bbox 486 1407 622 1482; x_wconf 84' lang='lat' dir='ltr'>referre,</span> <span class='ocrx_word' id='word_1_83' title='bbox 658 1406 704 1468; x_wconf 85' lang='lat' dir='ltr'>ita</span> <span class='ocrx_word' id='word_1_84' title='bbox 732 1407 882 1482; x_wconf 86' lang='lat' dir='ltr'>inteprnm</span> <span class='ocrx_word' id='word_1_85' title='bbox 916 1409 1076 1468; x_wconf 85' lang='lat' dir='ltr'>uerborum</span> <span class='ocrx_word' id='word_1_86' title='bbox 1110 1404 1276 1481; x_wconf 72' lang='lat' dir='ltr'>imaginem</span> <span class='ocrx_word' id='word_1_87' title='bbox 1308 1404 1407 1468; x_wconf 82' lang='lat' dir='ltr'>mium</span> <span class='ocrx_word' id='word_1_88' title='bbox 1432 1407 1587 1483; x_wconf 82' lang='lat' dir='ltr'>praebere</span> <span class='ocrx_word' id='word_1_89' title='bbox 1647 1473 1649 1476; x_wconf 17' lang='lat'><strong><em>¹</em></strong></span> 
     </span>
     <span class='ocr_line' id='line_1_11' title="bbox 288 1505 1584 1586; baseline -0.002 -16"><span class='ocrx_word' id='word_1_90' title='bbox 288 1508 464 1572; x_wconf 78' lang='lat' dir='ltr'>Alexandri</span> <span class='ocrx_word' id='word_1_91' title='bbox 484 1513 551 1571; x_wconf 88' lang='lat' dir='ltr'>loco</span> <span class='ocrx_word' id='word_1_92' title='bbox 572 1507 761 1586; x_wconf 81' lang='lat' dir='ltr'>comprobari</span> <span class='ocrx_word' id='word_1_93' title='bbox 782 1507 934 1571; x_wconf 84' lang='lat' dir='ltr'>uideatur.</span> <span class='ocrx_word' id='word_1_94' title='bbox 978 1509 1098 1585; x_wconf 79' lang='lat' dir='ltr'>itaque,</span> <span class='ocrx_word' id='word_1_95' title='bbox 1122 1527 1160 1568; x_wconf 90' lang='lat' dir='ltr'>ne</span> <span class='ocrx_word' id='word_1_96' title='bbox 1180 1506 1321 1570; x_wconf 84' lang='lat' dir='ltr'>subtilius</span> <span class='ocrx_word' id='word_1_97' title='bbox 1341 1505 1534 1584; x_wconf 81' lang='lat' dir='ltr'>inquiramus</span> <span class='ocrx_word' id='word_1_98' title='bbox 1549 1505 1584 1567; x_wconf 83' lang='lat' dir='ltr'>in</span> 
     </span>
     <span class='ocr_line' id='line_1_12' title="bbox 286 1608 1586 1687; baseline -0.002 -15"><span class='ocrx_word' id='word_1_99' title='bbox 286 1631 336 1672; x_wconf 86' lang='lat' dir='ltr'>res</span> <span class='ocrx_word' id='word_1_100' title='bbox 362 1614 496 1674; x_wconf 88' lang='lat' dir='ltr'>bumana</span> <span class='ocrx_word' id='word_1_101' title='bbox 525 1609 728 1687; x_wconf 73' lang='lat' dir='ltr'>indagatione</span> <span class='ocrx_word' id='word_1_102' title='bbox 761 1609 965 1684; x_wconf 78' lang='lat' dir='ltr'>obscuriores,</span> <span class='ocrx_word' id='word_1_103' title='bbox 1002 1613 1099 1672; x_wconf 82' lang='lat' dir='ltr'>donea</span> <span class='ocrx_word' id='word_1_104' title='bbox 1125 1609 1261 1672; x_wconf 84' lang='lat' dir='ltr'>certiora</span> <span class='ocrx_word' id='word_1_105' title='bbox 1287 1608 1488 1672; x_wconf 84' lang='lat' dir='ltr'>inueniuntur</span> <span class='ocrx_word' id='word_1_106' title='bbox 1514 1609 1586 1671; x_wconf 82' lang='lat' dir='ltr'>ueri</span> 
     </span>
     <span class='ocr_line' id='line_1_13' title="bbox 286 1711 1582 1791; baseline -0.002 -15"><span class='ocrx_word' id='word_1_107' title='bbox 286 1713 428 1791; x_wconf 78' lang='lat' dir='ltr'>uestigia,</span> <span class='ocrx_word' id='word_1_108' title='bbox 452 1716 509 1776; x_wconf 85' lang='lat' dir='ltr'>boc</span> <span class='ocrx_word' id='word_1_109' title='bbox 529 1712 671 1776; x_wconf 77' lang='lat' dir='ltr'>statuisse</span> <span class='ocrx_word' id='word_1_110' title='bbox 692 1713 768 1775; x_wconf 84' lang='lat' dir='ltr'>satis</span> <span class='ocrx_word' id='word_1_111' title='bbox 788 1715 940 1788; x_wconf 87' lang='lat' dir='ltr'>babemus,</span> <span class='ocrx_word' id='word_1_112' title='bbox 965 1722 1026 1774; x_wconf 92' lang='lat' dir='ltr'>tres</span> <span class='ocrx_word' id='word_1_113' title='bbox 1047 1715 1101 1774; x_wconf 75' lang='lat' dir='ltr'>teos</span> <span class='ocrx_word' id='word_1_114' title='bbox 1123 1712 1240 1774; x_wconf 79' lang='lat' dir='ltr'>Donati</span> <span class='ocrx_word' id='word_1_115' title='bbox 1262 1711 1340 1774; x_wconf 89' lang='lat' dir='ltr'>artis</span> <span class='ocrx_word' id='word_1_116' title='bbox 1353 1715 1506 1775; x_wconf 82' lang='lat' dir='ltr'>secundae</span> <span class='ocrx_word' id='word_1_117' title='bbox 1527 1730 1582 1774; x_wconf 82' lang='lat' dir='ltr'>ex-</span> 
     </span>
     <span class='ocr_line' id='line_1_14' title="bbox 282 1813 1584 1894; baseline -0.002 -16"><span class='ocrx_word' id='word_1_118' title='bbox 282 1815 434 1894; x_wconf 86' lang='lat' dir='ltr'>positores</span> <span class='ocrx_word' id='word_1_119' title='bbox 455 1815 679 1878; x_wconf 78' lang='lat' dir='ltr'>Eiresidtensom</span> <span class='ocrx_word' id='word_1_120' title='bbox 701 1825 731 1877; x_wconf 88' lang='lat' dir='ltr'>et</span> <span class='ocrx_word' id='word_1_121' title='bbox 752 1819 827 1882; x_wconf 83' lang='lat' dir='ltr'>daos</span> <span class='ocrx_word' id='word_1_122' title='bbox 848 1817 1019 1877; x_wconf 81' lang='lat' dir='ltr'>Beruenses</span> <span class='ocrx_word' id='word_1_123' title='bbox 1046 1833 1086 1876; x_wconf 82' lang='lat' dir='ltr'>ec</span> <span class='ocrx_word' id='word_1_124' title='bbox 1107 1813 1206 1892; x_wconf 84' lang='lat' dir='ltr'>copiis</span> <span class='ocrx_word' id='word_1_125' title='bbox 1227 1833 1247 1874; x_wconf 93' lang='lat' dir='ltr'>a</span> <span class='ocrx_word' id='word_1_126' title='bbox 1269 1813 1411 1892; x_wconf 74' lang='lat' dir='ltr'>Remigio</span> <span class='ocrx_word' id='word_1_127' title='bbox 1432 1813 1584 1890; x_wconf 79' lang='lat' dir='ltr'>mapastro</span> 
     </span>
     <span class='ocr_line' id='line_1_15' title="bbox 284 1915 1583 1994; baseline -0.005 -14"><span class='ocrx_word' id='word_1_128' title='bbox 284 1917 519 1981; x_wconf 83' lang='lat' dir='ltr'>subministratis</span> <span class='ocrx_word' id='word_1_129' title='bbox 540 1919 677 1980; x_wconf 86' lang='lat' dir='ltr'>baasisse</span> <span class='ocrx_word' id='word_1_130' title='bbox 698 1918 760 1993; x_wconf 90' lang='lat' dir='ltr'>ita,</span> <span class='ocrx_word' id='word_1_131' title='bbox 791 1927 825 1980; x_wconf 87' lang='lat' dir='ltr'>at</span> <span class='ocrx_word' id='word_1_132' title='bbox 846 1936 942 1994; x_wconf 83' lang='lat' dir='ltr'>aeque</span> <span class='ocrx_word' id='word_1_133' title='bbox 964 1918 1141 1978; x_wconf 82' lang='lat' dir='ltr'>recederent</span> <span class='ocrx_word' id='word_1_134' title='bbox 1167 1915 1259 1978; x_wconf 85' lang='lat' dir='ltr'>nimis</span> <span class='ocrx_word' id='word_1_135' title='bbox 1280 1935 1301 1977; x_wconf 91' lang='lat' dir='ltr'>a</span> <span class='ocrx_word' id='word_1_136' title='bbox 1323 1915 1474 1980; x_wconf 87' lang='lat' dir='ltr'>communi</span> <span class='ocrx_word' id='word_1_137' title='bbox 1492 1917 1583 1990; x_wconf 79' lang='lat' dir='ltr'>sonte</span> 
     </span>
     <span class='ocr_line' id='line_1_16' title="bbox 287 2019 1583 2098; baseline -0.003 -18"><span class='ocrx_word' id='word_1_138' title='bbox 287 2031 315 2082; x_wconf 90' lang='lat' dir='ltr'>et</span> <span class='ocrx_word' id='word_1_139' title='bbox 336 2038 421 2083; x_wconf 78' lang='lat' dir='ltr'>mam</span> <span class='ocrx_word' id='word_1_140' title='bbox 444 2019 570 2098; x_wconf 79' lang='lat' dir='ltr'>quisque</span> <span class='ocrx_word' id='word_1_141' title='bbox 591 2020 741 2083; x_wconf 86' lang='lat' dir='ltr'>rationem</span> <span class='ocrx_word' id='word_1_142' title='bbox 764 2019 953 2098; x_wconf 81' lang='lat' dir='ltr'>peculiarem</span> <span class='ocrx_word' id='word_1_143' title='bbox 979 2019 1013 2080; x_wconf 85' lang='lat' dir='ltr'>in</span> <span class='ocrx_word' id='word_1_144' title='bbox 1040 2021 1206 2081; x_wconf 82' lang='lat' dir='ltr'>tractanda</span> <span class='ocrx_word' id='word_1_145' title='bbox 1232 2027 1439 2096; x_wconf 79' lang='lat' dir='ltr'>sequerentur.</span> <span class='ocrx_word' id='word_1_146' title='bbox 1483 2020 1583 2094; x_wconf 79' lang='lat' dir='ltr'>Atque</span> 
     </span>
     <span class='ocr_line' id='line_1_17' title="bbox 287 2119 1582 2199; baseline 0 -17"><span class='ocrx_word' id='word_1_147' title='bbox 287 2123 364 2184; x_wconf 87' lang='lat' dir='ltr'>baec</span> <span class='ocrx_word' id='word_1_148' title='bbox 385 2131 453 2184; x_wconf 90' lang='lat' dir='ltr'>erat</span> <span class='ocrx_word' id='word_1_149' title='bbox 474 2141 577 2198; x_wconf 90' lang='lat' dir='ltr'>cansa,</span> <span class='ocrx_word' id='word_1_150' title='bbox 601 2142 658 2185; x_wconf 88' lang='lat' dir='ltr'>cur</span> <span class='ocrx_word' id='word_1_151' title='bbox 678 2121 744 2184; x_wconf 84' lang='lat' dir='ltr'>eins</span> <span class='ocrx_word' id='word_1_152' title='bbox 765 2120 976 2199; x_wconf 76' lang='lat' dir='ltr'>expositionis,</span> <span class='ocrx_word' id='word_1_153' title='bbox 1000 2139 1080 2197; x_wconf 81' lang='lat' dir='ltr'>qnae</span> <span class='ocrx_word' id='word_1_154' title='bbox 1100 2123 1168 2183; x_wconf 81' lang='lat' dir='ltr'>coti.</span> <span class='ocrx_word' id='word_1_155' title='bbox 1192 2121 1289 2182; x_wconf 88' lang='lat' dir='ltr'>Bern.</span> <span class='ocrx_word' id='word_1_156' title='bbox 1314 2129 1372 2182; x_wconf 78' lang='lat' dir='ltr'>aab</span> <span class='ocrx_word' id='word_1_157' title='bbox 1392 2119 1493 2198; x_wconf 84' lang='lat' dir='ltr'>primo</span> <span class='ocrx_word' id='word_1_158' title='bbox 1512 2125 1582 2182; x_wconf 91' lang='lat' dir='ltr'>toco</span> 
     </span>
     <span class='ocr_line' id='line_1_18' title="bbox 282 2221 1582 2302; baseline 0 -18"><span class='ocrx_word' id='word_1_159' title='bbox 282 2224 387 2300; x_wconf 87' lang='lat' dir='ltr'>posita</span> <span class='ocrx_word' id='word_1_160' title='bbox 417 2234 472 2299; x_wconf 90' lang='lat' dir='ltr'>est,</span> <span class='ocrx_word' id='word_1_161' title='bbox 505 2233 653 2302; x_wconf 79' lang='lat' dir='ltr'>cncerpta</span> <span class='ocrx_word' id='word_1_162' title='bbox 680 2227 826 2286; x_wconf 89' lang='lat' dir='ltr'>nonuutta</span> <span class='ocrx_word' id='word_1_163' title='bbox 853 2233 1018 2286; x_wconf 88' lang='lat' dir='ltr'>commento</span> <span class='ocrx_word' id='word_1_164' title='bbox 1053 2222 1240 2284; x_wconf 80' lang='lat' dir='ltr'>Eiasidiaasi</span> <span class='ocrx_word' id='word_1_165' title='bbox 1269 2221 1384 2300; x_wconf 84' lang='lat' dir='ltr'>passim</span> <span class='ocrx_word' id='word_1_166' title='bbox 1417 2224 1582 2284; x_wconf 71' lang='lat' dir='ltr'>adaman:</span> 
     </span>
     <span class='ocr_line' id='line_1_19' title="bbox 286 2324 1582 2404; baseline -0.001 -17"><span class='ocrx_word' id='word_1_167' title='bbox 286 2329 369 2404; x_wconf 74' lang='lat' dir='ltr'>paracl</span> <span class='ocrx_word' id='word_1_168' title='bbox 389 2328 426 2386; x_wconf 80' lang='lat' dir='ltr'>aie</span> <span class='ocrx_word' id='word_1_169' title='bbox 449 2330 550 2389; x_wconf 86' lang='lat' dir='ltr'>attera</span> <span class='ocrx_word' id='word_1_170' title='bbox 571 2345 687 2404; x_wconf 80' lang='lat' dir='ltr'>quoqne</span> <span class='ocrx_word' id='word_1_171' title='bbox 708 2329 816 2388; x_wconf 86' lang='lat' dir='ltr'>nettem</span> <span class='ocrx_word' id='word_1_172' title='bbox 837 2325 1022 2404; x_wconf 84' lang='lat' dir='ltr'>statuissem,</span> <span class='ocrx_word' id='word_1_173' title='bbox 1050 2328 1104 2386; x_wconf 88' lang='lat' dir='ltr'>scd</span> <span class='ocrx_word' id='word_1_174' title='bbox 1129 2327 1258 2401; x_wconf 78' lang='lat' dir='ltr'>urgebat</span> <span class='ocrx_word' id='word_1_175' title='bbox 1280 2324 1423 2402; x_wconf 75' lang='lat' dir='ltr'>tempoms</span> <span class='ocrx_word' id='word_1_176' title='bbox 1444 2324 1582 2386; x_wconf 88' lang='lat' dir='ltr'>breuitas</span> 
     </span>
     <span class='ocr_line' id='line_1_20' title="bbox 285 2426 1217 2506; baseline 0.004 -20"><span class='ocrx_word' id='word_1_177' title='bbox 285 2439 313 2490; x_wconf 81' lang='lat' dir='ltr'>et</span> <span class='ocrx_word' id='word_1_178' title='bbox 334 2429 448 2489; x_wconf 84' lang='lat' dir='ltr'>laboris</span> <span class='ocrx_word' id='word_1_179' title='bbox 469 2429 531 2490; x_wconf 85' lang='lat' dir='ltr'>iam</span> <span class='ocrx_word' id='word_1_180' title='bbox 554 2432 598 2490; x_wconf 80' lang='lat' dir='ltr'>act</span> <span class='ocrx_word' id='word_1_181' title='bbox 614 2434 704 2504; x_wconf 80' lang='lat' dir='ltr'>finem</span> <span class='ocrx_word' id='word_1_182' title='bbox 726 2439 839 2490; x_wconf 72' lang='lat' dir='ltr'>comeam</span> <span class='ocrx_word' id='word_1_183' title='bbox 859 2428 1051 2506; x_wconf 84' lang='lat' dir='ltr'>perducendi</span> <span class='ocrx_word' id='word_1_184' title='bbox 1073 2426 1217 2490; x_wconf 83' lang='lat' dir='ltr'>taedium.</span> 
     </span>
    </p>
   </div>
   <div class='ocr_carea' id='block_1_4' title="bbox 327 2714 1532 2900">
    <p class='ocr_par' dir='ltr' id='par_1_4' title="bbox 327 2714 1532 2900">
     <span class='ocr_line' id='line_1_21' title="bbox 847 2714 1021 2783; baseline 0.011 -2"><span class='ocrx_word' id='word_1_185' title='bbox 847 2715 928 2781; x_wconf 81' lang='lat' dir='ltr'>Gne.</span> <span class='ocrx_word' id='word_1_186' title='bbox 955 2714 1021 2783; x_wconf 87' lang='lat'>111.</span> 
     </span>
     <span class='ocr_line' id='line_1_22' title="bbox 327 2832 1532 2900; baseline 0.001 -2"><span class='ocrx_word' id='word_1_187' title='bbox 327 2834 386 2898; x_wconf 84' lang='lat' dir='ltr'>DE</span> <span class='ocrx_word' id='word_1_188' title='bbox 415 2833 659 2900; x_wconf 82' lang='grc' dir='ltr'>ΟΟΜΜΕΝΤΟ</span> <span class='ocrx_word' id='word_1_189' title='bbox 689 2833 910 2900; x_wconf 78' lang='lat' dir='ltr'>BERNENSI</span> <span class='ocrx_word' id='word_1_190' title='bbox 939 2833 987 2898; x_wconf 91' lang='lat' dir='ltr'>IN</span> <span class='ocrx_word' id='word_1_191' title='bbox 1009 2833 1178 2898; x_wconf 81' lang='lat' dir='ltr'>DONA&#39;FI</span> <span class='ocrx_word' id='word_1_192' title='bbox 1200 2832 1532 2900; x_wconf 84' lang='lat' dir='ltr'>BARBARISMVM.</span> 
     </span>
    </p>
   </div>
   <div class='ocr_carea' id='block_1_5' title="bbox 203 2990 1579 4197">
    <p class='ocr_par' dir='ltr' id='par_1_5' title="bbox 203 2990 1579 4197">
     <span class='ocr_line' id='line_1_23' title="bbox 368 2990 1579 3069; baseline -0.002 -16"><span class='ocrx_word' id='word_1_193' title='bbox 368 2994 435 3053; x_wconf 90' lang='lat' dir='ltr'>tam</span> <span class='ocrx_word' id='word_1_194' title='bbox 457 2995 540 3069; x_wconf 80' lang='lat' dir='ltr'>quod</span> <span class='ocrx_word' id='word_1_195' title='bbox 565 2994 609 3053; x_wconf 83' lang='lat' dir='ltr'>ad</span> <span class='ocrx_word' id='word_1_196' title='bbox 635 2991 757 3054; x_wconf 88' lang='lat' dir='ltr'>tertium</span> <span class='ocrx_word' id='word_1_197' title='bbox 782 3001 977 3054; x_wconf 89' lang='lat' dir='ltr'>commentam</span> <span class='ocrx_word' id='word_1_198' title='bbox 1006 2990 1198 3053; x_wconf 83' lang='lat' dir='ltr'>Einsidtense</span> <span class='ocrx_word' id='word_1_199' title='bbox 1225 2994 1307 3067; x_wconf 79' lang='lat' dir='ltr'>qaod</span> <span class='ocrx_word' id='word_1_200' title='bbox 1332 2999 1376 3051; x_wconf 91' lang='lat' dir='ltr'>est</span> <span class='ocrx_word' id='word_1_201' title='bbox 1404 2994 1443 3051; x_wconf 90' lang='lat' dir='ltr'>de</span> <span class='ocrx_word' id='word_1_202' title='bbox 1467 2993 1579 3052; x_wconf 89' lang='lat' dir='ltr'>barba-</span> 
     </span>
     <span class='ocr_line' id='line_1_24' title="bbox 283 3093 1578 3172; baseline -0.002 -17"><span class='ocrx_word' id='word_1_203' title='bbox 283 3093 376 3155; x_wconf 84' lang='lat' dir='ltr'>rismo</span> <span class='ocrx_word' id='word_1_204' title='bbox 398 3093 536 3156; x_wconf 87' lang='lat' dir='ltr'>mutilam</span> <span class='ocrx_word' id='word_1_205' title='bbox 553 3093 699 3172; x_wconf 79' lang='lat' dir='ltr'>pertinet,</span> <span class='ocrx_word' id='word_1_206' title='bbox 723 3112 762 3156; x_wconf 89' lang='lat' dir='ltr'>ne</span> <span class='ocrx_word' id='word_1_207' title='bbox 783 3095 822 3156; x_wconf 85' lang='lat' dir='ltr'>de</span> <span class='ocrx_word' id='word_1_208' title='bbox 842 3112 878 3156; x_wconf 90' lang='lat' dir='ltr'>eo</span> <span class='ocrx_word' id='word_1_209' title='bbox 900 3093 1021 3171; x_wconf 83' lang='lat' dir='ltr'>quidem</span> <span class='ocrx_word' id='word_1_210' title='bbox 1041 3093 1158 3156; x_wconf 87' lang='lat' dir='ltr'>certius</span> <span class='ocrx_word' id='word_1_211' title='bbox 1178 3093 1274 3155; x_wconf 88' lang='lat' dir='ltr'>statui</span> <span class='ocrx_word' id='word_1_212' title='bbox 1290 3103 1400 3170; x_wconf 88' lang='lat' dir='ltr'>potest,</span> <span class='ocrx_word' id='word_1_213' title='bbox 1426 3111 1496 3155; x_wconf 87' lang='lat' dir='ltr'>aum</span> <span class='ocrx_word' id='word_1_214' title='bbox 1517 3095 1578 3154; x_wconf 86' lang='lat' dir='ltr'>Re-</span> 
     </span>
     <span class='ocr_line' id='line_1_25' title="bbox 203 3194 1578 3272; baseline -0.001 -16"><span class='ocrx_word' id='word_1_215' title='bbox 203 3202 206 3208; x_wconf 85' lang='lat'>&#39;</span> <span class='ocrx_word' id='word_1_216' title='bbox 283 3195 408 3272; x_wconf 82' lang='lat' dir='ltr'>mipinm</span> <span class='ocrx_word' id='word_1_217' title='bbox 430 3198 541 3258; x_wconf 89' lang='lat' dir='ltr'>babeat</span> <span class='ocrx_word' id='word_1_218' title='bbox 563 3204 727 3260; x_wconf 78' lang='lat' dir='ltr'>auctorem.</span> <span class='ocrx_word' id='word_1_219' title='bbox 774 3197 851 3257; x_wconf 87' lang='lat' dir='ltr'>Nam</span> <span class='ocrx_word' id='word_1_220' title='bbox 872 3195 994 3258; x_wconf 85' lang='lat' dir='ltr'>ittarmu</span> <span class='ocrx_word' id='word_1_221' title='bbox 1014 3201 1135 3272; x_wconf 77' lang='lat' dir='ltr'>glossae</span> <span class='ocrx_word' id='word_1_222' title='bbox 1151 3194 1322 3258; x_wconf 85' lang='lat' dir='ltr'>Graecismi</span> <span class='ocrx_word' id='word_1_223' title='bbox 1341 3199 1487 3271; x_wconf 78' lang='lat' dir='ltr'>toronen,</span> <span class='ocrx_word' id='word_1_224' title='bbox 1510 3195 1578 3272; x_wconf 83' lang='lat' dir='ltr'>qui-</span> 
     </span>
     <span class='ocr_line' id='line_1_26' title="bbox 283 3297 1579 3376; baseline 0 -18"><span class='ocrx_word' id='word_1_225' title='bbox 283 3299 337 3359; x_wconf 87' lang='lat' dir='ltr'>bas</span> <span class='ocrx_word' id='word_1_226' title='bbox 374 3298 506 3361; x_wconf 81' lang='lat' dir='ltr'>Tburota</span> <span class='ocrx_word' id='word_1_227' title='bbox 541 3307 667 3360; x_wconf 89' lang='lat' dir='ltr'>auctore</span> <span class='ocrx_word' id='word_1_228' title='bbox 698 3301 719 3359; x_wconf 90' lang='lat' dir='ltr'>t.</span> <span class='ocrx_word' id='word_1_229' title='bbox 747 3303 768 3360; x_wconf 93' lang='lat' dir='ltr'>t.</span> <span class='ocrx_word' id='word_1_230' title='bbox 804 3318 837 3376; x_wconf 85' lang='lat' dir='ltr'>p.</span> <span class='ocrx_word' id='word_1_231' title='bbox 861 3307 904 3362; x_wconf 72' lang='grc'>’.10</span> <span class='ocrx_word' id='word_1_232' title='bbox 936 3297 1139 3375; x_wconf 79' lang='lat' dir='ltr'>Remipianae</span> <span class='ocrx_word' id='word_1_233' title='bbox 1165 3297 1348 3360; x_wconf 77' lang='lat' dir='ltr'>barbarismi</span> <span class='ocrx_word' id='word_1_234' title='bbox 1380 3297 1579 3375; x_wconf 82' lang='lat' dir='ltr'>expositionis</span> 
     </span>
     <span class='ocr_line' id='line_1_27' title="bbox 283 3399 1578 3486; baseline 0 -25"><span class='ocrx_word' id='word_1_235' title='bbox 283 3400 394 3462; x_wconf 86' lang='lat' dir='ltr'>mentio</span> <span class='ocrx_word' id='word_1_236' title='bbox 414 3405 449 3474; x_wconf 79' lang='lat' dir='ltr'>tit</span> <span class='ocrx_word' id='word_1_237' title='bbox 472 3401 628 3486; x_wconf 75' lang='lat' dir='ltr'>(Donatum</span> <span class='ocrx_word' id='word_1_238' title='bbox 651 3403 792 3462; x_wconf 81' lang='lat' dir='ltr'>sineresis</span> <span class='ocrx_word' id='word_1_239' title='bbox 815 3409 881 3462; x_wconf 87' lang='lat' dir='ltr'>est.</span> <span class='ocrx_word' id='word_1_240' title='bbox 899 3448 906 3461; x_wconf 94' lang='lat'>.</span> <span class='ocrx_word' id='word_1_241' title='bbox 924 3448 931 3463; x_wconf 96' lang='lat'>.</span> <span class='ocrx_word' id='word_1_242' title='bbox 947 3401 1025 3462; x_wconf 89' lang='lat' dir='ltr'>unde</span> <span class='ocrx_word' id='word_1_243' title='bbox 1047 3401 1252 3479; x_wconf 81' lang='lat' dir='ltr'>Remigius:</span> <span class='ocrx_word' id='word_1_244' title='bbox 1276 3399 1323 3461; x_wconf 89' lang='lat' dir='ltr'>hic</span> <span class='ocrx_word' id='word_1_245' title='bbox 1345 3409 1432 3481; x_wconf 86' lang='lat' dir='ltr'>poete</span> <span class='ocrx_word' id='word_1_246' title='bbox 1453 3409 1578 3480; x_wconf 81' lang='lat' dir='ltr'>propter</span> 
     </span>
     <span class='ocr_line' id='line_1_28' title="bbox 286 3500 1576 3567; baseline 0.001 -5"><span class='ocrx_word' id='word_1_247' title='bbox 286 3503 489 3564; x_wconf 86' lang='lat' dir='ltr'>necessitatem</span> <span class='ocrx_word' id='word_1_248' title='bbox 518 3505 605 3565; x_wconf 86' lang='lat' dir='ltr'>metri</span> <span class='ocrx_word' id='word_1_249' title='bbox 633 3521 722 3564; x_wconf 78' lang='lat' dir='ltr'>usnam</span> <span class='ocrx_word' id='word_1_250' title='bbox 751 3502 883 3564; x_wconf 77' lang='lat' dir='ltr'>sitiebam</span> <span class='ocrx_word' id='word_1_251' title='bbox 917 3503 954 3564; x_wconf 91' lang='lat' dir='ltr'>de</span> <span class='ocrx_word' id='word_1_252' title='bbox 983 3503 1100 3565; x_wconf 91' lang='lat' dir='ltr'>duobus</span> <span class='ocrx_word' id='word_1_253' title='bbox 1130 3501 1280 3564; x_wconf 89' lang='lat' dir='ltr'>uocaiihus</span> <span class='ocrx_word' id='word_1_254' title='bbox 1307 3503 1387 3567; x_wconf 89' lang='lat' dir='ltr'>iecit.</span> <span class='ocrx_word' id='word_1_255' title='bbox 1419 3537 1461 3548; x_wconf 90' lang='lat'>—</span> <span class='ocrx_word' id='word_1_256' title='bbox 1493 3500 1576 3563; x_wconf 89' lang='lat' dir='ltr'>Idem</span> 
     </span>
     <span class='ocr_line' id='line_1_29' title="bbox 283 3603 1577 3686; baseline -0.002 -20"><span class='ocrx_word' id='word_1_257' title='bbox 283 3614 365 3686; x_wconf 83' lang='lat' dir='ltr'>patet</span> <span class='ocrx_word' id='word_1_258' title='bbox 380 3624 434 3685; x_wconf 88' lang='lat' dir='ltr'>per</span> <span class='ocrx_word' id='word_1_259' title='bbox 449 3603 657 3684; x_wconf 81' lang='lat' dir='ltr'>Remigium</span> <span class='ocrx_word' id='word_1_260' title='bbox 682 3605 829 3666; x_wconf 84' lang='lat' dir='ltr'>dicentem</span> <span class='ocrx_word' id='word_1_261' title='bbox 853 3608 909 3668; x_wconf 88' lang='lat' dir='ltr'>sio:</span> <span class='ocrx_word' id='word_1_262' title='bbox 932 3605 1041 3668; x_wconf 80' lang='lat' dir='ltr'>Zeuma</span> <span class='ocrx_word' id='word_1_263' title='bbox 1065 3615 1110 3667; x_wconf 86' lang='lat' dir='ltr'>est</span> <span class='ocrx_word' id='word_1_264' title='bbox 1131 3605 1285 3668; x_wconf 81' lang='lat' dir='ltr'>conclusio</span> <span class='ocrx_word' id='word_1_265' title='bbox 1307 3605 1385 3667; x_wconf 86' lang='lat' dir='ltr'>idest</span> <span class='ocrx_word' id='word_1_266' title='bbox 1405 3607 1577 3666; x_wconf 86' lang='lat' dir='ltr'>coniunctio</span> 
     </span>
     <span class='ocr_line' id='line_1_30' title="bbox 284 3707 1575 3788; baseline 0.001 -22"><span class='ocrx_word' id='word_1_267' title='bbox 284 3717 314 3766; x_wconf 89' lang='lat' dir='ltr'>ot</span> <span class='ocrx_word' id='word_1_268' title='bbox 336 3708 445 3768; x_wconf 78' lang='lat' dir='ltr'>dieitur</span> <span class='ocrx_word' id='word_1_269' title='bbox 467 3708 571 3784; x_wconf 78' lang='lat' dir='ltr'>figura,</span> <span class='ocrx_word' id='word_1_270' title='bbox 596 3707 714 3786; x_wconf 84' lang='lat' dir='ltr'>qnando</span> <span class='ocrx_word' id='word_1_271' title='bbox 737 3707 827 3769; x_wconf 74' lang='lat' dir='ltr'>inuita</span> <span class='ocrx_word' id='word_1_272' title='bbox 851 3708 1030 3788; x_wconf 88' lang='lat' dir='ltr'>deponentia</span> <span class='ocrx_word' id='word_1_273' title='bbox 1062 3727 1122 3770; x_wconf 92' lang='lat' dir='ltr'>uno</span> <span class='ocrx_word' id='word_1_274' title='bbox 1151 3707 1244 3769; x_wconf 85' lang='lat' dir='ltr'>uerbo</span> <span class='ocrx_word' id='word_1_275' title='bbox 1273 3707 1320 3770; x_wconf 91' lang='lat' dir='ltr'>uei</span> <span class='ocrx_word' id='word_1_276' title='bbox 1350 3725 1408 3769; x_wconf 88' lang='lat' dir='ltr'>una</span> <span class='ocrx_word' id='word_1_277' title='bbox 1429 3709 1575 3768; x_wconf 90' lang='lat' dir='ltr'>sententia</span> 
     </span>
     <span class='ocr_line' id='line_1_31' title="bbox 284 3807 1576 3889; baseline 0 -21"><span class='ocrx_word' id='word_1_278' title='bbox 284 3809 470 3871; x_wconf 84' lang='lat' dir='ltr'>cianduutus.</span> <span class='ocrx_word' id='word_1_279' title='bbox 487 3843 530 3856; x_wconf 91' lang='lat'>-</span> <span class='ocrx_word' id='word_1_280' title='bbox 545 3809 684 3871; x_wconf 80' lang='lat' dir='ltr'>Pretesea</span> <span class='ocrx_word' id='word_1_281' title='bbox 709 3810 781 3870; x_wconf 90' lang='lat' dir='ltr'>dicit</span> <span class='ocrx_word' id='word_1_282' title='bbox 794 3809 996 3889; x_wconf 82' lang='lat' dir='ltr'>Remigius:</span> <span class='ocrx_word' id='word_1_283' title='bbox 1019 3810 1086 3871; x_wconf 92' lang='lat' dir='ltr'>ideo</span> <span class='ocrx_word' id='word_1_284' title='bbox 1109 3811 1141 3870; x_wconf 86' lang='lat' dir='ltr'>m</span> <span class='ocrx_word' id='word_1_285' title='bbox 1163 3811 1273 3871; x_wconf 88' lang='lat' dir='ltr'>uiciosa</span> <span class='ocrx_word' id='word_1_286' title='bbox 1291 3807 1366 3887; x_wconf 83' lang='lat' dir='ltr'>(scit.</span> <span class='ocrx_word' id='word_1_287' title='bbox 1383 3807 1576 3889; x_wconf 77' lang='lat' dir='ltr'>cacosynthe-</span> 
     </span>
     <span class='ocr_line' id='line_1_32' title="bbox 286 3910 1576 3992; baseline 0.001 -21"><span class='ocrx_word' id='word_1_288' title='bbox 286 3921 336 3972; x_wconf 90' lang='lat' dir='ltr'>ton</span> <span class='ocrx_word' id='word_1_289' title='bbox 356 3913 469 3992; x_wconf 76' lang='lat' dir='ltr'>fipura)</span> <span class='ocrx_word' id='word_1_290' title='bbox 497 3914 565 3990; x_wconf 87' lang='lat' dir='ltr'>quia</span> <span class='ocrx_word' id='word_1_291' title='bbox 593 3910 706 3973; x_wconf 87' lang='lat' dir='ltr'>scilicet</span> <span class='ocrx_word' id='word_1_292' title='bbox 732 3911 844 3981; x_wconf 81' lang='lat' dir='ltr'>littere.</span> <span class='ocrx_word' id='word_1_293' title='bbox 874 3930 931 3991; x_wconf 86' lang='lat' dir='ltr'>que</span> <span class='ocrx_word' id='word_1_294' title='bbox 959 3931 1036 3992; x_wconf 88' lang='lat' dir='ltr'>pene</span> <span class='ocrx_word' id='word_1_295' title='bbox 1065 3931 1120 3992; x_wconf 85' lang='lat' dir='ltr'>pro</span> <span class='ocrx_word' id='word_1_296' title='bbox 1148 3911 1250 3973; x_wconf 85' lang='lat' dir='ltr'>sitiaba</span> <span class='ocrx_word' id='word_1_297' title='bbox 1274 3913 1434 3991; x_wconf 84' lang='lat' dir='ltr'>accipitur.</span> <span class='ocrx_word' id='word_1_298' title='bbox 1463 3912 1576 3972; x_wconf 85' lang='lat' dir='ltr'>inimo</span> 
     </span>
     <span class='ocr_line' id='line_1_33' title="bbox 282 4013 1575 4094; baseline -0.004 -18"><span class='ocrx_word' id='word_1_299' title='bbox 282 4016 403 4094; x_wconf 83' lang='lat' dir='ltr'>ponitus</span> <span class='ocrx_word' id='word_1_300' title='bbox 426 4014 587 4094; x_wconf 87' lang='lat' dir='ltr'>dictionis),</span> <span class='ocrx_word' id='word_1_301' title='bbox 617 4017 677 4076; x_wconf 79' lang='lat' dir='ltr'>deta</span> <span class='ocrx_word' id='word_1_302' title='bbox 699 4013 798 4090; x_wconf 81' lang='lat' dir='ltr'>primi</span> <span class='ocrx_word' id='word_1_303' title='bbox 820 4033 840 4075; x_wconf 91' lang='lat' dir='ltr'>a</span> <span class='ocrx_word' id='word_1_304' title='bbox 862 4014 941 4076; x_wconf 87' lang='lat' dir='ltr'>libro</span> <span class='ocrx_word' id='word_1_305' title='bbox 966 4013 1151 4076; x_wconf 82' lang='lat' dir='ltr'>Eiasicitensi</span> <span class='ocrx_word' id='word_1_306' title='bbox 1173 4013 1351 4091; x_wconf 81' lang='lat' dir='ltr'>discrepant</span> <span class='ocrx_word' id='word_1_307' title='bbox 1373 4015 1418 4090; x_wconf 93' lang='lat' dir='ltr'>(p.</span> <span class='ocrx_word' id='word_1_308' title='bbox 1444 4019 1511 4086; x_wconf 73' lang='lat'>267,</span> <span class='ocrx_word' id='word_1_309' title='bbox 1538 4021 1575 4072; x_wconf 86' lang='lat'>15</span> 
     </span>
     <span class='ocr_line' id='line_1_34' title="bbox 282 4116 1412 4197; baseline -0.001 -20"><span class='ocrx_word' id='word_1_310' title='bbox 282 4127 311 4177; x_wconf 92' lang='lat' dir='ltr'>et</span> <span class='ocrx_word' id='word_1_311' title='bbox 329 4137 364 4194; x_wconf 91' lang='lat' dir='ltr'>p.</span> <span class='ocrx_word' id='word_1_312' title='bbox 391 4125 456 4192; x_wconf 74' lang='lat'>2⁶9,</span> <span class='ocrx_word' id='word_1_313' title='bbox 484 4122 544 4197; x_wconf 85' lang='lat' dir='ltr'>to),</span> <span class='ocrx_word' id='word_1_314' title='bbox 568 4116 675 4178; x_wconf 85' lang='lat' dir='ltr'>tertius</span> <span class='ocrx_word' id='word_1_315' title='bbox 696 4116 729 4178; x_wconf 86' lang='lat' dir='ltr'>iu</span> <span class='ocrx_word' id='word_1_316' title='bbox 751 4135 789 4177; x_wconf 92' lang='lat' dir='ltr'>ea</span> <span class='ocrx_word' id='word_1_317' title='bbox 811 4135 890 4194; x_wconf 81' lang='lat' dir='ltr'>quae</span> <span class='ocrx_word' id='word_1_318' title='bbox 910 4126 1034 4179; x_wconf 88' lang='lat' dir='ltr'>seruata</span> <span class='ocrx_word' id='word_1_319' title='bbox 1056 4125 1100 4178; x_wconf 89' lang='lat' dir='ltr'>est</span> <span class='ocrx_word' id='word_1_320' title='bbox 1115 4126 1210 4193; x_wconf 86' lang='lat' dir='ltr'>parte</span> <span class='ocrx_word' id='word_1_321' title='bbox 1235 4135 1296 4178; x_wconf 90' lang='lat' dir='ltr'>nou</span> <span class='ocrx_word' id='word_1_322' title='bbox 1318 4125 1412 4177; x_wconf 76' lang='lat' dir='ltr'>estat.</span> 
     </span>
    </p>
   </div>
   <div class='ocr_carea' id='block_1_6' title="bbox 217 4233 1575 4520">
    <p class='ocr_par' dir='ltr' id='par_1_6' title="bbox 217 4233 1575 4520">
     <span class='ocr_line' id='line_1_35' title="bbox 366 4233 1575 4314; baseline -0.001 -17"><span class='ocrx_word' id='word_1_323' title='bbox 366 4238 405 4299; x_wconf 92' lang='lat' dir='ltr'>Iu</span> <span class='ocrx_word' id='word_1_324' title='bbox 427 4239 487 4298; x_wconf 87' lang='lat' dir='ltr'>bac</span> <span class='ocrx_word' id='word_1_325' title='bbox 508 4255 626 4314; x_wconf 82' lang='lat' dir='ltr'>qnoque</span> <span class='ocrx_word' id='word_1_326' title='bbox 648 4245 742 4314; x_wconf 87' lang='lat' dir='ltr'>parte</span> <span class='ocrx_word' id='word_1_327' title='bbox 768 4236 926 4300; x_wconf 90' lang='lat' dir='ltr'>commenti</span> <span class='ocrx_word' id='word_1_328' title='bbox 947 4236 1114 4298; x_wconf 87' lang='lat' dir='ltr'>Berneusis</span> <span class='ocrx_word' id='word_1_329' title='bbox 1141 4236 1209 4298; x_wconf 85' lang='lat' dir='ltr'>aad.</span> <span class='ocrx_word' id='word_1_330' title='bbox 1234 4233 1430 4312; x_wconf 71' lang='lat' dir='ltr'>subprioris</span> <span class='ocrx_word' id='word_1_331' title='bbox 1452 4234 1575 4296; x_wconf 78' lang='lat' dir='ltr'>auxilio</span> 
     </span>
     <span class='ocr_line' id='line_1_36' title="bbox 282 4337 1573 4416; baseline 0 -18"><span class='ocrx_word' id='word_1_332' title='bbox 282 4338 399 4414; x_wconf 83' lang='lat' dir='ltr'>aliquot</span> <span class='ocrx_word' id='word_1_333' title='bbox 419 4337 480 4401; x_wconf 86' lang='lat' dir='ltr'>toci</span> <span class='ocrx_word' id='word_1_334' title='bbox 501 4342 666 4400; x_wconf 84' lang='lat' dir='ltr'>inlustrari</span> <span class='ocrx_word' id='word_1_335' title='bbox 681 4347 835 4416; x_wconf 86' lang='lat' dir='ltr'>poterant,</span> <span class='ocrx_word' id='word_1_336' title='bbox 860 4343 949 4414; x_wconf 87' lang='lat' dir='ltr'>unde,</span> <span class='ocrx_word' id='word_1_337' title='bbox 973 4347 1006 4401; x_wconf 88' lang='lat' dir='ltr'>ut</span> <span class='ocrx_word' id='word_1_338' title='bbox 1027 4342 1100 4400; x_wconf 86' lang='lat' dir='ltr'>iibri</span> <span class='ocrx_word' id='word_1_339' title='bbox 1120 4337 1323 4400; x_wconf 79' lang='lat' dir='ltr'>Etusidtensis</span> <span class='ocrx_word' id='word_1_340' title='bbox 1342 4341 1489 4400; x_wconf 87' lang='lat' dir='ltr'>lacunosa</span> <span class='ocrx_word' id='word_1_341' title='bbox 1503 4355 1573 4398; x_wconf 86' lang='lat' dir='ltr'>cou-</span> 
     </span>
     <span class='ocr_line' id='line_1_37' title="bbox 217 4439 1235 4520; baseline 0.006 -24"><span class='ocrx_word' id='word_1_342' title='bbox 217 4487 222 4496; x_wconf 92' lang='lat'>.</span> <span class='ocrx_word' id='word_1_343' title='bbox 282 4440 365 4501; x_wconf 74' lang='lat' dir='ltr'>(ticio</span> <span class='ocrx_word' id='word_1_344' title='bbox 388 4439 577 4518; x_wconf 81' lang='lat' dir='ltr'>aliquantam</span> <span class='ocrx_word' id='word_1_345' title='bbox 599 4450 810 4519; x_wconf 83' lang='lat' dir='ltr'>repararetur,</span> <span class='ocrx_word' id='word_1_346' title='bbox 834 4443 910 4504; x_wconf 88' lang='lat' dir='ltr'>baec</span> <span class='ocrx_word' id='word_1_347' title='bbox 930 4441 1057 4520; x_wconf 88' lang='lat' dir='ltr'>insuper</span> <span class='ocrx_word' id='word_1_348' title='bbox 1077 4439 1235 4517; x_wconf 82' lang='lat' dir='ltr'>excerpsi:</span> 
     </span>
    </p>
   </div>
   <div class='ocr_carea' id='block_1_7' title="bbox 282 4557 1574 4949">
    <p class='ocr_par' dir='ltr' id='par_1_7' title="bbox 282 4557 1574 4949">
     <span class='ocr_line' id='line_1_38' title="bbox 367 4557 1574 4640; baseline 0 -21"><span class='ocrx_word' id='word_1_349' title='bbox 367 4561 388 4621; x_wconf 90' lang='lat' dir='ltr'>i.</span> <span class='ocrx_word' id='word_1_350' title='bbox 413 4557 472 4621; x_wconf 72' lang='lat'>181¹</span> <span class='ocrx_word' id='word_1_351' title='bbox 500 4561 595 4634; x_wconf 84' lang='lat' dir='ltr'>(Dan.</span> <span class='ocrx_word' id='word_1_352' title='bbox 621 4580 654 4638; x_wconf 87' lang='lat' dir='ltr'>p.</span> <span class='ocrx_word' id='word_1_353' title='bbox 680 4569 749 4636; x_wconf 82' lang='lat'>392,</span> <span class='ocrx_word' id='word_1_354' title='bbox 775 4568 809 4639; x_wconf 84' lang='lat'>5)</span> <span class='ocrx_word' id='word_1_355' title='bbox 837 4560 1046 4624; x_wconf 84' lang='lat' dir='ltr'>Barbacismns</span> <span class='ocrx_word' id='word_1_356' title='bbox 1075 4561 1183 4622; x_wconf 84' lang='lat' dir='ltr'>dieitur</span> <span class='ocrx_word' id='word_1_357' title='bbox 1216 4580 1232 4620; x_wconf 88' lang='lat' dir='ltr'>a</span> <span class='ocrx_word' id='word_1_358' title='bbox 1261 4559 1397 4622; x_wconf 81' lang='lat' dir='ltr'>baubonis</span> <span class='ocrx_word' id='word_1_359' title='bbox 1424 4558 1574 4640; x_wconf 63' lang='lat' dir='ltr'>gentibus</span> 
     </span>
     <span class='ocr_line' id='line_1_39' title="bbox 283 4661 1574 4744; baseline 0 -22"><span class='ocrx_word' id='word_1_360' title='bbox 283 4663 352 4722; x_wconf 91' lang='lat' dir='ltr'>dnm</span> <span class='ocrx_word' id='word_1_361' title='bbox 381 4663 461 4723; x_wconf 92' lang='lat' dir='ltr'>enim</span> <span class='ocrx_word' id='word_1_362' title='bbox 489 4663 614 4726; x_wconf 84' lang='lat' dir='ltr'>Romani</span> <span class='ocrx_word' id='word_1_363' title='bbox 642 4671 734 4726; x_wconf 90' lang='lat' dir='ltr'>totum</span> <span class='ocrx_word' id='word_1_364' title='bbox 763 4664 866 4726; x_wconf 83' lang='lat' dir='ltr'>orbem</span> <span class='ocrx_word' id='word_1_365' title='bbox 894 4665 924 4724; x_wconf 93' lang='lat' dir='ltr'>in</span> <span class='ocrx_word' id='word_1_366' title='bbox 953 4682 1004 4725; x_wconf 89' lang='lat' dir='ltr'>sna</span> <span class='ocrx_word' id='word_1_367' title='bbox 1032 4662 1145 4724; x_wconf 89' lang='lat' dir='ltr'>ditione</span> <span class='ocrx_word' id='word_1_368' title='bbox 1173 4671 1326 4733; x_wconf 81' lang='lat' dir='ltr'>tenerent,</span> <span class='ocrx_word' id='word_1_369' title='bbox 1360 4661 1502 4744; x_wconf 87' lang='lat' dir='ltr'>quosdam</span> <span class='ocrx_word' id='word_1_370' title='bbox 1535 4661 1574 4722; x_wconf 91' lang='lat' dir='ltr'>de</span> 
     </span>
     <span class='ocr_line' id='line_1_40' title="bbox 282 4763 1573 4844; baseline 0.001 -21"><span class='ocrx_word' id='word_1_371' title='bbox 282 4763 408 4824; x_wconf 87' lang='lat' dir='ltr'>diuersis</span> <span class='ocrx_word' id='word_1_372' title='bbox 436 4763 570 4844; x_wconf 84' lang='lat' dir='ltr'>partibus</span> <span class='ocrx_word' id='word_1_373' title='bbox 598 4765 721 4827; x_wconf 82' lang='lat' dir='ltr'>Romam</span> <span class='ocrx_word' id='word_1_374' title='bbox 751 4767 856 4827; x_wconf 89' lang='lat' dir='ltr'>uenire</span> <span class='ocrx_word' id='word_1_375' title='bbox 889 4768 1037 4836; x_wconf 84' lang='lat' dir='ltr'>iecerunt,</span> <span class='ocrx_word' id='word_1_376' title='bbox 1072 4773 1104 4826; x_wconf 90' lang='lat' dir='ltr'>nt</span> <span class='ocrx_word' id='word_1_377' title='bbox 1130 4764 1172 4826; x_wconf 87' lang='lat' dir='ltr'>ibi</span> <span class='ocrx_word' id='word_1_378' title='bbox 1200 4765 1386 4828; x_wconf 84' lang='lat' dir='ltr'>Latinitatem</span> <span class='ocrx_word' id='word_1_379' title='bbox 1415 4765 1573 4834; x_wconf 83' lang='lat' dir='ltr'>discerent,</span> 
     </span>
     <span class='ocr_line' id='line_1_41' title="bbox 282 4865 1572 4949; baseline 0.002 -21"><span class='ocrx_word' id='word_1_380' title='bbox 282 4869 419 4947; x_wconf 86' lang='lat' dir='ltr'>quatinus</span> <span class='ocrx_word' id='word_1_381' title='bbox 442 4867 496 4948; x_wconf 86' lang='lat' dir='ltr'>ipsi</span> <span class='ocrx_word' id='word_1_382' title='bbox 519 4886 594 4927; x_wconf 54' lang='lat' dir='ltr'>casin.</span> <span class='ocrx_word' id='word_1_383' title='bbox 609 4867 750 4928; x_wconf 86' lang='lat' dir='ltr'>Romanis</span> <span class='ocrx_word' id='word_1_384' title='bbox 773 4875 802 4926; x_wconf 85' lang='lat' dir='ltr'>et</span> <span class='ocrx_word' id='word_1_385' title='bbox 823 4867 948 4930; x_wconf 89' lang='lat' dir='ltr'>Romani</span> <span class='ocrx_word' id='word_1_386' title='bbox 971 4887 1039 4928; x_wconf 73' lang='lat' dir='ltr'>etim</span> <span class='ocrx_word' id='word_1_387' title='bbox 1062 4867 1122 4929; x_wconf 88' lang='lat' dir='ltr'>iiiis</span> <span class='ocrx_word' id='word_1_388' title='bbox 1144 4866 1226 4948; x_wconf 89' lang='lat' dir='ltr'>ioqui</span> <span class='ocrx_word' id='word_1_389' title='bbox 1241 4877 1372 4949; x_wconf 81' lang='lat' dir='ltr'>possent.</span> <span class='ocrx_word' id='word_1_390' title='bbox 1412 4865 1454 4927; x_wconf 93' lang='lat' dir='ltr'>iiii</span> <span class='ocrx_word' id='word_1_391' title='bbox 1472 4875 1572 4930; x_wconf 86' lang='lat' dir='ltr'>antem</span> 
     </span>
    </p>
   </div>
   <div class='ocr_carea' id='block_1_8' title="bbox 0 0 1694 5550">
    <p class='ocr_par' dir='ltr' id='par_1_8' title="bbox 0 0 1694 5550">
     <span class='ocr_line' id='line_1_42' title="bbox 0 0 1694 5550; baseline 0 3"><span class='ocrx_word' id='word_1_392' title='bbox 0 0 1694 5550; x_wconf 95' lang='lat' dir='ltr'> </span> 
     </span>
    </p>
   </div>
  </div>
 </body>
</html>
