3560 5574
516 383 554 440 IN
573 383 948 441 nou.ssanuen1suvtt.
1309 377 1372 448 269

77 579 162 659 sequi
186 578 313 648 debent,
337 585 567 658 anteponuntur.
614 575 763 637 luteres
786 593 893 654 reges
915 575 1064 653 ingenti
1087 572 1181 634 mule
1203 571 1371 644 Latinus,
1386 601 1407 642 p.
1421 587 1466 638 nor,
1483 589 1506 629 u

78 680 274 759 ‘Quadriiugo
298 679 415 742 uehitur
437 697 543 749 curru,
573 679 621 738 cui
643 687 777 757 tempora
800 679 913 738 circum
938 677 1042 737 Aurati
1070 675 1117 737 bis
1144 693 1196 738 sex
1218 674 1294 737 radii
1315 675 1371 737 lul-

77 785 177 860 geutia
201 785 340 860 iungunt,
364 779 440 841 Sulis
462 783 510 842 aui
532 781 699 858 specimen;
728 779 804 856 bigis
827 779 849 839 it
870 778 989 839 Turnus
1010 779 1041 837 in
1063 776 1152 847 albis,
1182 777 1255 838 Bina
1283 795 1372 838 manu

79 885 136 946 lato
165 887 302 964 crispans
329 882 444 943 hastilia
473 883 563 943 lerro.
609 881 683 942 llinc
705 889 790 960 pater
816 881 943 949 Aeneas,
972 878 1122 940 Romanae
1150 879 1251 959 stirpis
1278 879 1371 958 origo,

54 987 204 1048 ⁵Sidcreo
232 987 359 1064 llagrans
386 984 481 1064 clipeo
511 993 541 1042 et
567 981 745 1043 caelestibus
772 983 863 1042 armis
889 981 926 1041 Et
952 982 1033 1042 iuxta
1060 981 1219 1052 Ascanius,
1248 998 1372 1060 magnae

77 1107 146 1168 spes
169 1087 262 1149 altera
286 1087 412 1157 Romae,
435 1083 604 1147 Precedunt
625 1085 755 1145 eastris!
797 1083 938 1144 Primitus
960 1081 1110 1144 debuisset
1132 1082 1232 1145 dicere
1255 1087 1373 1163 ‘prooe-

79 1191 174 1260 dunt’,
199 1189 237 1250 ad
259 1187 395 1250 ultimum
412 1205 485 1248 uero
500 1187 621 1264 ‘regest
637 1186 700 1256 sed,
717 1203 784 1246 cunr
800 1186 968 1266 anteposuit
983 1183 1071 1259 illud,
1094 1183 1174 1262 quod
1190 1196 1236 1246 est
1251 1187 1371 1265 ‘reges',

80 1293 149 1354 lecit
177 1291 340 1372 prolepsin,
390 1290 453 1350 ileo
482 1288 663 1366 Virgilius
696 1287 768 1348 dicit
800 1286 837 1347 de
864 1285 1001 1365 regibus,
1033 1287 1139 1348 Latino
1173 1285 1311 1348 uidelicet
1343 1295 1373 1347 et

80 1396 182 1455 l'urno
212 1401 299 1473 atque
326 1397 440 1460 Aenea,
469 1392 519 1469 qui
541 1389 578 1450 ad
601 1388 705 1450 loedus
727 1388 897 1450 laciendum
920 1399 1073 1450 uenerant.

48 1511 68 1548 1⁰
163 1495 322 1572 Zeugma
345 1499 441 1573 potest
461 1493 519 1552 dici
542 1491 728 1560 coniunctio,
751 1491 820 1572 quia
841 1487 946 1570 ζεύγω
962 1491 1074 1552 Graece
1096 1493 1244 1570 coniunge
1266 1491 1374 1552 dieitur
1387 1521 1408 1560 p.
1423 1510 1468 1558 aar,
1483 1510 1508 1548 aa

83 1599 192 1660 Latine.
239 1593 425 1659 Clausulis
447 1592 649 1662 sententiolis;
678 1601 777 1672 apte,
806 1611 951 1672 congrue:
981 1595 1196 1663 coniuncta,
1224 1592 1372 1672 copulata.
1389 1623 1409 1664 p.
1423 1612 1469 1658 eor,
1484 1613 1509 1650 1o

82 1700 279 1778 iuterpres
301 1698 426 1757 diuum
447 1697 661 1774 interpretator
683 1694 817 1756 deorum.
848 1693 922 1755 lllud
939 1693 1075 1764 uerbum,
1092 1695 1171 1776 quod
1187 1705 1232 1756 est
1247 1697 1374 1765 ‘sentis’,
1389 1725 1410 1765 p.
1423 1713 1468 1760 sor,
1485 1713 1506 1750 u

83 1820 170 1862 urnam
193 1816 343 1881 quamque
364 1797 572 1859 sententiolam
595 1795 707 1857 claudit
730 1800 783 1859 ita:
808 1796 844 1857 ‘0
859 1797 1042 1876 Troiugena,
1064 1799 1212 1876 interpres
1234 1798 1337 1860 diuum
1352 1801 1372 1858 i·

83 1906 293 1980 interpretator
313 1900 452 1970 deorum,
481 1901 533 1979 qui
555 1901 676 1960 numina
700 1897 812 1960 Phoebi
835 1902 928 1961 sentis
950 1900 969 1958 i·
993 1898 1207 1961 diuinationem
1229 1890 1392 1980 Apollinis

51 2019 71 2058 1⁵
83 2005 232 2084 intelligis,
248 2005 299 2085 qui
314 2002 446 2082 tripodas
461 2001 550 2062 Clarii
565 1999 664 2062 lauros
679 2003 794 2062 sentis!
824 2000 940 2062 Clarius
955 2001 1053 2063 dictus
1067 2002 1226 2082 estApollo,
1244 2020 1279 2063 eo
1295 2002 1373 2082 quud

82 2111 109 2168 in
131 2106 230 2168 Clario
258 2114 359 2166 monte
387 2104 442 2164 luit
469 2105 608 2165 nutritus.
651 2103 761 2181 'l'ripus
789 2112 912 2164 uocatur
941 2122 1042 2166 mensa
1069 2104 1251 2184 Apollinisa
1279 2105 1374 2166 tribus

82 2207 206 2288 pedibus
229 2207 316 2268 dicta.
362 2207 477 2267 Laurus
499 2203 589 2266 arbor
608 2205 736 2285 Apollini
758 2213 929 2266 consecrata
951 2214 1004 2268 est.
1050 2206 1102 2268 mr
1123 2203 1203 2286 enirn
1226 2206 1373 2288 quoddam

82 2329 171 2389 genus
192 2309 270 2370 lauri
301 2307 415 2369 habens
438 2317 499 2368 tres
521 2307 638 2390 radices
659 2308 689 2368 in
712 2307 820 2388 qulbus
842 2306 986 2370 diuinatio
1008 2311 1133 2387 capitur.
1178 2309 1258 2371 llaec
1280 2309 1373 2371 uerba

81 2411 210 2490 loquitur
224 2414 339 2473 Aeneas
361 2411 397 2471 ad
414 2408 426 2493 ΙΙ
441 2429 470 2489 p.
486 2405 550 2470 200
565 2405 576 2490 ΙΙ
592 2408 737 2470 llelenum
761 2421 860 2471 uatem
882 2409 993 2472 Priami
1016 2409 1117 2472 utinm.
1156 2411 1224 2484 Oui
1247 2412 1372 2473 sidera

53 2517 203 2577 neentis
225 2516 246 2574 i·
270 2513 372 2592 quiin
395 2509 542 2572 sideribus
564 2513 647 2590 capis
668 2511 895 2574 diuinationem.

163 2615 402 2697 llypozeuxis
424 2623 480 2675 est
501 2615 624 2692 ligura
647 2615 842 2694 superiori
863 2618 884 2675 i·
906 2633 1048 2694 zeugmae
1071 2618 1282 2688 contraria,
1306 2618 1505 2698 quianeamo

85 2737 202 2799 zeugma
226 2718 364 2797 superior
384 2715 479 2794 figura
502 2733 561 2776 uno
584 2715 679 2776 uerbo
701 2715 810 2777 multas
832 2715 978 2778 clausulas
1001 2719 1169 2796 coniungit,
1193 2717 1374 2800 hypozeuxis

86 2841 153 2883 uero
175 2818 301 2898 singulis
324 2816 463 2880 clausulis
486 2817 600 2896 singula
617 2816 707 2879 uerba
725 2820 888 2897 corriungit.
927 2819 967 2880 Vt
989 2835 1111 2897 regem
1135 2819 1214 2881 adit
1237 2829 1272 2882 et
1294 2824 1373 2900 regi
1387 2850 1407 2890 p.
1421 2840 1466 2888 eor,
1480 2842 1504 2880 ει

88 2930 263 2984 memorat
285 2937 494 3000 nomenque
516 2937 719 3000 genusque.
765 2920 807 2982 lle
828 2923 927 2982 Aenea
950 2922 980 2982 lu
997 2920 1154 2998 Virgilio
1177 2921 1233 2982 laec
1255 2921 1371 3001 legitur,

57 3029 136 3105 arqui
157 3044 225 3087 cunr
248 3023 430 3105 perrexisset
451 3020 488 3082 ad
510 3021 707 3084 Tarchontem
730 3039 846 3100 regem,
870 3031 903 3084 ut
923 3030 1039 3103 peteret
1060 3025 1088 3082 ei
1111 3023 1268 3094 auxilium,
1296 3025 1372 3086 indi·

88 3131 162 3190 cauit
182 3129 209 3188 ei
232 3143 342 3187 nomen
363 3141 450 3185 suum
474 3134 504 3185 et
525 3142 628 3202 genus.

165 3227 355 3310 syllepsis
377 3233 434 3286 est
456 3225 700 3287 dissimilium
724 3227 976 3289 clausularum
999 3231 1065 3306 p'er
1088 3245 1197 3289 unum
1221 3228 1507 3301 uerbump.aor,ea

89 3331 342 3412 conglutinata
381 3329 407 3388 i·
438 3331 595 3390 coniuncta
635 3330 850 3408 conceptio,
886 3336 929 3390 ut
963 3329 1034 3390 hie
1071 3332 1097 3391 i·
1126 3331 1158 3390 in
1186 3329 1507 3410 Carthaginensem

89 3433 188 3495 lilius
209 3437 231 3494 i·
254 3431 393 3502 lunonis;
423 3448 534 3500 arma,
559 3429 619 3491 hie
641 3449 775 3493 currus
797 3431 876 3492 luit.
913 3429 976 3493 Hoc
992 3430 1178 3509 Virgilius
1201 3431 1238 3493 de
1259 3433 1373 3495 lunone

60 3533 162 3596 ttdicit.
212 3531 376 3596 Dissimiles
410 3531 558 3594 clausulae
591 3539 678 3594 uocat
717 3532 877 3594 dissimiles
909 3550 1052 3594 numeros
1079 3536 1103 3593 i·
1133 3534 1314 3613 singularem
1344 3545 1373 3596 et

92 3635 244 3713 pluralem,
273 3637 325 3715 qui
353 3653 413 3696 uno
441 3633 535 3696 uerbo
563 3635 798 3714 coniunguntur,
827 3643 860 3695 ut
882 3634 948 3696 ‘hie
970 3634 1047 3696 illius
1069 3655 1165 3705 arma,
1195 3635 1244 3698 hic
1266 3655 1372 3698 currus

93 3738 155 3798 luit’
176 3758 236 3800 uno
258 3736 367 3807 uerbo,
392 3736 470 3815 quod
493 3746 538 3798 est
560 3736 659 3806 ‘luit',
690 3737 845 3816 coniungit
866 3736 1011 3816 pluralem
1034 3756 1189 3800 numerum
1212 3740 1232 3799 i·
1256 3743 1373 3801 ‘arnna'

93 3847 118 3898 et
140 3841 318 3920 singularem
346 3842 373 3900 i·
402 3840 553 3901 ‘currus'.
602 3839 666 3900 lloc
699 3845 796 3900 autern
831 3839 1057 3910 attendendum,
1086 3841 1154 3918 quia
1181 3840 1307 3902 uerbum
1336 3841 1372 3902 ad

150 4126 782 4196 tquedriiugo]Verg.Aen.X11161-1⁶9
867 4129 1011 4196 3speciem
1096 4129 1269 4196 8prolemsin
1356 4131 1372 4181 9

95 4209 173 4247 reuma
242 4201 275 4250 10
292 4212 374 4264 zeugo
453 4197 486 4246 16
504 4198 585 4261 tripes
672 4199 704 4248 18
722 4197 747 4245 iu
766 4197 859 4259 quibus
877 4198 1002 4247 diuinatio
1020 4194 1131 4265 cupitur]
1151 4199 1185 4262 ef.
1204 4199 1321 4248 Sentium
1338 4201 1374 4249 ud

99 4265 167 4331 Verp.
179 4267 244 4320 Aen.
257 4265 310 4316 111
327 4269 393 4316 359.-
410 4265 459 4338 Per
477 4262 584 4314 ‘laurus'
603 4276 687 4314 nutent
707 4265 835 4314 oraculum
854 4265 1033 4332 intellegimus.
1104 4271 1135 4318 lu
1151 4267 1238 4317 Verba
1250 4267 1371 4316 Helenum

1207 4343 1220 4372 tt
1347 4345 1360 4372 Ι

97 4395 169 4433 nutem
183 4385 318 4451 putredine
335 4391 499 4435 euunuerurrt.
554 4385 585 4435 21
605 4385 744 4449 yponensis
796 4401 901 4436 zeumue
954 4387 987 4436 22
1005 4400 1095 4436 zeumu
1145 4385 1233 4455 multis
1249 4386 1371 4452 clausulis

96 4452 123 4500 td
138 4465 269 4505 mreontern
338 4454 372 4503 2⁷
390 4453 501 4503 silemsis
569 4453 602 4503 28
620 4454 646 4502 iu
663 4453 812 4520 clrnrtogiue

1099 4529 1108 4560 t

99 4581 310 4598 *-—-——-.-

98 4672 154 4720 enim
170 4675 250 4725 dicere
267 4675 389 4726 contiuuo
408 4676 493 4738 ‘reges
512 4674 608 4738 ingenti
627 4675 693 4726 mole
711 4674 853 4740 procedunt
870 4677 982 4735 castris’,
1007 4675 1099 4726 deinde
1117 4675 1256 4728 ‘Latinus’.
1293 4677 1371 4728 Cuius

99 4741 126 4786 rei
148 4745 287 4808 exemplum
309 4744 357 4792 boc
380 4755 432 4793 est:
463 4741 601 4793 ‘Continuo
628 4759 701 4808 reges
725 4745 821 4808 ingenti
845 4744 911 4793 nrole
933 4743 1039 4794 Latinus
1061 4771 1094 4780 -
1116 4748 1257 4810 procedunt
1280 4749 1371 4797 rostris

100 4821 199 4920 puraque
215 4813 240 4861 in
260 4826 330 4862 ueste
348 4811 490 4860 sacerdus)
526 4809 592 4860 llaec
610 4811 672 4860 dicit
688 4812 720 4862 de
738 4823 863 4861 conuentu
882 4827 969 4878 regum
990 4812 1073 4863 laatirrl
1092 4825 1116 4863 et
1131 4815 1210 4864 'l'urni
1230 4819 1331 4865 Aeneae
1348 4827 1372 4866 et

100 4909 107 4919 .
118 4890 197 4928 scauri.
