3354 5580
559 397 706 448 concors
724 371 930 450 nunnunsrs
949 401 990 451 cs.
1365 395 1424 461 119

213 583 356 654 ‘Circus’‚
380 591 413 646 ut
441 587 483 645 ait
515 586 549 646 in
581 584 745 664 epistol'a
774 584 815 645 ad
845 583 1027 647 Euodiurn
1055 587 1284 664 Augustinus
1311 585 1424 646 Graece

110 685 238 747 dicitur
259 685 388 747 chasma.
850 701 855 710 '

213 889 216 971 ξ
243 889 262 950 l.
280 887 318 951 7¹³
336 889 351 974 ll
374 889 447 951 Nam
471 908 526 952 nec
548 893 578 951 in
602 891 649 952 lris
672 893 744 971 ipsis
768 890 905 952 uidelicet
930 892 995 951 ‘sis’
1013 899 1042 952 ct
1064 890 1163 952 ‘uelis'
1188 908 1283 970 neque
1307 891 1336 950 in
1360 891 1425 952 aliis

111 990 229 1053 rrerbis
263 993 463 1054 coniunctiuis
498 993 650 1072 praeteriti
684 992 731 1054 uel
762 993 854 1054 luturi
889 991 978 1054 debet
1010 991 1157 1054 ullatenus
1185 995 1214 1052 in
1243 993 1424 1072 paenultinm

77 1091 251 1174 »pluralis
272 1095 390 1156 numeri
413 1096 576 1174 primarum
600 1113 652 1156 seu
676 1093 873 1156 secundarum
897 1111 1092 1172 personarunt
1109 1096 1219 1172 corripi
1243 1100 1317 1154 teste
1340 1095 1426 1155 Ser·

112 1199 190 1256 uio
210 1213 300 1275 super
323 1195 526 1274 Virgilium
549 1199 584 1256 in
609 1195 708 1256 libro
731 1195 773 1256 Vl
796 1195 1047 1258 Aeneidorum
1070 1195 1107 1256 de
1130 1194 1292 1275 praeterito

232 1297 442 1376 Egerimus,
466 1301 565 1358 nosti
590 1305 626 1358 et
647 1299 801 1358 nimium
825 1299 1043 1358 meminisse
1066 1314 1223 1358 neccsse
1246 1307 1312 1356 est.
1378 1335 1385 1346 ι

112 1401 173 1462 Ait
202 1400 297 1460 enirn:
334 1399 393 1460 ‘lli
431 1401 663 1461 necessitate
700 1401 808 1460 metri
846 1400 1057 1479 corripuit.'
1107 1399 1146 1459 Et
1173 1399 1360 1460 iuuencus
1388 1399 1424 1458 de

112 1502 227 1562 futuro
249 1508 388 1562 testatur:

70 1619 98 1658 ιο
302 1603 374 1664 Nec
396 1601 555 1664 canibus
577 1611 745 1663 sanctum
769 1602 952 1663 dederitis
975 1620 1068 1662 neue
1092 1599 1232 1663 uelitis.

117 1705 161 1764 Et
187 1707 417 1783 Augustinus
439 1705 477 1764 in
500 1700 598 1764 lilrro
621 1703 664 1765 de
687 1704 865 1766 doctrina
889 1704 1118 1770 Christiana,
1142 1701 1194 1763 ubi
1216 1720 1330 1782 pomus
1352 1705 1423 1766 illud

116 1805 269 1887 apostoli:
293 1806 410 1868 ‘Carnis
432 1821 534 1866 curam
556 1824 594 1866 ne
618 1805 748 1867 feceritis
770 1808 800 1866 in
824 1805 1101 1883 concupescentiis',
1126 1803 1282 1865 euidenter
1297 1805 1426 1892 ostendit

115 1908 287 1970 ‘feceritis'
309 1925 375 1968 esse
396 1907 579 1969 dichoreum.

213 2008 257 2069 db
279 2007 454 2070 ‘adolesco’
478 2007 572 2070 uerbo
596 2011 678 2071 uenit
700 2011 890 2090 participium
914 2007 1132 2077 ‘adulscens
1163 2007 1201 2068 ob
1230 2011 1314 2070 cuins
1341 2011 1423 2072 dille·

72 2129 101 2167 ιε,
119 2113 256 2174 rentiam
291 2110 379 2173 docet
410 2110 529 2191 Caper
562 2114 788 2192 antiquissimus
811 2120 840 2173 ct
862 2111 1053 2172 doctissimus
1086 2111 1120 2170 in
1150 2109 1423 2192 orthographia

116 2233 209 2282 sua,
233 2211 310 2292 quod
333 2215 416 2292 peri
438 2211 593 2290 prulertur
615 2232 724 2276 nomen
747 2213 951 2280 ‘aduliscens’‚
976 2210 1054 2273 unde
1078 2211 1224 2273 diriuatur
1247 2213 1423 2276 ‘adoliscen-

119 2315 191 2385 ria’‚
215 2312 388 2375 diminuitur
410 2314 678 2386 ‘adoliscentulus’‚
701 2321 882 2396 propagatur
905 2312 1147 2375 ‘adoliscentior'.

215 2517 226 2598 li
245 2517 263 2578 l.
281 2513 322 2580 8¹³
340 2517 352 2599 ll
376 2516 529 2598 ‘Explicit’
546 2517 626 2580 nullo
649 2518 736 2580 modo
759 2519 817 2578 dici
840 2520 917 2598 quit,
942 2519 999 2579 nisi
1021 2516 1203 2578 consuetudo
1226 2527 1348 2597 patrona
1371 2522 1423 2589 sit:
1451 2517 1465 2533 ‘

120 2621 288 2682 auctoritas
322 2620 400 2680 enirn
429 2630 459 2681 et
487 2623 562 2681 ratio
585 2619 705 2698 regulae
733 2619 840 2682 delicit.
884 2620 1019 2699 lienique
1048 2619 1152 2680 beatus
1182 2621 1425 2702 Hieronymus

74 2725 161 2784 eoin
189 2719 436 2802 epistolarum
459 2740 527 2783 una
550 2740 696 2784 suarum
720 2721 830 2782 latetur
858 2719 955 2782 solere
978 2721 1036 2782 dici
1065 2720 1225 2800 ‘explicuit
1254 2721 1347 2784 liber’
1377 2723 1424 2784 uel
1479 2717 1481 2722 ’

120 2823 349 2902 ‘explicuerunt
371 2821 522 2903 capitula',
551 2823 618 2884 ideo
640 2825 707 2904 quia
731 2825 770 2884 ita
794 2823 946 2903 protertur
969 2829 1124 2901 corrupte:
1155 2840 1225 2882 reor
1247 2823 1275 2884 id
1299 2827 1423 2903 scripto·

117 2945 192 2989 rum
216 2927 289 2987 uitio
311 2925 462 2996 accidisse,
487 2934 520 2986 ut
542 2925 657 2987 dicatur
679 2926 824 3006 ‘explicit’
849 2943 903 3004 pro
927 2923 1079 3003 ‘explicat’
1097 2922 1144 2984 uel
1161 2923 1337 3004 ‘explicuit’.

212 3027 427 3096 ‘auerteseensz
444 3034 477 3087 ut
492 3027 608 3106 Caper
630 3027 666 3087 in
689 3027 926 3105 ortlrogralia
949 3044 1011 3087 sua
1036 3032 1167 3096 testatur,
1186 3024 1356 3088 nullomodo
1380 3037 1423 3087 est

119 3127 299 3198 dicendum:
334 3129 418 3189 uenit
448 3129 541 3198 eninr,
574 3129 654 3189 sicut
686 3128 765 3188 idem
800 3128 954 3190 euidenter
976 3127 1093 3207 pandit,
1128 3127 1164 3189 nb
1188 3127 1326 3188 ‘adoleo’
1349 3128 1425 3189 idest

75 3253 104 3292 ιι
121 3248 229 3292 cresco
253 3229 348 3290 uerbo
370 3231 556 3310 participium
582 3225 780 3290 ‘adolescens'
804 3237 834 3290 et
856 3247 964 3290 nomen
987 3228 1188 3299 ‘aduliscens’,
1212 3239 1243 3290 ct
1265 3237 1423 3308 utrumque

120 3349 220 3412 pero
244 3330 401 3400 uidelicet,
430 3331 566 3409 eoquod
590 3331 774 3400 abolendo,
802 3331 881 3392 idest
903 3331 1066 3393 crescendo
1089 3331 1200 3392 dictum
1224 3334 1276 3392 sit:
1302 3341 1424 3411 propter

121 3433 323 3494 dillerentiam
355 3440 453 3493 tameo
489 3451 596 3494 nornen
628 3433 726 3512 ipsum
760 3451 814 3512 per
842 3434 852 3492 i
880 3432 938 3493 dici
973 3431 1084 3492 debere
1118 3432 1200 3493 dicit.
1246 3431 1424 3493 dicuinus

121 3538 231 3604 etiam,
261 3532 353 3594 ueluti
381 3533 484 3595 debuit
513 3537 561 3596 nir
589 3544 708 3595 sanctus
737 3540 766 3594 et
794 3533 912 3605 doctus,
945 3533 1192 3596 ‘adoliscentenr’
1221 3553 1275 3614 per
1303 3553 1423 3596 omnem

122 3634 357 3706 bibliothecam,
389 3633 440 3695 uhi
469 3635 608 3697 uidelicet
634 3654 694 3696 non
723 3636 927 3716 participium,
955 3635 1007 3696 sed
1030 3654 1148 3715 semper
1172 3654 1280 3696 nomen
1304 3635 1332 3697 id
1356 3656 1423 3717 rep-

77 3759 108 3795 en
124 3740 222 3818 perit,
246 3739 314 3799 iure
336 3754 390 3814 per
411 3738 420 3796 i
442 3733 654 3816 proterendum
678 3739 822 3807 correxit,
846 3745 892 3799 ut:
922 3736 1099 3798 ‘aduliscens
1122 3737 1176 3798 ritn
1199 3737 1280 3798 dico:
1312 3743 1422 3816 surge’,

124 3847 170 3900 et:
195 3839 282 3899 ‘dixit
303 3836 512 3900 adoliscentior
535 3858 569 3900 ex
594 3839 650 3900 illis
673 3841 762 3920 patri'
786 3849 816 3900 et
837 3839 879 3899 ‘in
895 3859 955 3919 quo
971 3843 1101 3918 corriget
1121 3837 1330 3900 adoliscentior
1346 3841 1422 3901 uiam

120 3943 219 4004 suam’
243 3948 273 4001 et
294 3937 540 4002 ‘adolisceutulus
561 3959 627 4002 sum
650 3957 706 4019 ego
728 3949 758 4002 ct
780 3943 991 4020 contemptus’.
1041 3940 1085 4004 ab
1108 3941 1326 4003 ‘adoliscente’
1351 3961 1423 4002 uero

123 4061 232 4106 nomon
257 4051 375 4104 constat
397 4040 647 4104 ‘aduliscentiam’
672 4044 790 4114 uenire,
822 4061 856 4103 ac
878 4061 932 4123 per
959 4043 1015 4103 lroc
1044 4042 1147 4122 procul
1176 4041 1267 4103 ‹tutne
1296 4044 1336 4102 ita
1365 4043 1423 4102 dici

123 4153 206 4206 recte
229 4143 349 4205 debere.
396 4144 427 4204 Si
451 4145 517 4224 quis
540 4152 639 4206 autem
661 4153 759 4224 putat,
783 4144 862 4224 quod
884 4146 960 4205 sicut
982 4143 1122 4206 ‘adultus'
1139 4144 1256 4214 dicitur,
1279 4147 1321 4204 sic
1338 4144 1423 4204 ‘adu-

80 4246 256 4308 sslescens’
280 4264 398 4326 quoque
420 4264 476 4325 per
498 4263 516 4306 u
540 4245 598 4307 dici
621 4246 742 4317 debeat,
772 4245 863 4307 dubio
887 4245 989 4326 procul
1019 4254 1114 4318 er·rat;
1143 4249 1315 4324 frequenter
1343 4247 1420 4306 enirn

126 4385 140 4390 ...
153 4381 352 4390 ..m—-

123 4467 177 4516 sole
193 4491 227 4501 -
245 4479 339 4514 anrom
361 4475 518 4515 monstratur
540 4466 630 4516 etenim
658 4467 724 4515 sicut
741 4466 795 4516 dies
814 4481 962 4516 successum
981 4467 1063 4516 noctis
1081 4481 1218 4532 uesperum
1235 4465 1324 4526 trater,
1344 4467 1380 4515 sie
1399 4477 1423 4514 et

124 4550 176 4584 nem
193 4533 245 4584 diei
263 4544 355 4583 exortu
373 4548 506 4598 uesperam
526 4533 602 4583 tranet
619 4544 644 4583 et
661 4544 700 4584 est
717 4536 814 4600 primae
832 4535 1009 4584 declinationis
1028 4546 1074 4590 etc.

193 4599 294 4652 lCnus
363 4603 483 4651 deosum
557 4599 739 4666 lEgerinrrts]
763 4603 841 4666 Verp.
861 4600 927 4653 Ὰεη.
948 4602 989 4653 VI
1007 4605 1058 4652 att
1143 4597 1317 4670 Sluueucus]
1338 4603 1368 4652 L.
1389 4601 1423 4651 II

123 4672 163 4721 ed.
184 4669 249 4723 Ben.
269 4677 327 4720 tom.
346 4669 394 4719 JV
409 4686 435 4734 p.
455 4671 529 4719 oon
600 4672 632 4720 10
650 4666 778 4734 sunctum]
799 4669 847 4719 leni
920 4673 951 4720 15
969 4667 1063 4735 Caper]
1083 4671 1164 4736 Apud
1182 4671 1291 4734 lluprnnr
1309 4670 1424 4720 Putscdii

121 4757 148 4804 p.
169 4741 240 4788 2243
253 4741 301 4804 ,nit
316 4740 367 4788 nisi
387 4739 451 4788 doec
471 4740 644 4788 inueniuntur:
669 4738 819 4789 adulescens
838 4752 928 4788 nomen
949 4749 999 4800 est,
1022 4737 1172 4788 adolescens
1190 4738 1353 4804 participium
1374 4749 1422 4802 est,

123 4823 188 4873 puae
205 4815 232 4856 et
248 4806 281 4856 nd
298 4807 330 4856 iis
347 4822 412 4872 piene
435 4807 483 4856 doc
504 4809 560 4857 loro
583 4808 701 4856 dicuntur
724 4809 816 4856 stillis
838 4823 903 4873 paroc
925 4807 997 4870 orne
1014 4823 1035 4860 o.
1056 4809 1093 4856 23
1109 4823 1162 4872 rep.
1187 4806 1322 4869 londonien,
1347 4808 1422 4856 aeolde

122 4879 281 4942 elirrrepnnt.
350 4877 380 4926 31
401 4886 425 4924 ct
443 4875 468 4924 in
487 4889 518 4924 co

1164 4959 1213 5010 12·
