3308 5542
556 369 613 420 Dr:
633 369 753 420 uterus
773 369 1086 422 utristuuurtstssvs.
1412 389 1472 437 th

70 546 233 626 tuitioque.
285 555 435 612 Lectio
474 557 579 616 dicta
602 569 645 617 est
667 561 746 635 quusi
769 561 921 618 litterarum
944 565 1037 620 statio.
1074 564 1236 621 Litterarum
1260 569 1361 624 etenim
1384 578 1472 626 status

64 634 97 704 ,ier
120 637 293 696 reddentis
338 658 499 699 uocem
541 653 625 700 stare
652 643 772 702 uidetur.
817 645 910 703 Lectio
938 657 982 704 est
1009 649 1087 722 quusi
1115 647 1192 708 iinito
1220 653 1292 724 quoi
1314 652 1472 727 pertinens

64 721 188 780 ruttento
217 721 457 798 (recidendo
494 726 592 806 cod.)
617 728 703 788 lector
725 733 871 805 percurrit.

128 839 201 910 timis
226 859 332 904 uero
369 845 465 904 ilia
502 844 586 905 Hir*
609 852 682 905 noto
703 847 890 922 sionificetnr
912 848 962 906 uir
983 848 1091 910 doctus
1111 859 1141 910 et
1159 855 1393 933 prummutieus,
1416 871 1470 914 en·

13 974 15 1024 p
64 943 155 1014 prore
185 961 260 1004 non
296 961 526 1025 possum,
572 949 634 1006 nisi
654 945 740 1018 sorte
767 949 810 1008 od
836 949 918 1009 nunc
946 953 1150 1024 quaestionem
1177 955 1369 1015 enodandum
1398 957 1473 1030 qnid

14 1082 15 1093 .
66 1047 145 1103 ruine
165 1045 296 1120 dicos,
334 1047 478 1122 quod
498 1047 719 1110 Heracliti
738 1051 773 1110 ni
788 1049 891 1122 suitor
912 1066 1019 1110 nomen
1036 1055 1133 1127 punto
1155 1062 1226 1114 onte
1247 1057 1279 1116 in
1300 1057 1403 1116 eodem
1419 1059 1471 1117 itio

12 1181 17 1254 p
66 1155 175 1208 intutu
198 1149 468 1210 ‘Hirclr'tus'
502 1152 670 1226 scriptum
690 1158 750 1210 est:
773 1151 936 1212 ‘Hirctitus
957 1153 1047 1214 dicit:
1076 1171 1136 1215 non
1158 1157 1301 1218 sudantes
1317 1157 1468 1238 (sudatus)

67 1249 212 1327 piiosopni
234 1254 322 1314 uix
358 1253 637 1326 interlequnt’

8 1354 9 1362 ¹
126 1367 153 1444 t)
178 1371 342 1432 Extant
374 1386 534 1448 porro
561 1371 596 1429 in
616 1371 771 1432 codicibus
793 1379 850 1432 333
872 1382 901 1434 et
923 1379 978 1434 333
998 1392 1079 1436 suec.
1096 1375 1221 1437 X-XI
1237 1375 1354 1452 formo,
1379 1393 1470 1453 quom

69 1479 164 1546 mont,
198 1475 479 1536 duodecima
526 1469 700 1544 Rufinus
727 1475 763 1532 in
794 1483 912 1534 metro
948 1475 1184 1537 Terentiano
1214 1485 1244 1538 et
1270 1479 1472 1540 Prisciani

67 1579 189 1652 scripto
224 1579 490 1641 minora,
539 1573 623 1633 idest
649 1575 693 1634 de
720 1578 888 1636 numeris
919 1583 954 1636 et
981 1580 1232 1657 ponderibus,
1264 1582 1309 1640 de
1339 1583 1471 1641 metris

70 1675 353 1747 terentianis,
387 1678 837 1754 praeexercitamina
859 1679 903 1738 de
920 1677 1070 1752 [obuio.
1118 1679 1197 1752 Quos
1218 1681 1338 1742 codices
1358 1683 1469 1757 pernet-

4 1838 6 1860 ,
67 1780 97 1838 iu
113 1781 257 1842 dixmss:
290 1787 410 1842 sunt
446 1780 561 1839 enim
587 1778 631 1836 itu
652 1781 829 1858 conparati,
857 1787 891 1840 ut
910 1789 1015 1841 neuter
1038 1783 1076 1842 nb
1098 1783 1196 1842 nitere
1218 1785 1388 1858 descriptus
1408 1799 1471 1842 esse

5 1863 6 1870 ἵ
68 1883 112 1942 tiri
124 1886 244 1962 possit,
282 1891 543 1956 utrumque
567 1894 643 1939 uero
663 1895 704 1940 ex
725 1883 876 1942 communi
896 1882 1063 1958 archetypo
1081 1884 1225 1958 proxime
1245 1900 1384 1945 monusn
1404 1901 1470 1944 eer-

69 1989 185 2046 tse‘num
208 1987 278 2046 sit.
351 1986 512 2058 Atque
547 1979 707 2056 idipsum
729 1983 799 2042 inde
820 1998 911 2058 quom
933 1987 1067 2044 maxine
1091 1985 1222 2060 proteri
1242 1991 1359 2061 potest,
1389 1985 1472 2060 quod

69 2089 127 2146 item
149 2087 228 2160 sere
267 2093 336 2147 est
370 2088 426 2146 in
462 2088 618 2156 utronw
644 2084 749 2144 codice
775 2100 915 2145 uernum
943 2085 1019 2146 ordo
1047 2085 1265 2162 uerborumque
1291 2089 1323 2146 in
1344 2088 1471 2161 sinpntis

69 2193 166 2262 popinis
194 2189 351 2250 eodem
398 2185 614 2261 dispositio.
659 2184 857 2246 Continentur
872 2193 1002 2262 praeter
1023 2203 1060 2247 en
1088 2189 1119 2248 in
1141 2189 1209 2248 cod.
1233 2195 1291 2248 333
1314 2189 1470 2249 Boetius
1524 2237 1528 2245 .

71 2311 95 2350 rr
112 2307 355 2369 psopoqas
391 2286 654 2360 Porphyrii
672 2287 731 2346 tio.
761 2288 789 2346 V
808 2294 836 2346 et
857 2289 889 2347 in
908 2291 1217 2360 tine'Germoniei
1245 2291 1408 2359 Aruteo,·
1438 2291 1468 2348 in

71 2397 122 2454 rod.
143 2402 201 2454 333
228 2409 341 2452 uero
377 2387 584 2450 Isidori
603 2387 647 2446 de
668 2389 751 2448 uita
772 2390 834 2448 uei
855 2390 957 2450 odito
977 2397 1207 2452 sanctorum.

141 2514 290 2574 codicis
325 2515 417 2569 338
461 2507 598 2566 aurito
626 2522 698 2566 usus
718 2513 763 2567 est
783 2505 816 2566 i.
841 2507 872 2567 0.
898 2505 1040 2576 Oreitius,
1068 2526 1137 2570 cum
1166 2509 1318 2572 Ciceronis
1345 2527 1415 2586 opp.
1434 2512 1471 2572 ‚V

74 2633 96 2688 p.
120 2621 172 2675 tit
195 2631 277 2692 seq.
309 2625 417 2672 eam
451 2607 580 2678 Rufini
599 2611 737 2683 portem,
768 2624 846 2683 quoe
873 2611 917 2669 ed
938 2609 1110 2672 Ciceronem
1137 2617 1309 2685 ceterosque
1335 2619 1471 2672 oratores

76 2726 180 2792 spectet
191 2761 201 2796 ,
228 2715 406 2782 edebat,
444 2723 563 2784 neque
583 2715 681 2769 tomen
703 2709 759 2770 troc
780 2712 901 2786 nepotio
922 2713 966 2770 ito
988 2713 1062 2774 bene
1077 2712 1208 2786 snrrctus
1228 2722 1273 2776 est
1293 2716 1342 2774 nir
1363 2715 1469 2774 cteris·

80 2821 175 2888 m,
213 2821 374 2894 quippe
423 2813 499 2888 qni
529 2811 564 2870 in
595 2810 714 2872 edendo
744 2811 799 2871 iiio
827 2815 928 2888 operis
949 2815 1106 2888 porticulo
1134 2816 1249 2876 codicis
1271 2815 1470 2876 Einsidtensis

84 2923 143 2993 ptus
165 2927 317 2982 centron
349 2924 393 2976 et
426 2914 642 2988 septennium
669 2913 752 2973 iocos
780 2920 836 2974 out
857 2930 960 2989 preste
986 2916 1182 2990 descripserit
1204 2923 1258 2978 out
1279 2918 1398 2976 omnino
1420 2932 1469 2975 ne·

93 3024 234 3094 iuuerit.
293 3020 451 3093 ltaque
485 3028 552 3072 non
579 3019 661 3090 mot,
689 3031 747 3074 cur
768 3015 807 3074 oo
828 3015 951 3078 Hotmio
979 3015 1078 3077 Riett.
1103 3017 1183 3079 Lott.
1204 3018 1309 3094 praes.
1328 3036 1364 3095 p.
1388 3018 1470 3076 XIV

101 3125 308 3184 tonderetur.
370 3117 459 3178 Sed
484 3114 526 3174 de
546 3113 603 3175 noe
624 3118 790 3191 ceterisque
810 3119 949 3196 scriptis,
978 3134 1057 3194 pune
1078 3121 1142 3180 istis
1162 3120 1248 3180 tibris
1269 3123 1469 3188 eontinentur,

107 3227 292 3300 timendus
320 3225 365 3284 in
399 3217 573 3277 Analectis
595 3215 832 3279 Einsidtensiins
853 3235 985 3293 apertus.

190 3359 226 3438 5)
258 3355 510 3419 Prisciani
537 3353 802 3414 institutiones
822 3356 867 3414 de
888 3357 1035 3416 nomine
1055 3359 1281 3432 pronomine
1302 3367 1336 3417 et
1358 3356 1470 3416 uerbo

102 3480 190 3523 roeo.
219 3461 285 3522 XI
311 3460 481 3532 scriptae
502 3457 534 3514 in
555 3455 625 3516 cod.
650 3462 685 3514 to
707 3463 814 3517 extant
837 3473 920 3533 pone
943 3459 1087 3533 Entpcitis
1108 3465 1204 3518 ortem
1225 3459 1409 3527 cottocotuer
1437 3461 1468 3516 in

103 3566 258 3624 mandem
287 3562 411 3620 nudius
440 3572 516 3631 opus
534 3559 767 3630 prummoticum
788 3559 920 3628 schotto,
950 3575 1028 3634 quoe
1049 3562 1150 3622 codici
1171 3568 1209 3619 32
1236 3563 1351 3638 insunt,
1376 3575 1468 3635 pecu-

102 3667 188 3724 tiori
210 3659 522 3731 commentatione,
545 3676 613 3719 cum
635 3660 674 3718 de
688 3659 848 3720 Prisciono
870 3677 1002 3734 opemus,
1021 3661 1129 3737 prees.
1148 3665 1248 3737 portis
1263 3663 1318 3723 III
1331 3669 1403 3721 sect.
1420 3661 1473 3720 IV

14 3824 15 3827 ,
104 3785 185 3842 rap.
218 3773 241 3824 3
279 3760 557 3840 percensebimns.
609 3761 775 3821 Praetereo
802 3764 871 3823 cod.
897 3771 936 3822 33
956 3780 1037 3824 soee.
1061 3764 1129 3825 ΧΙΙ
1156 3765 1219 3826 eius
1247 3771 1412 3827 tractatum
1439 3765 1470 3822 in

102 3871 247 3944 prim
278 3879 409 3926 uersus
433 3861 505 3921 XII
523 3862 672 3923 Aeneidos
693 3866 834 3924 continet.

213 3981 255 4058 6)
292 3981 427 4042 deinde
449 3981 480 4039 in
501 3979 688 4042 Sottustii
707 3984 774 4042 cod.
800 3991 870 4054 203,
900 4001 986 4059 quem
1015 3991 1160 4046 occurote
1186 3987 1334 4046 trootuuit
1354 3991 1384 4044 et
1404 3999 1471 4044 con-

110 4091 196 4146 rutit
225 4087 263 4146 1.
296 4085 334 4144 G.
363 4083 500 4142 Wirzius
519 4099 625 4158 propr.
651 4084 761 4158 Arpoo.
788 4091 873 4160 1337,
895 4085 955 4158 soi.
981 4084 1039 4144 itt
1062 4093 1190 4164 propter
1212 4087 1322 4148 uerbo:
1352 4088 1402 4145 ‘ne
1423 4087 1475 4146 siti

1 4184 2 4256 i
112 4191 394 4260 conficerentur
421 4186 571 4246 concitus
598 4183 747 4246 Rutilium
775 4188 928 4262 teyntnm’
955 4185 1031 4251 Soti.
1062 4189 1132 4262 Iup.
1160 4207 1232 4265 cup.
1256 4189 1280 4248 t
1302 4191 1367 4248 init.
1398 4188 1473 4246 inec

116 4291 295 4366 norqim‘
318 4301 456 4362 asperso
477 4295 564 4346 eunt:
594 4285 761 4348 Notandum
784 4286 862 4366 quod
886 4289 985 4349 omnin
1010 4290 1101 4352 uerba
1124 4291 1264 4352 inirnitiui
1288 4289 1367 4350 modi
1390 4292 1473 4369 pouit

121 4411 192 4469 pro
219 4387 412 4471 praeterito
427 4385 560 4466 perfecto
575 4387 728 4458 indicatiui
750 4391 845 4460 modi,
869 4392 946 4450 sicut
969 4399 998 4452 et
1020 4391 1172 4453 Solinus
1195 4402 1225 4454 et
1246 4389 1393 4452 Plinius
1416 4409 1472 4452 nec

124 4511 202 4554 nou
229 4486 463 4552 Tertullus.

236 4595 295 4654 De
318 4593 382 4654 noc
404 4592 473 4652 ioco
492 4591 536 4665 cf.
561 4592 677 4654 Ultoris.
696 4611 729 4669 p.
754 4601 826 4668 343,
852 4603 890 4653 it
912 4613 973 4670 seq.

239 4709 280 4793 t)
306 4712 452 4786 Denique
472 4712 504 4770 in
525 4685 593 4773 cod.
610 4719 669 4772 333
688 4729 770 4774 seeo.
786 4713 856 4774 ΧΙΙ
873 4731 906 4789 p.
924 4720 1061 4773 95-105
1084 4718 1160 4775 tntet
1179 4731 1332 4777 eormen
1352 4733 1471 4793 prum-

141 4817 345 4875 nrotieum
364 4828 426 4890 per
449 4817 509 4873 tres
530 4813 624 4876 trinos
645 4815 774 4877 diuisum
795 4817 833 4878 ob
855 4816 903 4876 itis
923 4815 1058 4878 numnius
1079 4819 1241 4894 incipiens:
