3354 5580
668 1283 800 1366 VII

163 1499 466 1597 VERGILII
492 1484 926 1598 GRAMMATICI
952 1496 1305 1595 EXCERPTA

448 1652 708 1750 PARTIM
734 1651 1026 1750 INEDITA.

173 2074 186 2160 ll
202 2077 222 2138 l.
238 2074 278 2137 2b
297 2073 309 2159 ll
333 2076 488 2150 Quomodo
510 2096 651 2139 sonamus
673 2077 893 2159 diphthongon,
923 2075 1042 2158 quando
1065 2093 1154 2137 unam
1179 2073 1321 2156 syllohom
1345 2072 1382 2134 de

92 2179 202 2240 duabus
224 2179 379 2240 uoeslrhus
402 2180 542 2240 lecimus?
573 2180 795 2242 Priscianus
818 2179 904 2240 dicit:
933 2177 1051 2258 quondo
1073 2177 1148 2238 duae
1171 2175 1291 2238 uocales
1313 2194 1382 2236 suns

92 2300 177 2342 uoces
199 2280 325 2352 hahent,
350 2283 418 2342 ideo
441 2281 641 2361 diphthongos
664 2280 781 2355 dicitur,
805 2280 883 2360 quod
907 2279 992 2341 hines
1014 2298 1105 2340 uoces
1127 2278 1246 2340 hahent.
1293 2278 1382 2337 Ver·

92 2382 206 2460 gilius
232 2391 332 2444 tamen
362 2383 447 2452 dicit,
477 2382 555 2463 quod
578 2385 672 2462 prima
696 2380 809 2444 uocalis
830 2383 860 2442 in
884 2380 1067 2461 diphthongo
1091 2399 1195 2441 uocem
1219 2398 1278 2440 nnn
1301 2379 1382 2446 lucit,

70 2485 140 2545 osed
163 2503 270 2546 sonum
294 2486 414 2554 amittit,
437 2493 469 2545 ut
492 2487 555 2564 ipse
579 2483 665 2545 dicit:
693 2483 842 2556 Quaedam
866 2492 964 2545 nutem
988 2481 1134 2544 nocelium
1157 2480 1282 2543 mobiles
1304 2488 1382 2550 sunt,

93 2586 232 2664 quaedam
256 2584 375 2648 stabiles
397 2633 488 2648 .....
510 2585 653 2666 quaedam
677 2588 813 2666 quotiens
836 2587 930 2646 lortes
953 2603 1011 2646 non
1035 2602 1163 2662 cumque
1185 2583 1382 2664 proscriptiue

94 2688 237 2759 uidentur,
261 2695 294 2748 ut
315 2706 415 2756 eou;
444 2687 552 2748 etenim
576 2705 607 2756 n,
635 2705 702 2748 cum
725 2689 754 2748 in
779 2688 925 2767 principio
946 2687 1045 2748 lineus¹
1068 2687 1194 2748 alicuius
1216 2687 1308 2765 partis
1330 2703 1383 2763 po·

92 2790 141 2849 sito
164 2792 268 2859 inerit,
292 2790 429 2874 estotim
453 2807 512 2850 non
535 2788 736 2867 subsequente
759 2807 805 2850 me
824 2806 980 2866 ....‚cum
1002 2788 1186 2868 producitur,
1211 2788 1295 2848 iortis
1318 2788 1383 2856 erit,

93 2901 122 2951 ut
142 2893 230 2953 ‘ers’
254 2893 384 2952 ‘emori’
408 2889 560 2959 ‘scholo';
589 2898 618 2950 ot
641 2909 708 2950 cunr
731 2889 892 2969 praedictis
915 2888 987 2950 locis
1010 2908 1026 2950 e
1049 2908 1112 2950 eom
1136 2889 1296 2950 subsecuta
1319 2889 1383 2948 lue·

63 2995 141 3062 urit,
164 3013 180 3054 a
203 2993 330 3054 inlirmis
351 2990 486 3060 hahetur,
510 2999 542 3052 ut
564 2995 639 3052 ‘aes’
661 2993 801 3052 ‘Aeneas'
825 2991 1001 3072 ‘Mycenae'
1026 2992 1191 3060 ‘Connao’,
1215 2992 1292 3050 sicut
1314 2998 1382 3049 eto

94 3095 174 3156 lortis
197 3097 255 3156 erit
276 3096 308 3154 in
330 3093 377 3154 his
399 3093 483 3164 locis,
506 3102 539 3153 ut
561 3097 652 3153 ‘emo’
677 3097 734 3154 ‘os'
757 3093 875 3170 ‘origo’,
893 3093 1025 3161 ‘sermo’;
1049 3099 1078 3152 nt
1100 3110 1167 3154 cum
1191 3113 1208 3152 e
1230 3098 1382 3169 sequntur,

94 3195 264 3276 diphthongi
287 3195 353 3258 loco
375 3203 512 3274 ponetur,
536 3205 570 3256 ut
591 3196 711 3274 ‘poene'
734 3195 874 3256 ‘loedus’.

175 3312 185 3378 p
205 3298 224 3358 l.
241 3295 281 3358 3·
298 3295 310 3378 Η
336 3295 372 3357 Vt
394 3295 584 3376 Vergilius
606 3295 693 3356 dicit:
724 3295 885 3358 Sciendum
909 3304 955 3358 est
977 3315 1060 3366 sane,
1085 3295 1179 3385 quod,
1204 3295 1381 3372 ubicumque

93 3398 221 3461 uocalem
244 3395 418 3478 quemlihet
432 3400 462 3459 in
486 3396 581 3458 medie
604 3405 688 3478 perte
711 3400 836 3477 positam
860 3396 1007 3478 duplicata
1029 3415 1044 3460 s
1066 3407 1166 3460 secuta
1190 3399 1287 3472 luerit,
1312 3417 1380 3458 eurr·

64 3501 154 3562 ndens
178 3499 310 3563 uocalern
334 3501 542 3580 corripiemus,
566 3507 600 3560 ut
621 3500 745 3560 ‘nossa'
768 3499 871 3560 ‘losse’
894 3499 1057 3574 †‘nessit'
1080 3499 1158 3560 idest
1180 3502 1249 3570 scit,
1275 3501 1382 3560 ‘uissit’

95 3601 164 3664 idest
186 3603 274 3670 uidit:
299 3611 329 3661 nt
350 3603 375 3662 si
396 3619 471 3673 uno,
496 3601 609 3663 uocalis
631 3601 822 3681 producetur,
851 3611 884 3662 nt
905 3600 1087 3680 ‘gloriosus'
1110 3603 1234 3663 ‘trisnst
1280 3602 1383 3663 Omnis

95 3705 290 3784 superlatiuus
312 3703 422 3782 gradus
443 3722 458 3765 s
481 3701 657 3782 duplicatam
680 3721 800 3784 semper
822 3701 960 3773 holrehit‚
984 3713 1018 3765 ut
1039 3703 1213 3772 altissimum
1237 3704 1280 3764 sic
1303 3712 1332 3763 et
1353 3723 1382 3764 m

96 3805 235 3886 duplicate
264 3813 333 3866 orric
362 3809 448 3866 sitam
478 3807 601 3884 corripit
630 3805 778 3874 uocalem,
815 3811 846 3866 ut
874 3823 1008 3866 summus
1035 3823 1185 3884 gammus;
1221 3807 1266 3867 sin
1301 3804 1381 3877 elias,

96 3909 279 3986 producetur,
305 3913 337 3967 ut
359 3925 461 3968 sumus
481 3924 589 3968 ramus.

158 4197 210 4246 Are
226 4199 322 4248 codicis
339 4195 480 4247 Beruensie
499 4198 550 4245 123
568 4211 603 4246 ee
620 4196 702 4246 trudis
719 4196 864 4247 auctoribus
881 4200 988 4248 collecta
1003 4198 1026 4261 s.
1040 4194 1166 4247 1⁸—3lb
1247 4199 1260 4246 1
1279 4197 1382 4262 diptou-

98 4278 142 4327 gon
158 4269 198 4316 uel
214 4267 367 4330 dgptongon
383 4280 485 4328 semper
552 4265 567 4313 2
585 4260 745 4330 Priscianus]
765 4265 801 4327 cs.
819 4265 837 4314 I
853 4283 880 4328 p.
894 4268 936 4324 37,
950 4269 995 4316 13:
1014 4265 1169 4331 diphthongi
1187 4276 1270 4314 nutem
1289 4265 1381 4315 dicuu-

98 4343 140 4390 tur,
157 4334 225 4396 quod
244 4335 318 4383 binos
338 4331 493 4398 phthongos,
511 4331 560 4382 hoc
577 4343 617 4382 est
634 4347 721 4395 riores,
738 4332 966 4397 comprehendunt.
1018 4349 1067 4396 que
1085 4333 1134 4382 due
1197 4337 1213 4384 3
1230 4333 1381 4398 dpptongon

159 4397 299 4468 Vergilius]
321 4401 379 4450 Non
396 4407 470 4450 extat
488 4402 510 4450 ie
528 4403 597 4450 locere
614 4402 685 4465 apud
702 4400 807 4464 Maium,
824 4403 872 4451 sed
888 4403 982 4451 citatur
1000 4418 1016 4451 α
1034 4401 1192 4452 Oruindmelo
1210 4401 1382 4465 grammatico,

98 4467 128 4530 es.
145 4469 179 4519 H.
197 4469 279 4520 Keilii
293 4469 325 4519 de
342 4469 513 4532 grammaticis
529 4469 628 4530 infimae
645 4470 739 4519 aetatis
755 4485 909 4534 proprement.
949 4469 1137 4533 Erlnnp.1868
1152 4486 1179 4534 p.
1193 4471 1240 4520 18.-
1258 4469 1382 4533 Virgilius

98 4545 174 4586 tomen
190 4537 260 4586 Mero
278 4538 305 4585 in
323 4537 378 4586 suis
397 4535 459 4586 dicit
476 4536 606 4601 epistolis,
633 4537 703 4600 quod
730 4536 795 4586 duae
822 4536 924 4586 isoceles
951 4537 977 4586 in
1004 4551 1079 4586 nnnm
1106 4537 1229 4600 syllohom
1257 4537 1383 4602 dyptongi

99 4603 189 4654 iunuee
207 4619 257 4654 rron
275 4614 388 4670 possunt
404 4619 479 4654 suurn
497 4605 640 4668 exprimere
657 4619 760 4660 sonum,
828 4604 957 4669 uirgilius,
976 4621 1045 4654 corr,
1060 4619 1131 4669 uerg.
1199 4607 1216 4654 4
1234 4619 1283 4667 que
1300 4605 1383 4671 prime

100 4672 192 4722 uocales
209 4674 235 4722 in
253 4672 406 4738 dyptongon
424 4686 475 4722 non
493 4670 554 4721 lnclt
604 4673 697 4722 osori
750 4673 847 4722 nobiles
916 4674 1008 4737 lipoet
1026 4671 1130 4722 stabiles
1149 4673 1294 4724 :uocabulum
1310 4689 1384 4723 unum

98 4742 222 4801 putredine
240 4742 343 4791 monuit
394 4739 498 4791 escota
516 4750 542 4789 nt
559 4741 632 4790 cuius
683 4740 746 4790 locis
766 4756 821 4792 enm
839 4757 871 4791 su
876 4777 950 4792 .....
1019 4742 1052 4790 10
1068 4740 1163 4790 nemine
1181 4741 1280 4807 miceue
1297 4755 1383 4808 ganne

101 4808 255 4859 lienteum
344 4810 375 4858 14
392 4807 521 4874 duplicato
538 4817 625 4858 secruo
711 4811 743 4860 to
760 4809 832 4860 iusso
851 4809 884 4859 ·i·
903 4810 952 4860 scit
970 4809 1050 4860 uessit
1072 4809 1147 4859 uissit
1165 4809 1199 4858 ·i·
1218 4809 1282 4859 uidit
1299 4820 1343 4860 nut
1360 4811 1381 4860 si

100 4876 233 4943 ligrsnd;
304 4879 552 4930 lentienses...
