3346 5558
719 1157 751 1238 I
873 1229 877 1236 .
1407 1231 1411 1240 .

178 1329 613 1456 conmmuuvu
641 1353 907 1454 suuvmr
932 1353 1303 1456 cunienses

593 1605 873 1693 EVTYOHJS

91 1775 270 1841 norun
302 1775 369 1842 uu
400 1773 823 1842 urscunucnnrs
854 1773 1384 1850 courvonrrouruvs

170 2169 320 2240 Quoniam
343 2171 373 2231 in
395 2177 459 2231 arte
482 2169 594 2230 liuticis
615 2171 814 2248 grammatici,
844 2187 919 2250 quae
947 2167 984 2230 de
1012 2168 1217 2234 discernendis
1243 2174 1383 2252 coniuga-

93 2271 218 2344 tionibus
247 2269 469 2352 praetitulatur‚
504 2269 649 2350 quaedam
678 2269 764 2332 nobis
798 2270 975 2333 lectautibus
1003 2279 1178 2342 occurrunt,
1212 2292 1287 2354 quae
1315 2274 1385 2337 licet

93 2372 272 2454 simplicibus
299 2371 462 2434 lectoribus
489 2371 575 2453 plana
599 2391 665 2434 esse
688 2371 856 2450 uideantur,
885 2380 984 2434 tamen
1007 2375 1218 2453 perspicaciter
1240 2383 1384 2438 contuen-

94 2473 164 2537 tibus
180 2475 282 2537 abdita
298 2482 328 2536 et
342 2472 518 2556 quibusdam
534 2473 781 2537 interlucentibus
795 2475 942 2536 rationum
958 2473 1102 2536 semitulis
1124 2475 1235 2538 relecta
1257 2495 1385 2540 noscun-

72 2581 143 2646 stur,
171 2577 287 2640 idcirco
311 2593 344 2636 ee
367 2575 455 2637 breui
477 2575 711 2656 expositiuncula
735 2595 769 2638 ac
792 2573 918 2656 simplici
947 2579 1093 2638 sermonis
1114 2577 1181 2640 stilo
1205 2577 1384 2640 enucleanda

93 2697 151 2741 csse
177 2678 420 2760 percensuimus,
455 2694 517 2738 non
550 2679 649 2758 omnia
679 2676 885 2759 explanantes,
919 2677 971 2740 sed
999 2678 1144 2758 quaedam
1173 2681 1211 2740 ex'
1238 2679 1384 2751 omuibus,

92 2797 161 2860 quae
189 2779 330 2842 obstrusa
358 2765 424 2841 ess'e
458 2778 613 2852 uidentur,
648 2787 824 2849 tractantem
859 2797 914 2840 uec
947 2788 1089 2842 uentosac
1122 2779 1218 2842 laudis
1249 2782 1384 2845 fauorem

17 2931 18 2956 p
92 2890 267 2958 quaerentes
288 2880 345 2942 boc
367 2880 467 2943 lacere
490 2879 708 2961 disposuimus,
738 2880 790 2941 seu
811 2889 917 2960 rogatu
940 2881 1065 2942 iratrum
1088 2888 1117 2941 et
1139 2899 1240 2943 amore
1262 2884 1386 2946 rationis

93 2985 242 3060 prouocati
265 2982 340 3044 hanc
363 3001 418 3044 nos
441 2981 498 3045 olco
521 2981 640 3044 iouente
663 2980 798 3062 opusculi
821 2982 998 3044 industriam
1021 2983 1217 3074 suscepimus.

66 3099 83 3131 n
573 3083 615 3144 lle
638 3083 759 3144 nomine
780 3083 901 3145 liuticis.

93 3185 295 3248 Terentius
317 3187 543 3265 grammaticus:
568 3191 647 3248 ‘cum
669 3185 791 3257 autem’,
814 3185 920 3263 inquit,
937 3185 1178 3266 ‘luisscmusego
1195 3193 1225 3247 et
1238 3185 1332 3248 Eutcx
1354 3189 1384 3249 in

17 3265 18 3276 ἵ
94 3286 186 3349 schola
210 3288 371 3358 Prisciani,
398 3289 442 3349 sic
464 3287 505 3350 alt
527 3285 626 3348 nobis:
661 3286 707 3348 «0
730 3285 911 3367 Theophile,
934 3305 989 3349 uos
1011 3287 1183 3368 qualitatem
1207 3307 1284 3350 unus
1306 3290 1384 3370 quis·
1428 3350 1433 3360 ,
1472 3334 1496 3358 .

93 3407 144 3468 que
171 3391 219 3451 sui
250 3390 378 3451 nominis
407 3397 436 3451 et
464 3387 620 3452 doctorum
655 3394 824 3450 uestrorum
859 3390 1048 3469 exprimitet»
1099 3389 1225 3468 ‘Ergo',
1253 3392 1384 3473 inquam,

94 3489 235 3552 ‘boricius
258 3491 305 3552 uir
326 3492 439 3570 ingenii
462 3489 499 3552 dc
521 3488 634 3551 liuticia
656 3491 811 3569 prouincia
835 3499 926 3552 ortus.
971 3489 1082 3552 Omnes
1110 3492 1188 3552 enim
1211 3489 1248 3552 dc
1271 3491 1385 3555 Euticia
1459 3549 1462 3556 ,

67 3594 219 3656 sorientes
242 3591 348 3654 Eutioii
370 3578 558 3673 appellentur
580 3592 665 3671 quasi
687 3609 760 3652 uere
781 3587 943 3652 iudiciales
982 3577 1095 3653 liuticio
1118 3593 1197 3654 enim
1220 3593 1298 3672 apud
1320 3593 1385 3674 pbi-

157 3847 225 3898 Uerre
242 3860 295 3897 crea
312 3845 441 3898 codicibus
462 3845 594 3896 licetrencl
611 3843 659 3910 (Τ)
677 3852 703 3896 ct
720 3843 843 3896 Bobienci
860 3843 922 3908 (B),
945 3853 1079 3912 postquam
1101 3847 1131 3896 F.
1149 3846 1303 3898 Buecheleri
1318 3848 1385 3900 beni-

97 3916 199 3964 uolentia
217 3916 384 3979 interipsum
401 3915 561 3980 piapularum
582 3914 765 3964 correctionem
783 3920 809 3963 et
825 3915 961 3964 certiorem
977 3929 1014 3964 rac
1032 3915 1065 3966 rie
1083 3915 1194 3978 erfecit
1211 3922 1236 3966 et
1254 3917 1307 3967 circo
1324 3933 1385 3982 opo·

97 3983 204 4045 propiori
222 3980 397 4034 liberaliectmc
414 3981 473 4032 mibi
489 3982 637 4034 tramine.
708 3981 787 4031 Decet
805 3982 891 4032 mulne
908 3983 934 4031 in
952 3980 981 4034 Τ.
1020 3981 1103 4032 Manu
1119 3985 1259 4034 recentiori
1274 3999 1343 4037 roeo.
1362 3985 1388 4033 X

96 4049 165 4100 -XI
181 4052 385 4116 eaperrcrtpturn
403 4057 456 4100 eet:
478 4049 511 4098 de
528 4049 703 4115 grammatice.
739 4047 774 4098 ln
790 4047 817 4098 B
833 4064 895 4099 cero
911 4050 1112 4114 mperecriptwn
1128 4057 1181 4101 eet:
1208 4051 1301 4116 incipit
1317 4066 1387 4102 corn-

97 4117 266 4168 meaurioinm
283 4117 374 4167 sedulii
393 4117 420 4166 in
437 4127 517 4166 caum
535 4115 615 4166 eutitii
633 4115 800 4182 grammatici.
854 4119 868 4165 1
888 4117 972 4167 ouium
990 4116 1011 4164 Τ
1029 4115 1134 4175 οιιο>Β
1154 4133 1204 4181 que
1221 4117 1241 4166 B
1309 4121 1388 4182 ique

98 4185 162 4234 nobis
180 4185 201 4234 B
220 4201 272 4248 qne
289 4183 309 4232 B
378 4187 395 4236 3
411 4183 608 4234 conlucentibus
627 4183 647 4232 Β
733 4185 750 4234 4
768 4183 913 4234 semititulis
931 4184 953 4232 T
1021 4187 1037 4234 5
1055 4186 1265 4251 exposieiunculn
1282 4186 1304 4234 T
1372 4188 1388 4236 6

98 4253 197 4310 onmem
216 4251 238 4302 B
290 4255 305 4303 'l
324 4251 411 4316 queli
473 4251 489 4303 8
507 4261 641 4315 querentes
660 4250 702 4300 ΤΒ
776 4253 806 4301 11
826 4252 960 4302 terrentius
978 4251 998 4300 T
1054 4253 1163 4304 Videtur
1179 4255 1245 4305 idem
1262 4269 1318 4305 ecee
1340 4254 1389 4304 Tc-

98 4321 185 4370 renunc
201 4322 259 4382 illc,
281 4323 350 4371 coine
367 4321 532 4386 differentiae
549 4321 581 4370 dc
598 4318 676 4370 uerbo
693 4320 720 4368 io
737 4320 825 4370 codice
842 4319 1002 4370 Elaridlenei
1021 4321 1090 4371 inter
1105 4323 1205 4386 ploeeae
1223 4321 1389 4373 stomacus

100 4394 235 4439 ceremur.
259 4387 348 4455 Nepae
365 4391 430 4438 enim
446 4389 501 4438 cine
519 4403 597 4438 carrea
614 4394 640 4437 ct
656 4387 697 4437 noc
714 4395 740 4436 et
756 4389 808 4438 illic
823 4387 956 4438 Terentius
967 4389 1015 4438 ute
1026 4403 1081 4439 curra
1093 4387 1229 4440 Prbcianc
1240 4391 1389 4441 coniunctus

99 4461 144 4517 en,
159 4464 186 4506 ct
202 4457 320 4519 cundem,
339 4459 442 4521 opinor,
459 4457 601 4521 ripnillcari
610 4455 732 4507 Minium
744 4455 875 4506 Prisciani
890 4456 1038 4520 duapotwa
1056 4459 1207 4508 concludere
1223 4456 1293 4508 bared
1307 4460 1342 4508 eit
1357 4457 1389 4508 ab

100 4536 124 4569 re
139 4521 258 4586 ciiemrni,
280 4525 314 4588 cf.
331 4525 418 4590 praef.
454 4524 629 4589 grammaticis
647 4521 667 4572 B
772 4523 803 4572 12
822 4522 892 4572 scola
909 4521 951 4571 ΤΒ
975 4522 1086 4589 teophile
1103 4523 1123 4572 Τ
1141 4534 1182 4575 teo
1204 4523 1248 4574 bili
1266 4523 1286 4573 B
1358 4527 1388 4576 13

100 4588 245 4656 umerorum]
262 4608 296 4642 cn
313 4585 446 4643 uirorum'l
515 4586 590 4657 ergo]
609 4605 659 4658 ego
677 4589 719 4639 ΤΒ
789 4591 822 4641 14
839 4591 942 4640 ectitius
960 4590 980 4640 T
1002 4592 1110 4641 euticius
1129 4590 1149 4641 B
1196 4589 1288 4709 uticiap
1305 4593 1387 4658 Euty-

100 4657 172 4708 rliicno
188 4661 293 4710 inodora
310 4661 336 4710 in
348 4661 389 4711 Po
406 4675 484 4712 acccc
498 4661 558 4710 'clm
576 4660 686 4710 κακίω
705 4659 801 4710 Plinius
819 4657 856 4708 H.
870 4659 903 4712 N.
920 4657 937 4708 1
941 4659 970 4710 V
984 4659 1015 4708 12
1033 4659 1049 4721 ἕ
1067 4661 1099 4710 'ic
1111 4659 1190 4720 Deli,
1208 4664 1252 4727 put
1291 4663 1388 4712 utlriam

100 4729 190 4841 oppleti:
208 4727 342 4844 eutlpicicm
360 4727 379 4776 F
465 4728 496 4778 lb
515 4723 620 4794 Euticii]
646 4727 671 4775 in
693 4725 710 4773 Β
729 4741 807 4776 manu
825 4741 876 4778 reo.
896 4717 1030 4778 Εὖδίκιοι
1068 4723 1179 4795 Euticia]
1200 4743 1236 4780 se.
1258 4719 1388 4796 εὐτυχία.

102 4795 236 4854 p'osolos

122 4889 212 4936 (iun.
224 4903 276 4936 ur.
289 4894 370 4936 scm

17 4943 19 5026 l

17 5047 19 5146 l
