3316 5566
633 325 850 380 sennensis.
1346 325 1386 391 71

95 516 180 580 lulum
203 524 233 578 et
254 512 431 596 pauxillum,
456 515 554 578 uelum
579 513 734 585 uexillum,
757 533 874 578 sacrum
890 511 1047 584 sacellum,
1071 533 1224 577 scamnum
1240 515 1385 578 scamnel-

96 622 164 691 lum,
192 617 307 681 lucrum
329 616 484 688 lucellum,
514 616 671 680 cerebrum
695 615 891 688 cerebellum,
921 615 1045 680 llabrum
1068 615 1235 689 llabellum,
1263 617 1386 697 llagrum

97 721 249 801 flagellum,
280 727 410 782 castrum
437 718 602 781 castellum.
647 719 727 781 llaec
754 720 852 782 omnia
876 738 892 782 e
916 701 1049 798 tongam
1064 720 1239 783 naturaliter
1266 718 1385 782 babent.

98 824 161 886 ltem
183 821 362 902 Virgilius
383 823 541 884 Asianus
568 820 605 883 de
633 820 819 884 diminutinis
841 821 927 882 dixit:
963 819 1132 884 Taberna
1162 821 1388 886 tabernacu-

75 925 161 989 slnm
187 926 292 996 lacit,
323 943 411 1006 pera
441 921 666 1006 periculum,
696 922 792 1004 lapis
820 922 998 1002 lapicola,
1029 924 1162 986 ostium
1193 923 1385 995 ostiolum,
1469 959 1474 970 ·

98 1031 192 1091 riuus
219 1027 383 1096 riuulus,
412 1025 572 1105 flagrum
601 1024 813 1105 flagellum,
842 1025 911 1094 ler,
941 1023 1010 1086 boc
1040 1031 1097 1086 est
1118 1023 1281 1104 epulum,
1311 1027 1386 1088 ler-

99 1130 206 1192 culum
233 1129 338 1192 lecit:
368 1128 437 1189 hoc
464 1135 585 1208 autern
614 1146 746 1190 nomen
775 1128 832 1189 ler
860 1127 1001 1189 tertiae
1029 1125 1301 1190 declinationis
1330 1138 1387 1192 est
1418 1113 1422 1120 ’

99 1241 128 1294 11
148 1234 198 1294 sic
225 1231 416 1296 flectitur:
446 1229 502 1292 ler
531 1229 625 1291 leris
654 1238 689 1291 et
716 1237 842 1292 cetera
872 1235 907 1290 et
934 1230 1028 1290 lacit
1050 1228 1139 1292 iera.
1183 1229 1275 1292 ltem
1297 1229 1384 1301 box,

97 1335 171 1396 inde
192 1333 237 1397 lit
259 1332 486 1394 diminutius
510 1331 672 1396 baculus.
717 1332 876 1410 lluousque
899 1333 938 1393 de
959 1329 1156 1392 diminutiuis.
1197 1331 1277 1394 Sono
1300 1332 1388 1396 dimi-

65 1439 190 1499 unntiua
216 1454 310 1518 quare
340 1435 498 1498 dicunturl
546 1432 620 1504 Quia
649 1436 692 1496 sic
720 1440 842 1504 sonant,
878 1434 954 1496 sicut
974 1433 1171 1505 diminution,
1205 1433 1258 1496 sed
1288 1441 1386 1496 tamen

100 1538 258 1620 principalia
286 1545 356 1600 sunt
383 1536 551 1615 intellectu,
579 1545 612 1598 ut
638 1535 738 1599 labula
767 1534 881 1598 macula
910 1533 1009 1598 tabula
1037 1534 1195 1599 macellum
1224 1535 1386 1601 uinculum.

99 1641 163 1704 'lou
184 1641 297 1703 Graeca
321 1638 388 1701 ideo
411 1639 559 1709 dicontur,
582 1640 651 1719 quia
675 1657 711 1700 cx
735 1645 797 1700 loto
819 1640 932 1700 Graece
955 1637 1155 1711 declinamur,
1181 1647 1212 1700 ut
1234 1637 1387 1701 Tlremisto

100 1743 211 1824 Calypso
233 1742 308 1808 Dido
338 1741 408 1804 Pan.
453 1741 534 1803 llaec
563 1741 682 1802 nomina
710 1741 888 1803 laminarum
917 1741 1043 1802 suntin
1071 1759 1089 1800 o
1118 1739 1297 1810 desinentia;
1326 1741 1386 1803 Pan

100 1853 188 1907 autern
220 1843 416 1908 masculinum
452 1849 509 1910 est,
545 1844 596 1921 qui
626 1841 723 1904 dictus
754 1850 799 1904 est
827 1841 900 1904 deus
928 1849 1021 1923 pater.
1072 1842 1151 1904 llaec
1178 1859 1244 1904 cum
1273 1842 1386 1904 Graeca

66 1949 163 2018 scint,
186 1965 251 2009 cum
274 1945 387 2008 Latirds
409 1946 521 2006 Graeca
546 1944 743 2008 declinatione
764 1942 962 2021 declinantur,
985 1952 1017 2005 ut
1031 1939 1128 2006 Aedoo'
1143 1939 1271 2018 Διδοῦς
1285 1940 1391 2006 Δ1111

99 2045 184 2110 Διι111
209 2041 277 2110 dard
302 2043 360 2128 τῆς
382 2040 519 2133 Ardodg.
565 2046 638 2110 Tota
661 2048 762 2110 Latina
791 2041 885 2127 qu'are
913 2045 1070 2108 dicunturl
1114 2046 1188 2119 Ouia
1211 2065 1245 2108 ex
1269 2054 1331 2109 toto
1353 2049 1386 2108 in

98 2153 191 2214 balino
219 2157 387 2213 uertuntur.
434 2150 565 2212 Graecus
588 2151 666 2211 enim
690 2149 761 2211 dicit
782 2147 981 2228 Polydeuces,
1010 2148 1132 2212 Latinus
1155 2147 1267 2211 Pollux.
1311 2149 1386 2212 ltern

98 2255 218 2317 Graecus
240 2252 311 2315 dicit
333 2251 496 2332 odysseus,
519 2251 642 2314 Latinus
664 2252 736 2314 dicit
755 2250 863 2313 Vlixes.
908 2249 1002 2313 ‘luter
1025 2251 1170 2314 Graecam
1192 2251 1387 2330 latinamque

98 2357 222 2418 lormam'
246 2372 339 2434 quare
366 2354 524 2416 dicuntur?
567 2353 686 2414 Scilicet
714 2354 783 2433 qula
811 2372 848 2414 ex
869 2361 954 2434 perte
977 2355 1089 2417 Graeca
1113 2361 1143 2416 et
1165 2361 1308 2435 exparte
1332 2353 1385 2416 La·

64 2461 149 2520 mtina
170 2465 251 2529 sunt,
276 2473 351 2536 quae
374 2455 463 2518 nolba
487 2453 688 2538 appellantur,
713 2455 782 2516 item
805 2452 914 2517 nobilia
937 2463 967 2517 et
986 2454 1142 2535 ignobilia,
1166 2464 1197 2516 et
1211 2455 1278 2518 ideo
1294 2455 1384 2518 nothe

96 2559 282 2642 appellantur,
305 2559 373 2639 quia
397 2567 593 2640 corrumpunt
610 2556 729 2620 ultimas
744 2555 871 2637 syllabas
886 2556 1075 2619 manentibus
1090 2555 1240 2638 prioribus
1254 2557 1384 2637 syllabis,

97 2671 125 2724 ut
148 2670 214 2745 aput
237 2661 366 2725 Graecos
387 2660 573 2723 Alexandros
595 2659 773 2722 blenandros
801 2659 927 2730 dicitnr,
956 2667 1028 2740 aput
1049 2660 1170 2722 Latinos
1198 2668 1295 2723 autem
1319 2658 1386 2724 dle·

96 2765 198 2826 rander
229 2762 403 2826 blenander.
453 2763 535 2824 lllcta
569 2769 667 2826 autern
701 2761 806 2832 notha,
840 2762 1090 2842 quemadmodum
1125 2762 1233 2826 nothos
1267 2763 1384 2834 dicitur,
1478 2807 1481 2815 Δ

96 2867 218 2948 quisqu'n
252 2865 289 2926 de
318 2865 427 2946 dispari
461 2881 572 2944 genere
607 2865 746 2927 nascitur.
795 2864 994 2944 llomongma,
1030 2864 1088 2925 boc
1122 2873 1166 2927 cst
1200 2865 1383 2936 uninomina,

63 2983 178 3047 aquare
206 2969 362 3030 dicunturl
410 2967 452 3030 Eo
480 2967 560 3048 quod
588 2985 646 3030 una
674 2964 872 3047 appellatione
899 2965 985 3046 plura
1013 2966 1194 3045 signillcent,
1231 2975 1263 3028 ut
1290 2984 1383 3048 nepos

95 3069 190 3132 dicitur
211 3070 397 3140 luxoriosus,
419 3071 491 3131 item
508 3067 519 3152 ΙΙ
536 3069 555 3130 1.
574 3065 634 3132 83⁵
649 3065 660 3150 11
677 3067 732 3130 alia
756 3068 969 3148 significatione
991 3087 1085 3150 nepos
1101 3068 1210 3131 dicitur
1226 3070 1271 3131 rei
1285 3070 1383 3132 auitae

94 3182 285 3254 consumptor,
310 3171 366 3232 boc
389 3178 447 3242 est,
471 3172 521 3249 qui
545 3169 690 3250 disperdit
711 3168 775 3232 illae
798 3188 861 3241 res,
885 3187 958 3248 quas
980 3170 1037 3233 sibi
1058 3173 1104 3234 sul
1126 3179 1266 3252 parentes
1288 3170 1381 3234 demi·

94 3283 196 3338 serunt.
239 3273 340 3335 Tertia
362 3274 577 3353 significatione
600 3273 709 3335 dicitur
731 3291 825 3354 nepos
848 3279 946 3334 certus
968 3275 1153 3354 cognationis
1175 3274 1301 3354 gradus,
1324 3271 1382 3335 hoc

94 3387 134 3438 est
158 3375 233 3440 illius
255 3375 317 3438 1111.
362 3375 411 3438 811
435 3383 464 3436 11
486 3377 564 3438 acles
588 3375 695 3438 dicitur
718 3374 871 3437 oculorum
895 3383 925 3436 et
946 3377 1026 3438 acies
1048 3376 1120 3438 lerri
1143 3384 1173 3437 et
1194 3377 1272 3438 acies
1294 3394 1381 3438 excr-

64 3479 175 3550 notros,
202 3481 246 3541 sio
275 3485 304 3539 et
332 3478 463 3541 tumulus
491 3477 600 3540 dicitur
629 3476 788 3556 aliquando
816 3494 901 3539 mons
923 3496 1054 3559 paruus,
1082 3478 1242 3560 aliquando
1264 3489 1382 3543 tumens

93 3581 183 3654 tellus,
211 3579 371 3659 aliquando
397 3579 577 3660 sepulcrum.
624 3625 754 3642 .....
778 3580 946 3661 synonyma
975 3598 1047 3661 ergo
1075 3581 1143 3643 ideo
1172 3580 1320 3653 dicuntur,
1345 3601 1380 3643 eo

94 3685 162 3764 quod
193 3686 231 3748 sit
258 3683 289 3744 in
318 3681 454 3763 pluribus
481 3683 650 3744 nominibus
677 3681 853 3761 significatio
883 3700 956 3754 una,
991 3691 1024 3745 nt
1050 3691 1130 3746 terra
1159 3683 1267 3745 humus
1295 3681 1382 3746 tellus

93 3785 160 3848 idem
193 3791 263 3848 sunt
295 3785 411 3852 omnia:
444 3786 514 3847 item
549 3786 628 3847 ensis
660 3802 765 3846 mucro
795 3783 910 3864 gladius
937 3782 1015 3846 idem
1042 3791 1121 3847 sunl.
1172 3785 1381 3850 Patronomlce

94 3907 173 3968 quare
206 3887 364 3950 dicunturl
413 3885 455 3948 Eo
484 3886 563 3968 quod
592 3904 608 3948 a
636 3885 770 3968 patribus
803 3885 1035 3960 contrahuntur,
1068 3895 1102 3948 ut
1130 3886 1259 3969 Tydides
1287 3888 1380 3970 Tydei

149 4143 300 4195 lulxillum
351 4139 477 4210 sagellum
550 4141 689 4192 dilatorum
758 4142 855 4194 3heee
873 4143 959 4210 omnip
977 4141 1082 4210 longam
1133 4143 1273 4195 dasianus
1326 4143 1380 4195 disi

95 4211 204 4279 Virgilius
217 4207 344 4296 Apionos]
358 4212 393 4274 es.
406 4211 441 4261 A.
454 4210 520 4264 Mal.
533 4217 600 4294 pust.
612 4213 688 4262 clara.
702 4211 786 4262 Votlc.
803 4211 872 4292 11111.
886 4213 919 4296 is,
929 4229 957 4277 p.
969 4213 1021 4262 132
1030 4209 1046 4274 (
1046 4212 1149 4293 Virgilii
1159 4213 1267 4293 epitome
1280 4211 1379 4297 Vm),

94 4285 273 4400 1111010111ῗὲ
274 4281 490 4413 dmll‘d'gadr'dmu
501 4279 584 4398 poppe
592 4281 791 4398 epplcterptoeupcsspe
791 4281 829 4330 dn
847 4279 942 4400 dudda
966 4278 1310 4412 liuduszdduddmdroddluoildlm
1346 4285 1379 4399 ld

94 4424 135 4466 tnta
231 4431 284 4480 ece,
302 4417 340 4466 sic
356 4431 457 4481 eernpev
526 4417 559 4467 14
574 4416 638 4466 deus
658 4412 740 4483 pater]
761 4415 819 4467 An:
837 4417 902 4467 deus
921 4419 1072 4482 pastorum?
1142 4417 1173 4468 to
1191 4431 1248 4466 eum
1266 4415 1380 4467 Latinis-

95 4485 141 4534 Aa:
158 4487 182 4535 in
200 4432 315 4536 fiunis!
373 4495 400 4534 nt
417 4483 478 4535 dido
496 4483 597 4549 dgdogs
615 4483 702 4549 dgcl'og
720 4479 800 4535 didon
812 4499 862 4552 opo
876 4485 895 4536 11
906 4484 981 4549 dgosi
999 4494 1052 4535 toto
1069 4499 1175 4536 cerussa
1192 4499 1272 4549 quare
1289 4482 1378 4550 dicun]

15 4613 16 4624 ἶ
95 4559 127 4600 tur
189 4555 221 4605 l'l
239 4552 371 4620 poliduces
440 4551 513 4619 polix
582 4553 614 4602 18
632 4553 736 4604 odlccon
787 4552 865 4618 Inter]
883 4555 945 4605 ltem
1014 4553 1047 4604 te
1065 4551 1209 4614 8111111111
1276 4554 1310 4605 20
1329 4569 1379 4617 que

15 4627 17 4648 t
95 4619 120 4668 ta
135 4621 278 4672 minsndros
331 4619 425 4670 latinns
494 4623 526 4672 23
544 4621 676 4672 minander
729 4619 789 4672 nota
869 4623 902 4672 14
919 4621 952 4673 de
968 4621 1077 4687 diepetri
1094 4621 1269 4688 generoseltnr
1322 4623 1380 4672 uni-

15 4683 16 4752 ]
95 4700 256 4754 congaudes
308 4689 341 4739 26
358 4690 427 4740 etrite
444 4700 613 4756 consumptor
663 4689 696 4739 at
714 4689 844 4756 disperdet
895 4691 928 4742 28
945 4690 1063 4740 dicuntur
1080 4705 1163 4756 nepus
1209 4689 1379 4756 cognationes

94 4754 120 4804 ‘tt
136 4757 184 4808 beri
252 4758 315 4808 sues
334 4759 456 4808 exertitur
540 4760 572 4810 31
590 4756 736 4824 sepulcrum
754 4757 909 4823 bomongmn
927 4755 1002 4826 ergo]
1029 4757 1192 4811 uenderent
1208 4761 1329 4812 nonmrllo
1346 4761 1379 4814 de

94 4837 271 4893 synonymorum
289 4828 394 4878 nomine.
464 4828 497 4877 34
515 4825 635 4877 tlritlrides
654 4825 732 4876 tlridei
