3560 5574
461 391 499 444 ru
518 389 602 444 non.
621 387 748 442 aaran
764 387 942 442 aaronem
1284 381 1348 450 259

58 598 126 640 meo
147 597 246 648 more;
276 581 407 642 tuatim
431 582 450 639 i·
475 587 525 642 tuo
548 599 640 642 more.
685 583 707 641 l
730 577 846 640 uerbo
869 596 957 640 curru
985 577 1125 638 cursim
1147 577 1169 636 i·
1192 574 1348 638 uelociter.

57 683 230 742 Strictim
252 683 273 742 i·
297 680 423 742 fortiter.
469 681 738 762 Pedetemptim
761 679 871 742 dicitur
892 679 998 760 pedem
1023 687 1092 759 post
1111 678 1218 759 pedem
1239 677 1410 742 lentiores,
1424 693 1449 730 1⁶

58 781 237 844 ambulando
259 781 307 844 uel
328 783 468 863 ponendo
490 803 506 845 a
531 786 652 846 nomine
669 783 769 863 ‘pede'
785 791 816 842 et
829 782 966 862 ‘tempto'
992 780 1096 843 uerbo.
1141 783 1163 844 Α
1187 781 1346 861 partiei-

57 887 128 964 pio,
146 892 184 945 ut
205 882 466 964 indulgenter,
489 905 514 948 s.
528 885 639 948 iudicat
661 903 714 946 rex
730 885 750 944 i.
766 902 833 946 cum
856 881 1048 962 indulgentia.
1094 882 1235 962 Indulgen
1257 881 1347 946 multa

34 987 217 1066 asignidoat:
250 985 408 1066 ‘indulgeo
430 987 486 1050 tibi
508 989 658 1068 peccata',
682 987 702 1047 i.
727 985 858 1060 dimitto,
881 983 1037 1065 ‘indulgen
1059 985 1113 1046 tibi
1134 985 1304 1054 beneficia',
1328 987 1346 1045 i.

57 1099 191 1167 praesto;
215 1087 368 1168 ‘indulgeo
392 1107 513 1169 operam
536 1089 680 1156 lectioui',
702 1090 722 1149 i.
744 1087 874 1150 studium
890 1087 938 1148 do.
981 1092 1005 1151 Α
1027 1088 1175 1149 nomine
1197 1087 1346 1148 uenien-
1360 1099 1409 1147 aaa,
1425 1100 1448 1139 u

58 1193 105 1250 tia
135 1199 197 1252 aut
223 1192 259 1251 in
288 1209 304 1252 a
334 1200 478 1253 exeunt.
524 1191 611 1254 Modo
639 1191 725 1261 dicit,
755 1189 863 1268 quibus
891 1188 999 1252 litteris
1026 1190 1168 1251 liniuntur
1196 1187 1347 1258 aduerbia,

58 1309 132 1372 quae
154 1311 170 1353 a
194 1293 314 1354 nomine
336 1295 470 1355 ueniunt.
516 1294 558 1355 Vt
580 1311 664 1362 una,
696 1292 870 1354 aduerbium
900 1290 1115 1370 congregandi:
1148 1296 1225 1354 ‘una
1248 1309 1348 1353 recor·

59 1393 165 1456 dantur
187 1397 294 1475 pueri’,
318 1394 339 1453 i·
363 1394 460 1456 simul.
505 1401 575 1458 lut
595 1397 632 1456 in
656 1413 671 1454 e
694 1393 928 1474 productam,
951 1402 990 1456 ut
1017 1393 1136 1456 docte.
1173 1392 1254 1456 Bene
1276 1394 1348 1455 dixit

27 1509 47 1546 u
60 1497 100 1556 ‘ln
116 1515 133 1555 e
148 1494 350 1576 productam',
373 1499 440 1577 quia
463 1497 518 1560 alia
542 1501 573 1559 in
590 1517 606 1558 e
621 1503 791 1576 correptam
814 1495 961 1558 desinunt.
999 1495 1105 1558 Omnia
1120 1497 1248 1567 numina,
1273 1513 1348 1574 quae

59 1607 171 1658 rectam
193 1595 304 1658 habent
325 1601 587 1679 comparationem,
611 1603 642 1661 in
665 1618 681 1660 e
703 1599 822 1677 longana
844 1598 957 1660 iaciunt
977 1595 1163 1666 aduerbium,
1186 1609 1219 1659 ut
1240 1599 1348 1660 ‘iustus

59 1701 145 1759 iuste'
167 1698 278 1761 ‘clarus
298 1698 400 1761 olare'.
436 1704 505 1762 Αιιι
527 1703 561 1762 iu
584 1721 600 1762 e
623 1708 848 1780 correptam,
875 1709 912 1760 ut
932 1700 1021 1768 rite,
1045 1701 1066 1759 i·
1082 1718 1166 1762 more
1185 1697 1234 1762 uel
1254 1708 1345 1771 recte,
1361 1711 1410 1787 888,
1426 1713 1449 1750 88

61 1802 125 1880 quia
148 1803 261 1880 antiqui
283 1803 409 1863 ‘ritum’
434 1801 573 1864 dicebant
595 1810 719 1864 rectum.
755 1803 823 1862 aot
844 1802 879 1862 iu
901 1803 925 1871 i,
950 1811 988 1864 ut
1011 1804 1163 1882 uesperi
1186 1803 1309 1864 uenistis
1324 1803 1347 1864 i·

60 1905 227 1982 uespertina
250 1904 340 1974 hora,
365 1913 394 1964 et
416 1907 500 1968 uenit
521 1925 537 1966 a
560 1907 695 1975 nomine,
720 1903 799 1984 quod
821 1913 865 1965 est
887 1922 994 1984 uesper
1010 1901 1021 1986 ΙΙ
1040 1900 1100 1966 186
1116 1901 1127 1986 u
1144 1906 1277 1984 uesperis
1300 1902 1348 1966 uel
1398 1903 1401 1908 '

30 2018 181 2084 uuespera
205 2023 360 2086 uesperae.
404 2008 530 2068 Aulin
553 2025 570 2065 o
593 1993 826 2101 prodtffltam,
846 2017 887 2066 ut
915 2005 1010 2067 lalso
1038 2003 1170 2085 loquitur
1194 2004 1241 2066 uel
1263 2006 1344 2068 lalse.
1358 2016 1409 2066 888,
1424 2019 1448 2056 1⁹

61 2106 217 2168 Sciendum
247 2114 292 2166 est
318 2115 432 2178 autern,
469 2109 537 2186 quia
570 2107 711 2168 aduerbia
739 2105 836 2169 tribus
863 2107 958 2168 modis
988 2109 1170 2191 diriuantur:
1199 2124 1286 2170 sensu
1315 2118 1347 2170 ut

61 2207 180 2269 ‘modo'.
231 2208 367 2270 ‘Modus'
397 2227 506 2272 nomen
535 2226 704 2270 mensuram
731 2210 890 2288 significat,
924 2209 993 2271 inde
1021 2207 1142 2271 ‘modo’
1171 2209 1344 2272 aduerbium

62 2312 213 2389 temporis:
239 2328 327 2372 unam
351 2309 462 2372 habent
482 2306 697 2381 litteraturam,
719 2310 771 2372 sed
795 2329 883 2373 sensu
905 2309 1031 2380 distant;
1054 2329 1142 2373 seusu
1166 2319 1194 2373 et
1217 2329 1277 2372 non
1299 2312 1346 2374 lit-

62 2421 201 2482 teratura,
225 2422 258 2473 ut
279 2412 395 2474 ‘semel’
419 2413 455 2473 ab
478 2432 546 2488 nno,
571 2412 641 2475 ‘bis’
665 2433 680 2476 a
703 2411 832 2474 duobus:
857 2411 983 2475 eundem
1007 2431 1126 2476 sensum
1148 2411 1268 2483 habent,
1293 2414 1345 2476 sed

32 2527 115 2574 unco
131 2514 256 2576 eandem
272 2514 479 2575 litteraturam.
516 2503 586 2578 Au't
606 2517 641 2575 in
664 2535 684 2576 u
706 2514 861 2585 desinit,
886 2524 923 2576 ut
944 2524 1063 2577 noctu·
1081 2517 1189 2577 uenisti
1210 2515 1234 2577 i·'
1252 2516 1346 2578 tarde.

62 2617 125 2674 lut
147 2617 185 2676 in
208 2633 248 2676 us
271 2624 309 2677 ut
330 2616 514 2688 funditus,
539 2637 554 2678 a
577 2617 705 2687 numine,
729 2616 811 2695 qdod·
830 2625 874 2680 cat
896 2615 1041 2679 ‘fundus'
1063 2619 1084 2679 i·
1108 2616 1408 2680 fundamentorum,
1422 2629 1447 2668 21

64 2715 125 2777 inde
148 2716 314 2779 ‘funditus'
344 2717 537 2790 aduerbium,
567 2727 600 2779 ut
627 2716 779 2780 ‘funditus
802 2737 907 2780 euersa
932 2728 976 2781 est
998 2722 1130 2790 ciuitas',
1159 2722 1178 2780 i·
1203 2737 1218 2780 a
1240 2720 1346 2783 lunda·

66 2831 168 2880 mento.
213 2819 295 2881 llite
319 2839 335 2882 a
358 2822 494 2888 nomine,
525 2820 603 2898 quod
632 2830 677 2880 eat
705 2821 827 2890 ‘arrosa
856 2821 1017 2883 deriuatur.
1062 2821 1212 2899 impune
1239 2821 1497 2884 dicitursed-u

64 2920 120 2980 siue
148 2921 255 2982 damno
284 2931 312 2982 et
335 2923 454 2982 uenlta
483 2924 617 2992 nomine,
646 2921 725 3002 quod
753 2931 798 2984 est
825 2923 955 3003 ‘poena’
984 2923 1032 2985 uel
1054 2941 1070 2982 a
1092 2924 1216 3003 ‘prunio'
1240 2921 1344 2984 uerbo.

35 3021 173 3102 adaepe
209 3022 348 3084 similiter
374 3025 405 3084 ln
434 3043 450 3084 e
478 3023 601 3084 breuem
630 3023 751 3094 desinit,
780 3024 849 3086 licet
876 3034 1065 3104 comparetur
1093 3027 1200 3105 ‘saepe
1226 3027 1446 3106 saepiuseoe

64 3127 256 3203 saepissimet
281 3135 311 3186 et
334 3127 418 3188 uenit
439 3145 454 3187 a
478 3127 612 3194 nominc,
636 3123 715 3202 quod
738 3137 785 3188 est
806 3131 945 3207 ‘saepes’
969 3126 1017 3188 uel
1041 3145 1056 3187 a
1080 3125 1174 3188 uerbo
1197 3128 1344 3207 ‘aaeplo’,

64 3225 81 3282 i·
102 3228 209 3288 munic.
254 3227 402 3308 ‘Saepes'
427 3237 473 3289 eet
494 3227 617 3288 munitio
640 3235 670 3288 et
692 3227 810 3296 dicitur,
839 3248 874 3290 eo
896 3229 975 3309 quod
1002 3230 1173 3310 frequenter
1196 3229 1274 3306 ligna
1296 3229 1344 3292 uel

72 3328 163 3405 uirgae
185 3327 226 3388 ibi
248 3338 409 3408 ponuntur.
457 3326 584 3391 Facile
605 3329 626 3388 i·
650 3328 737 3408 plane
761 3330 807 3391 uel
830 3330 952 3400 leniter:
982 3331 1144 3394 dillioile
1166 3332 1185 3392 i·
1202 3334 1343 3409 grauiter.

67 3426 153 3490 Facile
177 3439 207 3490 et
228 3429 350 3492 dillicile
373 3434 492 3494 nomina
515 3439 584 3492 sunt
606 3433 707 3492 neutri
729 3433 860 3509 generis,
891 3431 944 3494 sed
974 3451 1029 3512 pro
1056 3433 1206 3496 aduerbiis
1228 3451 1344 3513 ponun-

39 3537 118 3590 rclur.
158 3533 333 3602 Toruum,
363 3535 383 3594 i·
409 3531 590 3595 terribiliter.
635 3533 754 3594 'loruus
781 3531 889 3596 dicitur
911 3533 1075 3604 horribilis,
1098 3535 1167 3596 inde
1190 3538 1342 3596 ‘toruum'
1358 3548 1406 3599 aaa,
1420 3551 1446 3592 ec

69 3637 155 3695 neutri
178 3617 297 3714 generis
319 3637 439 3715 ponitur
453 3652 508 3714 pro
523 3633 676 3696 aduerbio.
720 3634 955 3697 Horrendum
978 3638 997 3694 i·
1020 3634 1212 3707 horriblliter,
1235 3651 1446 3701 nomentanae

69 3739 106 3792 est
124 3735 266 3806 simililer,
290 3736 341 3798 sed
364 3755 419 3817 pro
441 3735 586 3798 aduerbio
609 3737 736 3814 ponitur.
760 3771 802 3780 -
824 3735 975 3798 ‘Sedulus'
991 3715 1256 3801 ‹licitur'assidous
1278 3750 1339 3801 etu-
1354 3752 1482 3806 oranter

70 3833 156 3900 diosus
177 3847 207 3899 et
228 3835 337 3900 dicitur
360 3858 375 3900 a
396 3838 541 3908 sedendo,
565 3840 649 3918 quia,
673 3840 722 3918 qui
746 3837 822 3900 bene
845 3837 952 3908 studet,
975 3838 1025 3899 diu
1047 3838 1139 3902 sedet.
1184 3839 1432 3919 agilmarum

69 3937 89 3994 i·
110 3937 262 4004 uelociter!
309 3942 510 4020 l'surpauit
538 3941 561 4000 i·
592 3957 645 4000 usu
680 3942 789 4018 rapuit.
824 3975 867 3984 —-
899 3940 1049 4012 Quaedam
1079 3961 1095 4002 e
1123 3951 1240 4012 contra,
1275 3959 1342 4003 curu
1357 3955 1431 4002 3888

41 4037 227 4104 ridebulment
249 4042 280 4101 in
305 4061 321 4102 e
343 4041 488 4112 desinere,
513 4049 623 4103 exeunt
644 4043 675 4102 in
698 4043 913 4112 ter,.ut.‘lruic
935 4041 1022 4104 duro'
1046 4043 1159 4106 duriter
1181 4045 1259 4114 lacit,
1284 4062 1342 4105 non

71 4137 187 4214 durel-
210 4162 325 4224 aspere.
370 4143 481 4204 Tanren
504 4142 613 4204 ‘dure’
643 4141 783 4214 dicimus,
814 4150 859 4204 nt:
895 4144 984 4206 dure
1014 4147 1133 4208 sensit
1161 4145 1341 4209 Abraham

71 4258 126 4317 pro
145 4245 228 4308 lilio
250 4265 324 4308 suo.

142 4362 633 4444 Significatioi·intellectus.
681 4365 929 4446 Comparatio,
960 4369 1011 4445 qui
1033 4369 1177 4448 quaedam
1201 4365 1430 4430 adumbrantur
1502 4405 1505 4411 .

1 4499 2 4510 ι
73 4475 278 4544 comparantem
302 4449 438 4545 ‘dgrrrae'
462 4469 565 4534 etiam.
589 4469 656 4547 quia
680 4457 1210 4564 quaedanpjcomponunturll18NJ.
1256 4469 1431 4532 uer-aon

1 4627 2 4636 ι

1 4663 2 4666 ,
74 4647 279 4664 Ἢ

128 4755 222 4868 ldiedrt
290 4811 322 4860 10
339 4810 491 4874 productum
543 4819 688 4874 correptum
745 4809 776 4858 11
795 4807 899 4872 longum
970 4810 1001 4858 12
1019 4819 1163 4876 correptum
1233 4811 1264 4861 15
1281 4823 1341 4874 pru-

1 4911 2 4916 ,
74 4867 159 4922 duratum
225 4878 256 4926 at
276 4877 382 4926 lrrnduut
451 4879 484 4927 '25
502 4880 579 4928 breue
647 4878 679 4928 36
699 4886 725 4926 ιιι
741 4877 803 4926 dure
821 4879 903 4927 sensit
922 4873 1059 4943 Abraham]
1078 4877 1145 4930 Mor.
1167 4877 1182 4930 1
1200 4879 1241 4940 21,
1259 4881 1291 4928 11

1086 4964 1139 5014 17*
