3378 5550
295 393 381 442 CVIII
638 381 688 432 DE
707 379 923 434 COMMENTIS
943 379 1243 432 EINSIDLENSIBVS

288 573 536 648 perscrutatione
557 577 716 644 remotum,
747 572 791 630 ita
818 573 951 646 exceptis
973 572 1102 646 aliquot,
1128 588 1211 646 'quae
1233 573 1264 631 in
1285 574 1413 646 sinpulis
1434 573 1593 634 uocabulis

294 689 314 732 a
338 674 456 732 Graeca
479 674 596 747 ortqine
618 672 789 747 repetendis
811 679 987 746 uersentur,
1013 674 1243 746 definitionibus,
1269 676 1300 734 in
1322 676 1494 735 uniuersum
1518 677 1590 734 Ver-

290 777 418 850 qilianis
439 775 637 849 similiumque
659 776 721 834 eius
736 774 967 834 ariolationibus
982 791 1084 851 paene
1098 777 1217 835 omuino
1231 783 1326 835 caret.
1373 779 1470 852 Atque
1484 793 1590 836 eorum

293 895 333 938 ex
355 893 479 937 numero
501 883 748 949 commentorum,
778 891 857 952 quae
883 878 979 935 multa
1008 878 1099 935 etiam
1128 879 1158 936 in
1186 861 1434 938 bibliothecarum
1456 879 1591 939 tenebris

199 1053 202 1059 .
292 983 390 1039 latere
410 986 642 1038 consentaneum
664 985 718 1053 est,
743 979 826 1052 quod
847 978 1052 1038 Einsidlensia
1070 976 1257 1053 potissimum
1280 981 1349 1039 luce
1370 980 1493 1055 donaui,
1517 983 1590 1042 inde

287 1080 476 1154 factumest,
495 1083 567 1156 quia
582 1081 658 1140 haec
673 1082 740 1156 ipsu
757 1080 794 1139 ab
817 1082 1034 1155 insequentium
1057 1083 1246 1141 saeculorum
1268 1082 1436 1142 hominibus
1455 1085 1589 1158 probata

292 1191 322 1242 ct
337 1189 518 1259 propequta
540 1183 608 1243 uidi
627 1199 679 1244 seu
701 1183 932 1258 excerperemus
954 1199 1006 1242 seu
1029 1183 1092 1242 alia
1113 1183 1237 1243 aliunde
1257 1184 1293 1243 iis
1314 1183 1587 1258 adplutiuantrbus.

292 1286 358 1345 Hoc
380 1291 412 1344 ut
428 1284 608 1360 probarem,
634 1285 726 1344 alteri
745 1286 776 1344 in
791 1283 907 1344 Donati
927 1291 1023 1344 artem
1038 1287 1181 1344 maiorem
1197 1293 1359 1348 commento
1381 1295 1473 1362 atque
1486 1290 1587 1360 tertio,

291 1388 374 1462 quod
394 1387 437 1446 ad
457 1386 679 1446 barbarismum
698 1388 847 1460 pertinet,
873 1389 988 1462 passim
1016 1389 1047 1445 in
1070 1388 1268 1448 adnotatione
1288 1391 1402 1450 codicis
1424 1389 1590 1450 Beruensis

294 1495 353 1548 386
371 1490 452 1548 locos
469 1489 639 1548 consimiles
656 1490 788 1563 ascripsi
807 1504 867 1547 non
891 1505 1006 1562 omnes,
1030 1491 1085 1548 sed
1105 1492 1235 1564 quadarn
1251 1490 1374 1551 dicendi
1395 1494 1444 1552 uel
1458 1493 1592 1552 docendi

287 1592 480 1666 proprietate
501 1591 687 1664 conspicuos.
725 1589 940 1664 ltaqueetiam
962 1591 993 1650 in
1015 1591 1128 1651 scholio
1142 1594 1317 1666 marqiuati,
1342 1593 1424 1668 quod
1443 1596 1510 1655 cod.
1530 1601 1589 1653 207

289 1690 316 1765 f.
336 1689 388 1750 10⁶
404 1693 515 1768 primis
530 1691 647 1752 Donati
667 1692 705 1750 de
719 1693 823 1750 littera
838 1693 972 1752 uersibus
987 1696 1152 1768 ascriptum
1167 1700 1211 1752 est
1224 1711 1317 1754 manu
1338 1697 1454 1756 saeculi
1467 1695 1586 1769 decimi,

291 1795 380 1853 talem
409 1795 581 1868 arquurenti
606 1796 817 1867 coqnalionem
845 1794 1072 1870 deprehendas:
1101 1794 1212 1880 ‘litterp
1240 1813 1338 1870 quare
1363 1795 1463 1858 dicte?
1491 1799 1589 1857 tribas

290 1914 330 1956 erc
351 1898 465 1970 causis,
495 1912 554 1954 uno
581 1896 669 1955 modo
696 1897 784 1970 quusi
808 1897 950 1980 leqitterp
976 1913 1011 1955 co
1037 1897 1118 1971 quod
1134 1897 1308 1972 praebeant
1329 1899 1494 1973 leqentibus
1516 1903 1586 1960 iter.

291 2001 352 2058 alio
377 1997 473 2060 modo.
494 2015 534 2057 erc
562 1998 607 2058 his
635 1999 715 2084 dicte
743 2013 763 2054 a
790 1999 903 2057 litturis
925 1999 1000 2058 idest
1027 2015 1047 2056 a
1068 1999 1211 2058 liniendo.
1241 2001 1361 2074 antiqui
1386 2002 1497 2075 quippe
1524 2019 1588 2060 uon
1621 2048 1626 2065 .

290 2101 443 2160 habebant
464 2100 653 2159 membranas
674 2101 729 2160 sed
754 2099 927 2159 scribebant
953 2097 986 2160 in
1014 2101 1125 2160 tabulis
1151 2104 1264 2162 ceratis
1291 2105 1391 2162 amnia
1419 2109 1449 2161 et
1478 2103 1588 2163 iterum

292 2203 441 2264 delebant.
470 2203 560 2261 tertio
587 2204 676 2262 modo
705 2202 788 2284 dicte
814 2203 916 2286 littere
942 2218 977 2261 eo
1004 2204 1138 2278 quadiu
1160 2205 1287 2278 ieqendo
1309 2207 1465 2264 iterentur.
1508 2203 1589 2280 Sepe

290 2302 371 2366 enim
393 2306 424 2363 in
447 2320 510 2362 una
531 2304 614 2362 lirtea
630 2311 730 2378 potest
751 2320 771 2361 a
792 2305 948 2380 repperiri
968 2311 1021 2364 aut
1042 2305 1060 2362 b
1083 2311 1137 2364 aut
1159 2307 1199 2378 c',
1224 2305 1267 2378 cs.
1284 2323 1389 2365 comm.
1405 2307 1534 2366 Einsidl.
1550 2307 1590 2366 II

288 2423 320 2482 p.
348 2411 411 2479 221,
438 2409 569 2472 ta—tt;
594 2406 665 2464 ibici.
689 2405 770 2465 ‘Mos
791 2411 858 2464 erat
880 2407 967 2482 apud
987 2409 1126 2480 antiquos
1154 2416 1187 2466 ut
1208 2425 1268 2468 non
1290 2407 1427 2468 dicerent
1449 2410 1588 2496 abiimus,

229 2519 236 2528 ·
290 2509 345 2568 sed
366 2508 499 2568 obtamus
520 2523 576 2566 nec
597 2510 647 2567 uir
668 2525 819 2584 expresse,
843 2508 898 2568 sed
918 2509 961 2568 ita
984 2515 1017 2568 ut
1036 2525 1054 2567 e
1074 2517 1198 2568 sortarct
1219 2526 1274 2570 nec
1297 2510 1430 2570 obtamus
1443 2527 1590 2586 expresse

290 2611 345 2670 sed
370 2611 412 2670 ita
441 2617 474 2668 ut
502 2612 514 2669 i
539 2619 662 2670 sonaret
688 2618 717 2670 et
744 2611 812 2670 ideo
834 2614 846 2670 i
870 2619 898 2669 et
924 2628 945 2669 u
971 2613 1069 2696 raedig
1097 2611 1270 2684 dicuntur',
1300 2611 1345 2685 cs.
1369 2628 1474 2672 comm.
1499 2613 1588 2672 h'ins.

285 2731 319 2788 p.
347 2718 413 2789 223,
439 2718 563 2771 rt—tr.
610 2713 744 2773 Ceterum
773 2713 854 2772 itanc
882 2716 1054 2787 urqrmsenti
1078 2714 1300 2774 similitudinem
1328 2717 1371 2774 ita
1393 2731 1511 2790 quoque
1532 2731 1587 2775 ese-

287 2816 407 2890 plieare
434 2815 583 2889 quispiam
607 2817 719 2892 possit,
755 2823 787 2874 ut
814 2832 855 2874 ex
882 2817 986 2875 talium
1014 2815 1195 2876 scholiorum
1228 2817 1364 2890 marqini
1394 2833 1586 2892 aspersorium

286 2915 455 2990 satrapiae
477 2918 610 2990 undique
630 2923 774 2991 conpesta
796 2925 1057 2976 commentatorem
1075 2918 1287 2978 Einsidlensem
1310 2921 1485 2994 opusculum
1499 2937 1586 2979 suum

290 3018 457 3091 confecisse
484 3015 620 3102 dicat.*)
665 3019 724 3078 Hic
753 3035 825 3078 uero
853 3020 919 3092 quis
941 3018 1041 3090 fecerit
1069 3014 1159 3078 leorno
1186 3029 1276 3094 atque
1303 3019 1423 3080 ubinam
1450 3022 1586 3094 nentium

292 3119 406 3181 eriserit
428 3119 570 3196 quibusue
593 3129 757 3195 temporum
778 3121 888 3192 tinibus
910 3137 998 3194 quam
1026 3124 1252 3182 accuratissime
1277 3124 1315 3181 sit
1337 3123 1586 3184 circumscriben-

290 3224 364 3296 dus,
389 3221 570 3294 difficillime
592 3221 676 3282 dictu
697 3229 786 3295 esset,
818 3223 878 3282 nisi
898 3225 1032 3297 primum
1060 3231 1142 3282 certe
1164 3230 1326 3284 tractatum
1348 3225 1400 3284 sub
1423 3223 1589 3300 Remiqii

290 3323 411 3385 nornine
440 3328 470 3384 in
498 3321 588 3384 libris
614 3322 833 3400 manuscriptis
858 3327 970 3399 passim
999 3325 1198 3398 circumferri
1222 3335 1389 3399 salutaret„
1414 3327 1458 3400 cs.
1483 3327 1589 3388 Caroli

292 3423 422 3486 Thuroti
437 3425 569 3486 ‘Notices
590 3432 620 3485 et
640 3424 773 3485 extruas
794 3428 846 3485 cles
867 3430 1047 3487 manuscrits
1068 3427 1106 3486 tie
1126 3429 1159 3486 la
1180 3427 1380 3504 bibliotheque
1401 3428 1583 3506 imperiale,

289 3537 357 3587 tom.
381 3527 490 3600 XXII,
518 3533 594 3586 1868
612 3545 645 3602 p.
665 3533 691 3585 a.
711 3535 755 3587 la.
791 3527 868 3586 Nam
891 3529 968 3588 haec
989 3537 1060 3589 sunt
1082 3532 1187 3589 ultima
1210 3531 1306 3590 uerba
1333 3529 1398 3592 eius
1420 3539 1581 3607 tractatus,

290 3632 388 3704 qualis
409 3637 453 3690 est
474 3632 506 3689 iu
529 3631 634 3689 codice
657 3629 923 3705 Moutepessuiano
946 3637 1003 3689 387
1025 3647 1105 3691 saec.
1130 3631 1164 3690 X
1179 3631 1208 3706 s.
1235 3640 1305 3692 lot:
1332 3632 1429 3693 ‘unde
1457 3642 1487 3694 et
1508 3651 1585 3713 pepe

290 3731 397 3792 dicitur
420 3730 599 3810 apostolicus
623 3737 652 3789 et
674 3731 889 3809 Interpretatur
912 3730 1094 3792 admIrubilis
1116 3733 1166 3794 uel
1189 3740 1274 3812 pater
1296 3741 1421 3812 patrum.
1459 3733 1496 3796 Et
1512 3742 1586 3796 attat

290 3834 458 3893 interiectio
493 3842 537 3893 est
574 3833 740 3892 metuentis,
784 3831 873 3892 Liber
908 3832 1036 3912 Remigii
1071 3832 1199 3913 explicit.
1244 3835 1304 3897 Deo
1333 3839 1443 3913 gratim
1474 3839 1584 3898 etnen’.

290 3942 380 4011 atque
406 3933 440 3995 in
467 3937 572 3996 codice
593 3936 737 3995 Parisino
762 3942 817 3993 tte
843 3937 937 4008 (saec.
961 3935 1109 4013 tetius.
1136 3943 1188 3996 47:
1220 3936 1338 4016 ‘Incipit
1360 3939 1504 4017 expositio
1527 3937 1582 3998 Re·

291 4037 372 4116 mIgii
389 4037 419 4097 in
436 4038 533 4113 primu
549 4035 680 4097 editione
696 4036 800 4097 Donati
817 4037 970 4114 gramatici
984 4036 1069 4099 urbis
1085 4037 1187 4101 Rome.
1219 4039 1277 4100 Iste
1294 4038 1395 4124 titulus
1415 4040 1474 4114 (cs.
1491 4040 1587 4102 Keilii

357 4323 384 4388 *J
404 4324 490 4376 Obiter
507 4341 602 4388 moneo,
622 4341 675 4376 euru
694 4329 781 4387 locum,
800 4341 848 4390 quo
866 4327 898 4376 de
916 4327 1012 4376 ‘idern’
1029 4330 1177 4392 pronomine
1194 4330 1280 4394 upitur
1296 4347 1322 4395 p.
1341 4333 1405 4387 205.
1423 4333 1530 4392 8-15,
1549 4347 1585 4380 erc

289 4393 391 4444 iuliano
408 4409 524 4444 manasse
542 4395 633 4454 uideri,
645 4409 675 4444 eo
687 4395 792 4454 scilicet,
812 4395 893 4459 qualis
911 4397 1003 4459 lepitur·
1020 4398 1045 4444 in
1064 4397 1151 4447 codice
1163 4395 1293 4447 Beruensi
1305 4401 1363 4462 tat,
1380 4398 1403 4460 f.
1418 4397 1483 4448 28⁵:
1503 4399 1582 4448 ‘Idem

288 4461 429 4511 rnuouuliuu
448 4477 541 4527 genere
558 4463 722 4528 productum.
754 4461 779 4512 A
798 4459 950 4519 Quomodo?
986 4461 1022 4528 )·(
1041 4461 1147 4522 Quaado
1166 4465 1300 4515 masculini
1318 4467 1419 4530 gesseris
1444 4466 1533 4523 inerit,
1558 4479 1584 4514 ιιι

308 4540 349 4579 uta
369 4529 452 4579 ‘idem
472 4531 529 4579 uir’
548 4531 595 4580 erit
616 4530 743 4595 ilongum
756 4530 813 4580 dem
826 4529 903 4580 breue
921 4540 945 4580 et
963 4533 1010 4581 erit
1028 4547 1073 4596 pes
1092 4532 1218 4583 trocheus.
1255 4533 1280 4584 A
1298 4532 1335 4582 Du
1355 4535 1410 4584 eius
1428 4535 1582 4600 exemplum.

288 4545 325 4662 {)·(
343 4597 410 4647 Viuo
434 4598 549 4648 nocendo
574 4599 676 4661 quidem
699 4599 745 4649 sed
767 4613 808 4646 me
829 4608 914 4647 munet
935 4600 1019 4650 exitus
1045 4600 1124 4650 idem.
1158 4600 1228 4651 idem
1255 4611 1344 4651 neutro
1367 4613 1521 4668 correptum.
1556 4602 1582 4653 A

289 4663 441 4724 Quomodo?
477 4663 513 4729 )·(
531 4665 638 4724 Quando
657 4667 737 4717 neutri
756 4666 857 4732 generis
876 4665 965 4725 fuerit,
985 4679 1091 4732 utputa
1110 4667 1188 4718 ‘idem
1207 4669 1322 4728 animai,
1342 4671 1413 4720 criti
1432 4671 1509 4719 breue
1526 4669 1583 4719 dem

288 4733 365 4781 breue
383 4742 408 4782 es
425 4735 472 4783 erit
490 4749 535 4798 pes
554 4735 699 4800 pirriehius.
730 4734 755 4785 A
774 4733 810 4783 Da
829 4735 883 4784 citis
902 4735 1055 4800 exemplum.
1085 4732 1121 4801 )·(
1139 4736 1244 4787 Mortale
1257 4752 1351 4802 corpus
1366 4739 1431 4788 idem
1450 4737 1583 4787 inmortale

288 4802 441 4920 &grafia
454 4801 582 4932 ῗωῖιὲιέξα
599 4804 703 4868 poetica
720 4805 810 4853 desunt
833 4805 903 4868 apud
919 4804 1044 4854 Iulianum
1066 4805 1191 4868 uulqatum
1208 4822 1234 4870 p.
1255 4809 1294 4854 tt.
1313 4808 1347 4856 to
1364 4807 1406 4857 ed.
1426 4805 1504 4867 llam,
1523 4808 1584 4858 cod.
