3316 5566
612 228 826 284 subuertere.
1301 227 1361 293 103

76 417 205 482 Dicebant
231 427 330 480 tanmn
359 427 475 480 ueteres
501 417 532 478 hi
559 435 668 500 specus
691 425 720 478 et
742 416 799 478 boc
820 435 943 497 specum
965 425 995 478 et
1016 416 1090 478 baec
1112 436 1208 498 speca.
1254 419 1360 479 Cato:

75 539 172 600 speca
200 523 368 600 prosita,
397 538 465 600 quo
495 536 590 601 aqua
618 518 662 580 de
690 520 749 580 uia
778 519 920 590 abiret,
949 527 1173 600 quaerentes
1202 520 1360 581 inuene-

75 631 158 684 runt
200 621 357 684 Ouidius
379 621 544 684 masculino
566 638 690 700 genere:

212 725 255 786 Et
276 743 412 805 specus
434 725 471 785 in
494 721 615 784 medio
639 722 760 801 uirgis
782 741 822 784 ac
844 724 985 785 uimine
1007 723 1156 784 densus.

50 827 159 887 sidem:
211 827 353 908 Specus
376 834 431 888 est
454 823 658 886 tenebroso
681 841 813 886 caecus
836 823 946 886 biatu.

74 928 157 988 iden:
213 928 257 990 Et
279 945 415 1008 specus
436 927 472 987 in
495 925 614 987 medio
638 933 769 986 natura
792 925 914 988 lactus
936 945 978 988 an
1001 933 1095 997 arte,
1134 925 1359 1006 Ambiguum.

11 1067 18 1078 ·
74 1029 160 1091 Penus
195 1045 314 1110 quoque
343 1037 372 1090 et
399 1027 553 1090 masculini
581 1036 611 1088 et
636 1027 773 1089 leminini
799 1035 830 1089 et
856 1029 955 1090 neutri
987 1023 1147 1090 inuenitur.
1203 1027 1359 1091 Plautus

75 1131 222 1193 masculino
243 1147 355 1209 genere
377 1128 465 1191 dixit:

210 1232 290 1294 Nisi
312 1231 400 1294 mibi
422 1250 566 1294 annuus
588 1249 706 1312 penus
728 1231 773 1293 ab
795 1221 1028 1293 amatoribus
1050 1234 1282 1311 congeritur.

42 1334 229 1398 roLucilius
249 1335 409 1396 leminiuo:

211 1436 338 1515 blagna
359 1453 477 1516 penus
499 1453 617 1516 paruo
640 1424 764 1515 s'patlo
788 1442 1006 1516 consumpta
1030 1434 1184 1516 peribit.

74 1539 236 1601 lloratius
258 1545 380 1599 neutro:

210 1640 342 1701 Portet
362 1640 550 1701 frumenta
572 1655 777 1718 penusque.

73 1741 164 1802 Neutri
185 1742 339 1819 genetiuus
361 1749 406 1802 est
428 1740 564 1820 penoris,
593 1749 625 1802 ut
645 1758 737 1820 pecus
764 1741 891 1820 peeoris.
937 1741 1089 1804 Caesar:
1121 1743 1358 1821 propinquos

44 1853 212 1906 uuostros
234 1841 413 1903 Messalas
435 1842 540 1902 domo
562 1840 774 1920 deflagrata
794 1862 934 1923 penore
956 1843 1169 1904 nolebamus
1190 1845 1356 1924 priuare.

73 1943 127 2004 lloc
146 1962 253 2025 penum
277 1943 366 2004 etiarn
388 1943 566 2006 Alranius
588 1941 710 2024 protulit
732 1941 851 2005 dicens:

528 2045 568 2106 ln
591 2063 724 2126 penum
748 2043 851 2106 erile.

74 2147 248 2218 l'rorniscua,
277 2155 311 2208 ut
332 2146 380 2207 bic
402 2143 451 2207 uel
473 2144 547 2208 baec
569 2165 687 2209 coruus.
731 2147 859 2209 Nomina
888 2155 986 2210 autem
1015 2143 1176 2210 masculina
1207 2149 1357 2211 secundae

73 2248 263 2311 declinationis
286 2250 316 2310 in
340 2267 375 2309 us
397 2248 562 2308 desinentia
584 2249 627 2309 sic
649 2247 850 2310 declinantur:
880 2248 928 2310 bic
955 2268 1049 2328 agnus
1076 2251 1165 2313 buius
1195 2251 1264 2330 agni
1287 2250 1357 2311 lauic

44 2368 139 2428 uagno
164 2351 243 2412 bunc
270 2367 377 2429 agnum
407 2367 424 2410 o
453 2365 529 2426 agne
556 2347 604 2410 uel
627 2369 645 2410 o
672 2368 766 2429 agnus
795 2349 833 2411 ab
861 2350 918 2413 boe
945 2369 1022 2431 agno
1046 2359 1074 2412 et
1097 2351 1202 2432 plurali
1230 2351 1261 2412 bi
1289 2353 1358 2430 agui

75 2451 166 2514 borum
188 2471 334 2532 agnorum
357 2451 403 2512 bis
424 2451 508 2530 agnis
531 2451 585 2512 bos
606 2468 697 2530 agnus
719 2471 736 2512 o
760 2455 828 2532 agni
850 2451 887 2514 ab
911 2453 957 2516 bie
979 2453 1072 2532 agnis.
1117 2455 1168 2515 Sic
1190 2453 1356 2514 declinatur

74 2551 204 2632 benignus
230 2556 325 2616 iustus
353 2555 420 2634 pius
447 2559 546 2615 castus
574 2553 692 2614 ieiunus
719 2554 833 2616 lanatus
861 2563 1026 2634 oportunus
1049 2573 1156 2616 auarus
1179 2557 1357 2617 criminosus

74 2655 179 2716 insanus
200 2657 339 2718 iuimicus
361 2657 473 2716 amicus
494 2655 596 2716 firmus
620 2653 716 2716 bonus
738 2654 815 2716 altus
836 2664 956 2718 sanctus
979 2665 1008 2718 et
1030 2657 1154 2734 reliqua.
1199 2655 1271 2719 ltem
1301 2674 1357 2739 per
1400 2689 1401 2693 =
1437 2689 1440 2694 ,

74 2755 159 2818 dnou
187 2757 234 2816 bic
261 2757 391 2818 carduus
417 2763 556 2817 strenuus
584 2757 785 2818 nominatione
811 2755 989 2819 indicatinus
1016 2760 1212 2838 imperatiuus
1235 2767 1264 2818 et
1287 2757 1356 2820 reli·

45 2874 130 2934 equa.
170 2858 240 2920 ltem
271 2859 390 2920 nomina
418 2858 561 2919 feminina
593 2858 742 2919 secundae
775 2857 980 2921 declinationis
1007 2861 1037 2919 in
1068 2878 1102 2920 us
1130 2859 1294 2920 desinentia
1324 2860 1368 2920 in·

72 2959 198 3038 singulari
220 2979 347 3022 numero
369 2961 411 3020 sic
434 2959 634 3020 declinantur:
667 2960 740 3020 haee
768 2959 889 3039 abyssus
918 2959 1006 3022 buius
1033 2960 1130 3040 abymi
1159 2961 1228 3023 huic
1250 2959 1356 3042 abysso

74 3058 137 3122 banc
163 3062 299 3143 abyssum
322 3081 340 3122 o
362 3060 486 3140 abyssus
509 3061 546 3122 ab
574 3060 628 3122 bac
656 3061 770 3141 abysso.
815 3063 864 3123 Sic
892 3061 1078 3124 declinantur
1105 3063 1179 3124 baec
1206 3063 1356 3142 Aegyptus

73 3159 135 3224 baec
155 3163 261 3225 bemus
275 3158 289 3246 ΙΙ
305 3163 324 3223 i.
341 3158 402 3244 99³
418 3160 429 3244 l
446 3163 520 3225 baec
542 3164 690 3233 lueremus,
714 3171 745 3225 et
766 3165 885 3225 nomina
909 3163 1048 3226 arborum
1076 3165 1106 3226 in
1130 3182 1164 3225 us
1186 3165 1355 3226 desinentia

73 3263 198 3327 teminina
219 3272 291 3327 sunt
313 3272 343 3325 et
363 3265 511 3326 secundae
539 3264 759 3336 declinationis,
788 3273 821 3326 ut
841 3265 915 3326 baec
944 3285 1071 3346 quercus
1093 3267 1181 3347 pinus
1203 3265 1303 3328 laurus
1326 3274 1357 3328 et

48 3365 181 3444 ereliqna.
224 3367 349 3428 Nomina
378 3374 476 3428 autem
506 3376 611 3429 neutra
640 3370 683 3428 sic
710 3365 915 3437 declinantur,
939 3378 971 3429 ut
994 3377 1038 3430 est
1059 3367 1116 3430 boe
1139 3367 1245 3448 uulgus
1267 3367 1355 3430 huius

75 3465 143 3546 uulgi
163 3467 231 3529 buic
254 3465 345 3546 uulgo
368 3465 424 3530 boc
452 3466 559 3548 uulgus
582 3487 600 3528 o
623 3469 730 3548 uulgus
752 3469 789 3530 ab
813 3469 870 3530 boc
892 3468 991 3547 uulgo.
1036 3471 1086 3533 Sic
1109 3468 1276 3531 declinatur
1298 3468 1356 3529 boc

75 3568 179 3649 pelagus
200 3570 258 3632 boe
279 3570 372 3630 uirm.
417 3571 597 3650 Asperius
619 3569 704 3632 dicit:
729 3571 803 3632 lloc
827 3571 1045 3633 euidentius
1068 3571 1259 3634 sciendum
1284 3578 1354 3639 est,

75 3673 154 3744 qued
176 3673 295 3733 omnia
326 3672 472 3732 nomina
502 3681 633 3736 neutra
661 3673 696 3734 in
719 3671 906 3751 singulari
934 3691 1087 3734 numero
1110 3673 1191 3734 siue
1213 3674 1250 3734 in
1272 3671 1355 3754 plu·

76 3770 135 3833 rali
159 3775 388 3835 nominatiuo
418 3791 504 3835 casu
533 3781 568 3835 et
590 3775 810 3836 accusatiuo
839 3782 874 3835 et
897 3775 1071 3837 uocatiuo
1100 3792 1207 3836 unam
1237 3773 1354 3837 decli·

49 3876 248 3936 unctionem
277 3873 430 3946 babent,
460 3878 514 3937 ita
543 3883 581 3936 ut
609 3895 674 3956 per
702 3877 822 3938 omnia
852 3877 998 3938 nomina
1027 3883 1161 3937 neutra
1189 3894 1256 3938 nec
1284 3895 1352 3938 una

77 3970 187 4038 littera
209 3982 245 4040 ia
270 3976 544 4039 declinationis
570 3977 825 4040 similitudine
854 3995 1001 4040 casuum
1030 3979 1195 4056 ipsorum
1218 3980 1354 4039 mutari

79 4093 283 4106 *Q—

131 4167 252 4230 lspecua
272 4177 319 4229 pro
337 4163 380 4213 siti
449 4166 464 4214 2
482 4164 557 4214 deuia
576 4162 674 4213 habiret
725 4174 876 4227 quaerentes
895 4160 1058 4230 inuenerunt]
1077 4165 1176 4214 Desunt
1192 4163 1256 4214 baec
1273 4163 1354 4215 uerba

77 4228 96 4274 lo
112 4230 229 4284 Prbeiaru'
244 4231 374 4282 codicibus
391 4227 421 4294 (1
436 4248 462 4297 p.
483 4235 539 4291 260,
558 4235 574 4282 d
592 4231 639 4292 H.)
708 4235 724 4283 3
742 4229 864 4297 Ouidius]
885 4234 967 4283 Prisc.
986 4236 1003 4285 l.
1021 4235 1039 4286 1.
1057 4235 1116 4292 260,
1136 4235 1151 4282 9
1168 4247 1222 4297 aeq.
1291 4234 1352 4282 Ain

78 4297 144 4348 medio
160 4301 199 4349 uia
217 4300 299 4366 uirgis
386 4302 493 4351 beccus
579 4297 743 4366 iplaustus]
762 4302 796 4363 es.
817 4301 899 4351 Pn’re
918 4303 935 4355 1.
954 4304 971 4351 t.
990 4304 1022 4350 19
1107 4301 1206 4365 agene
1285 4299 1352 4350 llab

79 4368 350 4501 {tritissimi
374 4366 470 4486 till
490 4368 684 4486 P'lffleltdl
751 4369 909 4486 {lillis
927 4366 1352 4501 .f.¹.i‘:.‘.i³¹i.¹.ti⁶2t²⁶¹ai

1 4532 2 4557 l
79 4497 108 4545 uel
124 4516 136 4549 o
151 4508 208 4569 agni
259 4475 312 4554 hii'
328 4453 396 4554 gem
415 4471 462 4554 llos
480 4517 564 4570 agnus
642 4506 676 4555 23
695 4453 749 4570 prol)
758 4505 824 4554 uuor
909 4505 943 4554 at
960 4504 1061 4555 cardius
1112 4470 1249 4553 strbnlrulas
1319 4506 1352 4554 26

78 4560 248 4636 buemoysus
266 4572 343 4622 huius
361 4572 435 4635 ubysi
452 4571 512 4622 huie
530 4573 611 4636 abyso
630 4570 691 4637 ete]
778 4575 811 4622 27
829 4572 953 4636 aabysum
1005 4582 1116 4638 egyptus
1189 4573 1224 4622 28
1241 4587 1316 4621 umus

1 4689 2 4698 ,
79 4629 170 4750 &aegrum
253 4643 287 4691 29
305 4639 371 4689 lema
456 4643 490 4691 32
508 4637 646 4706 Asperius]
663 4657 692 4705 p.
710 4643 753 4701 u,
771 4643 805 4691 25
821 4640 892 4690 bratus
909 4641 969 4692 tibr'l
1035 4642 1068 4691 36
1086 4641 1111 4689 iu
1128 4655 1178 4694 om.
1229 4655 1317 4689 cesum

1 4721 2 4736 ¹
120 4719 150 4754 nn
