3346 5602
292 387 355 454 286
684 389 962 442 omrssunrmn
981 389 1194 442 sceuonvu.

377 576 458 638 lnter
480 575 592 656 pullum
615 585 645 637 et
668 579 786 655 nigrum
809 577 867 639 boc
895 579 1033 646 interest,
1063 577 1142 658 quod
1171 577 1282 658 pullum
1312 575 1381 638 albo
1419 581 1612 640 contrarium

294 687 353 748 est,
377 680 495 758 nigrum
518 677 618 739 colore
641 680 809 759 accipimus.

378 781 457 842 Inter
479 787 562 860 putat
585 787 613 840 et
636 781 798 850 existimat,
827 780 965 858 opinatur
994 780 1156 842 arbitratur
1185 783 1353 862 suspicatur
1377 781 1450 843 hoc
1478 787 1613 845 interest.

292 883 369 964 quod
394 891 491 963 putat,
515 882 567 958 qui
589 881 720 951 dubitat,
744 883 907 954 existimat,
932 883 985 962 qui
1006 880 1071 963 †cr
1093 891 1210 944 relaturo
1233 900 1308 961 quae
1330 893 1396 945 acta
1430 893 1518 946 sunt
1541 887 1614 947 dicit

293 987 440 1064 opinatur,
464 984 516 1063 qui
538 984 672 1062 opinioni
694 992 744 1045 aut
766 1003 837 1057 suae
861 992 911 1044 aut
933 984 1054 1045 alterius
1077 983 1188 1055 credit,
1212 983 1386 1054 arbitratur,
1415 989 1482 1064 qui
1510 987 1631 1049 dubises

293 1088 337 1146 rei
361 1087 448 1147 linem
472 1086 601 1164 inponit,
625 1086 801 1165 suspicatur,
825 1088 876 1166 qui
899 1086 1019 1147 latentis
1040 1087 1085 1147 rei
1108 1087 1252 1166 prospicit
1274 1088 1416 1147 lormam.

380 1186 458 1246 lnter
481 1185 642 1265 probibere
664 1195 694 1246 et
717 1186 853 1248 inhibere
876 1187 933 1248 hoc
954 1189 1095 1258 interest,
1125 1187 1204 1267 quod
1232 1188 1398 1268 prohibere
1438 1199 1497 1249 est
1527 1207 1614 1268 pomo

294 1287 414 1357 habere,
439 1286 573 1348 inhibere
597 1287 756 1359 uidioitur,
781 1297 811 1350 et
834 1289 911 1366 quod
935 1288 1128 1368 prohibemus
1150 1291 1230 1360 iure,
1254 1289 1437 1351 inhibemus
1468 1293 1612 1371 imperio.

378 1391 459 1450 lnter
481 1397 628 1452 ostentum
653 1399 681 1451 et
703 1389 871 1470 prodigium
895 1399 924 1450 et
946 1397 1110 1452 monstrum
1134 1390 1190 1452 hoc
1212 1392 1353 1462 interest,
1383 1392 1484 1469 quod
1513 1401 1612 1452 osten·

295 1501 355 1553 turn
377 1493 442 1552 sine
465 1509 591 1572 corpore
613 1490 708 1552 solido
731 1491 816 1552 nohis
838 1511 871 1552 se
893 1491 1023 1553 ostendit
1044 1493 1076 1552 in
1093 1491 1186 1552 oculis
1207 1503 1236 1554 et
1257 1492 1394 1562 auribus,
1424 1493 1610 1573 prodigium
1622 1513 1638 1546 r

294 1612 381 1667 uero,
406 1593 484 1675 quod
508 1592 609 1655 solidis
631 1593 807 1674 corporibus
830 1597 1018 1673 prospicitur,
1043 1603 1075 1655 ut
1097 1595 1129 1654 in
1151 1591 1233 1654 caclo
1256 1601 1386 1655 cometes
1410 1592 1518 1656 stella
1537 1605 1569 1654 et
1585 1596 1612 1652 in

294 1704 381 1757 nocte
404 1695 467 1766 lux,
497 1683 528 1755 ln
551 1695 599 1755 die
621 1695 776 1764 tenebram
807 1704 972 1757 monstrum
996 1714 1068 1756 uero
1098 1703 1233 1757 naturam
1256 1697 1404 1772 cognitam
1432 1697 1609 1776 egreditur,

295 1806 327 1858 ut
348 1815 472 1877 serpens
494 1815 561 1858 curn
584 1795 710 1875 pedibus
732 1805 783 1858 aut
804 1815 871 1857 curn
895 1805 1033 1877 quattuor
1056 1797 1121 1858 alis,

378 1899 459 1960 luter
486 1900 671 1966 conticuere,
699 1897 867 1966 obticuere,
896 1901 1045 1970 reticuere
1067 1897 1124 1960 hoc
1146 1900 1282 1973 interest,
1311 1899 1391 1980 quod
1422 1903 1486 1982 qui
1513 1901 1609 1962 couti·

294 2005 369 2071 cuit,
393 2001 522 2082 trudique
537 2000 686 2062 silentium
702 2001 858 2079 praestitit,
877 2007 908 2060 ut
923 2001 1050 2079 antiqui:
1075 2001 1279 2062 ‘conticuit
1301 1999 1458 2062 tandem
1488 2003 1609 2064 lacto·
1621 2017 1639 2055 s

282 2097 362 2182 'que
390 2103 449 2164 hic
478 2103 553 2163 line
582 2103 751 2181 quieuit.'
795 2100 939 2172 Obticuit,
969 2104 1021 2181 qui
1050 2099 1159 2163 nullam
1189 2121 1272 2183 spem
1296 2101 1440 2182 loquendi
1469 2103 1606 2181 reliquit,

295 2205 427 2275 reticuit,
453 2207 503 2283 qui
526 2203 644 2266 silentio
667 2220 810 2284 responsa
833 2203 937 2264 liniuit.

378 2307 458 2367 luter
486 2304 677 2386 sepulchrum
699 2304 846 2366 tumulum
868 2312 1094 2366 monumentum
1120 2303 1238 2366 bustum
1267 2304 1323 2368 hoc
1344 2307 1498 2384 interest,
1525 2305 1603 2386 quod

294 2407 486 2489 sepulchrum
518 2406 615 2476 locus,
649 2409 679 2466 in
713 2423 771 2486 quo
800 2423 927 2485 corpora
954 2407 1138 2486 sepeliuntur
1167 2415 1196 2466 et
1223 2425 1239 2466 a
1266 2407 1442 2487 sepeliendo
1477 2408 1602 2474 dicitur,

296 2509 441 2580 tumulus,
469 2509 521 2589 qui
547 2509 664 2569 cineres
692 2510 778 2588 tegit,
813 2516 1053 2579 monumentum,
1083 2507 1161 2588 quod
1189 2509 1347 2587 sepulchro
1375 2510 1631 2576 circumdatura¹
1665 2531 1666 2590 q

294 2612 404 2674 dictum
428 2631 445 2672 a
467 2608 692 2680 monitionibus,
717 2609 853 2680 bustum,
875 2612 906 2670 in
929 2629 987 2690 quo
1010 2629 1075 2671 ossa
1097 2619 1181 2680 suut,
1205 2613 1288 2690 quasi
1311 2611 1400 2673 ‘bene
1424 2617 1560 2674 ustum’.
1665 2595 1666 2612 ἢ

379 2712 458 2772 lntrr
488 2720 564 2772 nstra
594 2719 624 2771 et
649 2711 745 2774 sidera
775 2712 831 2773 hoc
858 2714 997 2782 interest,
1033 2711 1111 2789 quod
1144 2714 1316 2774 astrasinc
1347 2713 1506 2776 sideribus
1536 2729 1599 2773 esse

295 2823 432 2894 possunt,
457 2813 554 2875 sidera
577 2815 642 2875 siue
664 2816 753 2875 astris
776 2832 834 2874 non
857 2821 991 2893 possunt,
1014 2815 1080 2892 quia
1104 2820 1183 2875 astra
1205 2814 1262 2874 lira
1285 2824 1353 2876 sunt
1374 2817 1474 2892 caelo,
1501 2813 1599 2876 sidere

294 2926 464 2980 mouentur.

379 3020 459 3081 lnter
482 3018 619 3096 deripere
642 3025 671 3078 ct
693 3017 823 3098 diripere
839 3017 895 3078 hoc
911 3019 1051 3088 interest,
1075 3016 1155 3097 quod
1171 3018 1323 3098 deripere,
1346 3037 1415 3081 cum
1437 3039 1483 3082 cx
1507 3027 1627 3098 supe-¹³

295 3124 374 3183 riorc
397 3130 481 3199 parte
504 3123 535 3182 in
557 3121 732 3181 interiorem
755 3121 902 3200 rapimus,
927 3119 1083 3197 diripimus
1106 3126 1221 3190 autem,
1245 3139 1313 3181 eum
1338 3122 1488 3184 laniamus
1513 3131 1544 3182 et
1565 3121 1592 3178 iu

295 3224 429 3285 diuersas
450 3231 550 3303 partes
573 3221 747 3283 diducimus.

379 3326 460 3386 lnter
475 3343 594 3385 causam
611 3334 640 3384 ot
655 3325 802 3385 rationem
817 3321 875 3384 hoc
890 3326 1023 3394 interest,
1039 3322 1118 3403 quod
1135 3341 1221 3385 causa
1237 3324 1343 3386 multas
1358 3324 1448 3387 habet
1463 3325 1590 3406 species,

295 3428 369 3487 ratio
392 3422 646 3509 paucissimaslli.
665 3421 740 3486 115·
757 3423 768 3507 ΙΙ
785 3431 814 3486 et
836 3423 915 3502 quod
938 3428 1015 3486 ratio
1039 3425 1175 3498 eflicitur,
1199 3445 1286 3489 causa
1309 3426 1507 3490 desideratur.

364 3715 493 3781 lpullum
512 3741 544 3750 -
562 3715 703 3780 accipimus
723 3715 897 3778 Gothosredua
912 3731 939 3780 p.
960 3716 1011 3765 103
1066 3717 1096 3765 ’3
1118 3715 1254 3764 exestimat
1304 3715 1391 3766 iterest
1458 3713 1585 3766 texesri·

295 3796 347 3835 mot
364 3786 409 3846 qui
426 3799 459 3834 ex
478 3794 604 3845 maturoq;
623 3795 713 3832 exacta
730 3794 797 3834 sunt.
834 3785 888 3834 Pro
906 3798 938 3832 cx
957 3792 1057 3832 maturo
1074 3783 1189 3845 fortusse
1211 3783 1400 3834 existimatione
1421 3783 1587 3834 scriberem

294 3857 310 3904 b
329 3853 450 3918 opinione
467 3862 512 3901 sut
529 3866 584 3901 suus
652 3852 722 3912 quod
739 3851 823 3900 duhioe
842 3861 915 3916 putet
932 3851 976 3913 qui
994 3851 1093 3900 dubitet
1110 3851 1240 3900 existimat
1257 3853 1301 3914 qui
1319 3867 1351 3901 ex
1369 3853 1504 3902 immaturo
1522 3863 1584 3912 quac

294 3931 351 3970 acts
368 3929 429 3970 suut
446 3945 477 3956 -
497 3919 606 3985 iupouit,
625 3919 771 3984 suspicetur
788 3920 831 3981 qul
850 3920 968 3968 latentem
987 3918 1023 3967 rei
1042 3919 1166 3984 prospicit
1183 3917 1290 3968 formam
1304 3921 1476 3978 Gotbol'rudur
1486 3937 1514 3985 p.
1526 3917 1583 3975 103,

294 3989 329 4054 cf.
346 3989 423 4054 Reiff.
441 4005 468 4054 p.
487 3989 537 4038 287
606 3989 687 4052 ipro
705 3987 798 4036 hebere
865 3987 1016 4037 8iuhibere
1033 3987 1066 4034 lll
1084 3987 1177 4035 dicitur
1229 3987 1349 4038 inibimus
1402 3990 1537 4054 prohibere
1553 4006 1584 4018 -

294 4058 408 4107 inhibere
426 4059 526 4106 uidetur
543 4055 613 4118 quod
630 4079 664 4090 —
682 4055 788 4120 irnperio
809 4055 982 4118 Gotlrosrerlus
998 4071 1024 4119 p.
1036 4056 1096 4117 103,
1115 4055 1236 4120 efiller'ff.
1252 4072 1281 4120 p.
1292 4057 1343 4106 287
1413 4057 1444 4107 10
1461 4057 1487 4105 iu
1507 4050 1581 4103 oeulis

294 4127 399 4176 auribus
470 4126 499 4173 11
518 4123 617 4172 comitis
688 4125 719 4172 12
737 4123 838 4172 tenebre
883 4125 1013 4188 cognitum
1027 4131 1153 4171 ostentum
1172 4125 1228 4172 siue
1240 4137 1347 4189 corpore
1358 4124 1468 4173 solidum
1483 4121 1580 4172 rtouisse

295 4202 406 4243 ostentat
422 4203 447 4240 et
465 4191 544 4241 oculis
563 4201 587 4240 et
605 4191 709 4240 auribus
728 4217 761 4226 -
779 4191 804 4239 iu
822 4189 891 4241 coelo
909 4191 1009 4240 cornicis
1028 4188 1102 4241 stelin
1121 4216 1152 4225 —
1171 4193 1281 4242 interdiu
1299 4191 1424 4254 tenebrae,
1443 4197 1580 4242 monstrum

296 4275 355 4311 uero
374 4270 462 4308 contre
480 4269 596 4308 naturum
614 4259 845 4324 cognitum—ulis
865 4259 1036 4320 Gothofredur
1053 4276 1081 4324 p.
1092 4260 1153 4320 103,
1172 4261 1206 4321 cs.
1226 4260 1300 4324 ller'ff.
1316 4276 1344 4324 p.
1354 4263 1406 4310 284
1476 4261 1507 4310 15
1523 4269 1578 4305 cou-

295 4325 377 4394 licuit]
402 4327 480 4392 Verp.
498 4328 564 4378 Aen.
582 4327 635 4376 III
653 4330 702 4379 718
753 4327 847 4390 lectoq;
866 4327 907 4376 hic
926 4327 1000 4377 lirrern
1071 4327 1102 4377 10
1120 4325 1223 4389 ioquedi
1306 4330 1336 4378 11
1355 4329 1398 4392 qui
1417 4327 1533 4378 conticuit
1550 4345 1577 4356 ἐ

295 4397 380 4446 llniuit
399 4395 571 4458 Gothofredus
586 4412 614 4460 p.
634 4397 686 4445 103
756 4397 787 4446 18
805 4395 967 4461 sepulchrum
1053 4398 1084 4446 19
1101 4395 1260 4462 sepeliuntur
1277 4409 1321 4445 nuc
1337 4395 1486 4460 sepeliendo
1550 4389 1579 4440 20
1665 4405 1666 4448 l

294 4465 338 4526 qui
356 4473 384 4513 ut
401 4464 498 4513 eineres
517 4465 593 4528 tergit
660 4465 692 4513 21
711 4477 787 4525 qnam
806 4465 829 4512 si
880 4462 1043 4527 sepulchrum
1061 4464 1265 4530 -sepeliuntur
1282 4478 1298 4512 a
1315 4463 1463 4529 sepeliendo
1482 4490 1513 4500 -
1530 4471 1565 4509 mc

294 4533 434 4582 uincentum
452 4531 521 4594 quod
539 4529 701 4597 sepulchrum
724 4531 894 4580 circumdatur
910 4555 946 4567 -·
963 4541 1046 4580 ustum
1067 4531 1240 4595 Gothofredur
1256 4549 1283 4597 p.
1301 4534 1353 4582 103
1454 4535 1487 4582 22
1508 4538 1576 4592 quom

294 4610 363 4650 nstra
415 4609 483 4648 astra
501 4600 557 4648 siue
574 4599 667 4664 sydera
685 4613 743 4648 esse
760 4609 870 4664 possunt
887 4597 946 4660 quia
964 4607 1033 4648 estro
1052 4597 1102 4646 tlxa
1115 4625 1149 4634 -
1161 4612 1296 4651 mouentur
1315 4599 1487 4664 Gothosredus
1498 4617 1522 4664 p.
1533 4593 1577 4644 103

294 4669 327 4718 25
344 4681 402 4716 cum
421 4668 554 4732 superiore
621 4667 656 4720 20
672 4667 809 4732 diripimus
827 4669 842 4718 li
910 4668 944 4716 21
962 4666 1110 4716 deducimus
1163 4669 1228 4719 luter
1246 4669 1358 4734 diripere
1369 4679 1394 4716 et
1405 4669 1519 4735 deripere
1535 4665 1574 4712 huc

295 4738 411 4801 interest,
435 4737 503 4798 quod
527 4736 675 4801 diripimus,
699 4749 755 4784 cum
779 4750 811 4783 ex
834 4734 967 4800 superiore
985 4745 1057 4799 porte
1074 4761 1106 4770 -
1124 4734 1265 4802 deripimus
1283 4749 1367 4800 autem
1386 4763 1418 4771 —
1436 4737 1574 4786 deducimus

296 4803 467 4868 Gotholiedur
484 4819 511 4868 p.
522 4807 572 4853 103
640 4806 673 4855 28
692 4803 759 4853 inter
775 4800 839 4854 crissi
888 4803 983 4869 species
1030 4804 1063 4852 29
1075 4803 1241 4855 desideratur.
1260 4820 1334 4856 arcus
1352 4806 1445 4856 dicitur
1463 4807 1497 4854 itn
1515 4797 1572 4854 ilhnh

294 4871 330 4936 rs.
349 4875 479 4938 sequentia
531 4885 608 4920 carisa
627 4897 659 4907 -
677 4872 836 4922 desideratur
855 4871 1026 4936 Gothcfrednr
1042 4887 1069 4936 p.
1092 4875 1139 4922 rot
