3378 5550
289 371 361 418 cx11
631 355 680 407 DE
700 353 915 408 COMMENTIS
934 355 1240 408 tctttslnnttrtsmvs

287 547 315 604 iu
340 543 425 604 aliam
450 544 579 622 linguam
604 546 760 612 transferri
784 562 843 604 non
867 551 1001 623 possunt,
1025 543 1104 603 unrle
1128 543 1226 612 raclra,
1250 561 1324 621 quae
1348 543 1514 603 interiectio
1538 553 1589 602 est

287 646 402 707 ebroica
432 645 483 707 abi
504 647 533 725 iil
563 649 593 706 in
622 647 677 709 alia
707 666 765 708 non
792 643 829 728 pT
850 647 978 726 (potestl
1007 645 1129 724 potuitil
1154 648 1183 704 iu
1207 644 1262 705 alia
1293 644 1391 722 lingua
1422 662 1587 722 exponere.

273 746 384 826 *llichil
412 756 510 808 autent
540 747 639 809 rlillert
668 755 767 810 utrum
799 767 873 828 pape
907 757 1028 808 accentu
1063 749 1092 808 iu
1126 748 1183 806 line
1218 749 1313 825 posito
1342 755 1391 807 aut
1419 744 1587 825 penultima

286 850 413 910 dicatur:
437 849 574 910 similiter
595 852 625 910 in
649 851 767 912 ceteris.
812 849 964 912 locondita
989 867 1037 909 res
1061 848 1169 910 dicitur
1191 849 1347 909 inlormatn
1372 867 1447 928 quae
1471 847 1585 909 nullam

288 952 413 1012 sormam
438 948 610 1031 nullamque
638 951 728 1012 haliet
755 951 957 1013 conditionem
987 948 1150 1012 secundum
1180 969 1282 1011 omnes
1311 968 1401 1011 uoces
1424 969 1478 1032 pro
1502 951 1587 1010 omni

286 1053 496 1113 interiectione
520 1053 656 1134 deputari
680 1071 755 1132 quae
779 1055 922 1133 cuiusque
950 1052 1095 1132 passionis
1124 1053 1214 1112 animi
1242 1052 1328 1132 pulsu
1357 1072 1411 1131 per
1436 1050 1585 1112 exclama-

287 1156 398 1214 tionem
422 1157 626 1232 prolcruntur.
673 1153 798 1234 Explicit
820 1155 946 1215 donatus
970 1157 1062 1215 maior
1078 1156 1164 1214 cuius
1180 1155 1330 1233 expositor
1352 1163 1397 1214 est
1419 1154 1587 1232 Remigius.

372 1274 434 1333 Sed
455 1291 525 1334 nam
551 1271 622 1350 ipsa
645 1272 781 1348 Remipii
809 1275 902 1334 amba
924 1274 993 1333 cod.
1017 1273 1111 1333 Bern.
1138 1280 1196 1332 396
1219 1275 1369 1348 praebeat
1398 1290 1494 1348 neque
1520 1291 1586 1333 rnu-

287 1383 352 1436 tato
372 1374 474 1452 potins
490 1393 551 1451 per
573 1374 638 1436 eins
661 1374 839 1450 discipulos,
863 1373 932 1435 iare
953 1374 1091 1436 domitori
1108 1383 1215 1452 potest.
1255 1376 1333 1434 Nem
1356 1377 1438 1451 quod
1450 1378 1586 1435 Alexan·

287 1479 343 1538 der
365 1480 402 1538 dc
423 1476 506 1538 Villa
522 1476 579 1537 Jtci
600 1476 633 1537 in
655 1495 709 1538 sno
724 1475 898 1538 Doctrinati
921 1476 979 1550 (cs.
999 1475 1128 1538 Titaroti
1142 1475 1252 1537 librom
1268 1495 1303 1552 p.
1322 1481 1395 1552 507)
1410 1475 1587 1551 Renripinm

287 1579 441 1641 contendit
462 1582 500 1639 de
523 1578 636 1640 Donat-i
656 1577 801 1640 editionis
821 1577 949 1640 maioris
970 1582 1037 1640 loco
1053 1597 1088 1655 p.
1106 1585 1175 1654 385,
1201 1587 1220 1637 4
1243 1581 1282 1640 K.
1306 1576 1498 1654 reposuisse:

372 1682 537 1742 Donatus
565 1681 637 1742 dicit
665 1683 695 1742 iu
723 1681 827 1742 maiori
857 1679 1020 1742 uolumine:
1051 1681 1142 1740 ‘Sunt
1165 1679 1256 1741 uerba
1280 1680 1427 1742 delectiua
1449 1678 1505 1740 alia
1529 1697 1585 1760 per

290 1782 395 1844 modos
418 1790 453 1844 ut
467 1783 563 1844 cedo’.
581 1830 589 1844 .
608 1831 614 1844 .
638 1783 829 1861 Remigius
851 1783 923 1843 dicit
946 1782 1119 1862 exponendo
1136 1783 1281 1843 Donatum
1298 1783 1354 1843 sic:
1378 1781 1470 1843 ‘Corio
1486 1781 1587 1842 delicit

289 1903 344 1966 per
367 1883 471 1945 modos
495 1887 561 1965 quia
585 1904 643 1946 non
666 1883 755 1945 hahet
778 1885 835 1944 nisi
857 1884 1016 1945 secundam
1045 1902 1201 1962 personam
1230 1886 1260 1944 in
1283 1885 1415 1964 presenti
1437 1891 1585 1963 ternpore.

287 1987 414 2048 Facesso
437 1987 513 2047 idest
541 1988 714 2067 frequenter
742 1988 819 2048 lucio
849 1994 878 2047 et
907 1986 1055 2047 interdum
1079 1985 1200 2048 discedo
1224 1995 1253 2046 et
1272 1986 1422 2046 interdum
1445 1985 1585 2047 desidero

289 2089 387 2150 delicit
412 2107 466 2167 per
494 2089 612 2149 lormas.
657 2087 722 2148 Non
752 2089 834 2148 uenit
862 2107 877 2148 a
905 2087 1099 2167 perlectatiua
1122 2089 1231 2160 lorma,
1255 2087 1307 2148 sed
1331 2089 1583 2166 trequentatiuanr

289 2193 416 2252 lormam
439 2189 530 2250 habet
551 2193 675 2250 tantum’
700 2224 750 2257 -.
801 2211 807 2224 ·

410 2290 473 2352 eius
494 2290 574 2352 nilrit
594 2290 692 2352 simite
712 2289 826 2366 lepitnr
847 2295 933 2367 opud
952 2295 1019 2352 eod.
1045 2301 1104 2352 :rto
1125 2291 1344 2367 Remipinms.
1370 2300 1428 2352 34⁰
1449 2295 1507 2352 col.
1531 2293 1585 2355 11:

375 2392 454 2454 Cedo
477 2411 536 2455 non
560 2393 648 2454 lrabet
676 2395 733 2454 nisi
761 2395 962 2471 inperatiuum
987 2393 1153 2474 (inperatiri)
1178 2403 1207 2454 et
1229 2402 1274 2455 est
1289 2393 1419 2454 secunde
1442 2411 1584 2473 persone.

287 2498 415 2559 Facesso
437 2494 516 2574 quod
540 2506 584 2556 est
605 2495 642 2556 de
664 2494 792 2556 secunda
816 2504 914 2556 tamen
939 2489 1005 2572 (tm)
1029 2496 1154 2556 uerbum
1171 2498 1235 2557 sinc
1252 2497 1381 2575 perlecta
1406 2493 1499 2556 lorma
1516 2513 1585 2556 esse

289 2598 424 2668 uidetur;
454 2615 520 2658 nam
551 2598 625 2657 lucio
655 2597 742 2658 iacito
771 2597 836 2657 laxo
859 2598 944 2664 iacit,
976 2596 1056 2658 nullo
1086 2601 1165 2659 euim
1195 2599 1289 2660 uerlto
1318 2605 1442 2678 quartus
1472 2597 1586 2676 gradus

280 2697 463 2761 'admittitur

372 2803 434 2863 Sed
465 2819 504 2863 ne
536 2800 570 2862 in
604 2799 795 2862 Einsidtensi
828 2800 948 2877 quidem
980 2810 1145 2862 commento
1179 2819 1307 2878 prorsas
1337 2803 1442 2862 eadem
1474 2810 1586 2863 extent

286 2923 318 2982 p.
345 2911 411 2978 257,
436 2911 537 2963 31-
562 2910 628 2976 258,
656 2911 680 2976 1,
706 2921 886 2978 quamquam
909 2903 1084 2964 Alexandri
1104 2907 1189 2965 loeus
1216 2906 1309 2964 multo
1331 2903 1430 2978 monis
1451 2903 1484 2964 in
1508 2903 1584 2964 Ein-

287 3006 447 3068 sidlensem
469 3005 588 3079 libram,
613 3023 702 3080 paam
725 3004 759 3065 in
782 3006 966 3066 Bernensern
989 3007 1131 3081 qrrodrat.

372 3110 421 3168 Ae
447 3107 521 3168 aide
542 3123 655 3183 porra,
689 3125 779 3182 quam
807 3106 970 3168 dissimilia
997 3107 1058 3168 sint
1084 3106 1166 3167 inter
1191 3125 1223 3167 se
1246 3106 1401 3183 utriusque
1421 3107 1584 3168 commenti

287 3209 397 3280 initia;
429 3226 500 3269 nam
523 3211 572 3269 acl
592 3208 621 3269 si
641 3210 807 3269 contendas
828 3208 920 3282 tatia,
951 3207 1059 3284 qualia
1080 3209 1113 3269 in
1136 3211 1204 3268 cod.
1230 3216 1287 3268 ³56
1305 3207 1479 3286 praemisso
1501 3218 1581 3282 sunt,

287 3311 321 3372 in
342 3309 502 3372 commenti
525 3309 728 3370 Einsidlensis
749 3329 786 3370 ea
806 3318 906 3386 porte,
932 3327 992 3386 qna
1008 3311 1180 3372 denomino
1195 3313 1353 3386 apebatnr,
1378 3329 1459 3371 nnnc
1475 3313 1584 3386 deper-

290 3412 356 3474 dita
381 3415 426 3489 (p.
455 3419 523 3490 rot)
548 3411 618 3473 otim
641 3415 719 3473 lecta
737 3411 846 3486 faisse,
872 3422 971 3472 tamen
994 3411 1092 3474 minus
1119 3423 1191 3489 apte
1213 3412 1268 3474 ani
1289 3412 1444 3489 eidemque
1466 3411 1586 3474 nomini

288 3523 447 3590 utrumqne
469 3514 629 3588 attribuas,
654 3515 766 3592 quippe
791 3532 859 3576 cnm
881 3513 1083 3574 Einsidlensis
1111 3523 1327 3576 commentator
1343 3534 1378 3592 p.
1405 3521 1458 3574 219
1479 3516 1586 3575 laudet

291 3615 403 3677 Donati
424 3615 584 3678 consiliam
607 3635 627 3676 a
651 3633 723 3677 uoce
744 3615 931 3690 incolentis,
963 3616 1129 3677 Bernensis
1159 3634 1231 3677 nero
1258 3635 1361 3678 eornm
1383 3615 1531 3677 rationem
1554 3627 1585 3676 et

288 3729 412 3779 enarret
437 3725 466 3778 et
493 3716 560 3794 ipse
586 3727 742 3794 sequetur,
773 3718 827 3794 qni
849 3716 992 3778 editionis
1021 3719 1172 3778 secandae
1204 3721 1271 3778 loco
1299 3717 1404 3794 primo
1432 3718 1585 3779 orationis

286 3829 391 3896 portes
418 3823 613 3881 collocandas
635 3837 698 3880 esse
719 3829 869 3880 censeant.

371 3922 439 3982 Iam
471 3921 628 3998 expositor
661 3921 827 3982 Bernensis
859 3921 892 3981 in
922 3925 986 3994 line
1013 3921 1207 3999 pronominis
1237 3923 1266 3997 s.
1298 3922 1351 3982 32⁶
1381 3925 1438 3983 col.
1462 3925 1482 3983 I
1505 3924 1585 3982 troie

287 4022 429 4099 scripsit:
452 4023 564 4085 Neuter
587 4032 654 4084 uter
677 4039 752 4083 unus
774 4023 849 4083 alter
871 4022 946 4084 alius
970 4032 1026 4088 etc.
1052 4059 1088 4068 —-
1114 4043 1149 4084 eo
1177 4025 1256 4102 quod
1283 4025 1414 4086 articulis
1438 4027 1467 4085 in
1490 4022 1584 4085 decli-

290 4129 407 4187 natione
431 4143 490 4188 non
514 4127 657 4205 indigent.
703 4125 801 4186 Voluit
823 4133 855 4187 ut
877 4124 1005 4185 arbitror
1022 4125 1077 4185 lrnc
1093 4127 1240 4188 affirmare
1262 4129 1291 4186 in
1316 4143 1374 4204 quo
1397 4127 1505 4188 multos
1528 4125 1584 4186 du·

288 4228 382 4290 lritare
398 4228 519 4296 sciehat.
535 4227 586 4290 sed
603 4227 824 4288 Priscianus
840 4235 921 4288 certa
939 4231 1056 4288 nomina
1081 4246 1114 4288 ac
1137 4228 1172 4307 pi
1193 4229 1319 4289 allirmat
1342 4247 1406 4290 esse
1424 4229 1582 4303 Uortassc:

289 4334 407 4392 nourina
432 4329 505 4392 haec
528 4331 704 4410 pronomina
721 4331 799 4408 etc).
838 4329 961 4390 Deinde
975 4331 1003 4390 iu
1027 4333 1128 4411 priore
1151 4330 1281 4391 editione
1303 4349 1351 4391 me
1376 4330 1412 4390 de
1428 4331 1482 4391 lrac
1498 4341 1584 4410 parto

289 4429 490 4494 satis‘dixisse
512 4431 657 4502 arbitror,
686 4429 771 4512 plura
800 4449 879 4492 nunc
902 4431 1035 4493 scriberc'
1058 4451 1117 4495 non
1141 4452 1215 4513 opus
1237 4451 1302 4494 esse
1325 4432 1452 4494 uidetur.
1499 4433 1585 4504 Quae

289 4552 356 4595 cum
382 4533 462 4595 libro
492 4533 680 4596 Einsidlensi
704 4552 738 4611 p.
765 4541 836 4606 250,
864 4543 952 4592 t—ti
981 4553 1041 4596 non
1069 4533 1313 4617 consentienti)
1363 4533 1467 4595 Simili
1494 4537 1583 4596 modo

358 4767 386 4833 *l
406 4772 489 4833 Atqrre
506 4771 532 4820 in
551 4773 698 4822 uniuersum
717 4771 765 4823 lroc
783 4773 814 4822 de
832 4773 992 4837 pronominis
1012 4771 1183 4838 explicatione
1202 4773 1278 4824 statui
1296 4783 1393 4840 potest,
1417 4775 1537 4840 exiguam
1556 4772 1582 4823 in

289 4839 337 4890 hnc
354 4850 426 4907 parte
446 4840 578 4904 utriusque
596 4841 652 4890 libri
671 4841 862 4891 similitudinem
880 4841 1045 4908 deprehendi.
