3354 5580
442 329 449 334 ’
504 358 541 410 m
559 357 644 410 non.
662 357 789 410 anrnu
808 355 987 408 armenon.
1332 357 1392 422 221
1443 369 1452 382 ’

91 545 141 606 bic
167 545 299 608 Donatus
327 544 570 624 comprehendit,
600 544 819 607 Priscianus
845 547 875 606 in
904 551 1043 625 quattuor
1071 543 1176 607 diuidit
1202 546 1394 616 dillcrentias,

90 646 280 708 articulatam
304 645 445 708 uidelicet
466 654 496 706 ct
517 645 749 725 inarticulatam,
772 647 931 708 litteratam
953 657 982 708 et
996 644 1192 715 illitteratam,
1216 663 1291 724 quae
1307 646 1394 707 binae

91 750 224 809 inuicem
252 750 429 810 coniunctae
456 745 529 809 alias
556 757 695 828 quattuor
723 749 759 810 de
787 767 819 808 se
848 746 990 810 reddnnt:
1020 749 1175 810 articulata
1205 758 1234 808 et
1256 749 1392 818 litterata,

92 859 124 910 nt
148 858 209 912 est:
239 867 339 910 arma
367 851 565 927 uirumque
587 867 691 918 cano,
723 868 798 929 qnae
821 848 975 911 articulata
1000 857 1124 911 uocatur
1146 868 1182 910 eo
1206 849 1283 927 qnod
1308 849 1393 910 intel-

66 951 143 1030 sligi
166 959 280 1031 potest,
309 950 437 1012 litterata
461 969 534 1012 uero
557 969 592 1012 eo
614 951 692 1031 qnod
716 951 816 1013 scribi.
861 951 1019 1014 Articulata
1044 960 1073 1012 et
1095 950 1259 1018 illitterata.
1289 960 1320 1011 ut
1341 969 1393 1029 ge-

92 1055 185 1113 mitus
208 1052 364 1115 hominnm
388 1062 418 1114 et
440 1052 552 1114 sibilus.
591 1052 731 1114 Litterata
754 1063 783 1114 et
804 1052 989 1114 inarticulata
1006 1059 1065 1122 est,
1088 1053 1163 1114 sicut
1180 1071 1237 1114 nox
1252 1070 1392 1114 ranarum

91 1164 121 1216 et
144 1173 322 1224 cornorum,
347 1163 380 1215 nt
401 1173 474 1216 coac
497 1172 562 1225 cra,
586 1171 661 1232 quae
676 1154 834 1226 scribitur,
857 1153 909 1216 sed
932 1172 991 1216 non
1006 1153 1193 1233 intelligitur.
1238 1152 1391 1215 illitterata

89 1265 119 1315 et
147 1255 352 1326 inarticulata,
387 1275 462 1336 qnae
491 1273 546 1316 nec
574 1255 718 1318 scribitur
746 1273 801 1318 nec
828 1255 952 1336 intelligi
981 1264 1091 1336 potest,
1120 1257 1197 1317 sicut
1225 1254 1393 1316 collisiones

92 1367 262 1438 petrarum,
286 1375 393 1419 cursus
415 1357 585 1426 lluminum.
610 1360 725 1420 sonitus
749 1359 959 1419 tonitruorum.

59 1563 81 1602 ro
620 1544 668 1606 DE
693 1543 864 1606 ttTTEttn.

181 1663 251 1724 Post
273 1680 393 1732 uocem,
416 1662 487 1742 quid
503 1665 543 1723 sit
558 1662 673 1732 littera,
697 1662 831 1724 definiuit
846 1671 875 1725 et
890 1662 967 1726 hene
983 1673 1050 1744 post
1065 1682 1185 1734 uocem,
1209 1665 1277 1744 qula
1295 1662 1391 1725 littera

93 1769 212 1843 signnm
237 1773 284 1826 est
306 1765 396 1826 noeis.
441 1765 530 1844 Signa
554 1773 652 1826 autem
675 1771 744 1824 sunt
766 1773 818 1825 ant
839 1767 921 1842 signa
938 1782 1038 1826 rerum
1054 1775 1103 1826 ant
1118 1768 1201 1844 signa
1225 1768 1390 1844 signorum.

94 1865 213 1927 ‘Terra'
237 1868 316 1928 enim
332 1867 449 1945 signnm
465 1874 509 1927 est
524 1867 583 1936 rei,
607 1863 682 1926 idest
704 1865 895 1936 substantiae,
919 1865 1033 1928 litterae
1056 1875 1164 1936 antem,
1188 1865 1296 1945 quibus
1318 1865 1391 1926 illud

93 1986 202 2030 nomen
218 1967 297 2048 quod
314 1975 360 2028 est
375 1971 481 2028 ‘terra’
496 1966 646 2036 scribitur,
671 1967 754 2045 signa
777 1975 847 2029 sunt
868 1970 961 2047 signi,
985 1967 1061 2030 idest
1075 1969 1203 2030 nominis
1219 1985 1282 2029 rem
1298 1969 1390 2046 signi-

60 2089 81 2127 ia
93 2071 219 2131 licentis.
266 2065 497 2150 Dictal2142y
522 2079 619 2129 autern
648 2067 745 2130 littera
773 2070 821 2132 nel
851 2070 1001 2138 olitoris,
1030 2069 1107 2132 idest
1136 2069 1243 2131 tabulis
1265 2071 1388 2130 ceratis:

94 2187 160 2230 nam
191 2169 299 2232 liturae
327 2179 396 2231 snnt
424 2170 541 2233 tabulae
570 2178 701 2240 ceratae,
732 2171 895 2252 inquibus
923 2171 1094 2234 scribebant
1122 2173 1235 2251 antiqui
1258 2191 1291 2233 ea
1315 2189 1390 2251 qnae

93 2272 303 2352 excogitabant
332 2281 360 2334 et
389 2277 516 2334 maxime
545 2274 573 2333 in
604 2273 757 2344 noctibus;
790 2272 838 2335 uel
872 2275 950 2351 qnod
984 2273 1102 2354 legendi
1134 2274 1192 2334 iter
1224 2273 1390 2353 legentibus

92 2373 249 2453 praebeat;
278 2374 326 2436 nel
347 2374 447 2436 littera
470 2375 579 2436 dicitnr
607 2377 690 2456 qnasi
717 2376 855 2454 legitera,
886 2375 1023 2455 eoquod
1050 2377 1080 2436 in
1104 2393 1195 2436 nemu
1217 2375 1389 2453 trequenter

92 2478 227 2538 iteretur.
279 2475 458 2538 Litterarum
491 2477 583 2556 igitur
619 2475 731 2538 diuersi
764 2483 933 2558 repertores
965 2478 1059 2542 inere.
1116 2478 1232 2540 Primus
1261 2494 1390 2555 namque

61 2578 196 2640 roEnocb
220 2578 365 2658 septimus
387 2576 424 2638 ab
446 2575 539 2638 idam
560 2577 674 2640 litteras
696 2579 866 2659 repperisse
881 2578 1000 2649 dicitnr,
1017 2579 1095 2641 unde
1111 2582 1139 2641 in
1157 2579 1279 2660 epistola
1300 2577 1389 2640 Indae

95 2679 217 2758 legitur:
243 2679 343 2740 sicut
365 2679 523 2758 scripsit
544 2683 727 2759 septimus
749 2680 793 2742 ab
815 2679 934 2742 idam.
979 2680 1092 2743 Deinde
1115 2680 1207 2742 Cham
1229 2682 1304 2743 lilius
1328 2681 1389 2742 Noe

94 2799 293 2860 praenoscens
321 2779 531 2861 cataclysmum
559 2799 626 2842 esse
654 2781 785 2844 loturum
809 2783 879 2844 lecit
901 2783 974 2845 duas
997 2781 1163 2853 columnas,
1194 2801 1282 2844 unam
1310 2800 1389 2844 mar-

94 2902 225 2946 moream
257 2901 332 2964 qnae
362 2884 391 2943 in
419 2901 494 2964 aqna
522 2892 705 2954 seruaretur,
734 2893 764 2946 et
792 2883 914 2946 alteram
943 2885 1123 2953 latericiam,
1157 2901 1234 2962 quae
1262 2885 1292 2944 in
1320 2885 1389 2961 igne

95 2985 228 3056 duraret,
253 2984 361 3065 quihus
384 2993 498 3064 septem
520 2992 601 3046 artes
624 2984 761 3048 liberales
784 2987 905 3048 tradidit
925 2996 958 3049 ut
980 2994 1048 3067 post
1073 2985 1216 3047 diluuium
1245 2984 1389 3046 stoliditas

62 3087 247 3150 esbominum
275 3085 437 3168 pelleretur
460 3094 489 3148 et
510 3103 634 3148 acumen
661 3089 775 3166 ingenii
802 3096 1002 3150 exerceretur.
1046 3087 1151 3150 Postea
1174 3087 1290 3166 lloyses
1318 3086 1388 3148 alias

95 3191 226 3270 repperit
252 3190 366 3252 litteras
387 3191 419 3249 in
442 3197 543 3252 monte
565 3189 648 3250 Sinai
670 3188 764 3268 digito
791 3189 839 3250 dei
867 3191 1006 3270 scriptas,
1035 3207 1109 3269 quae
1138 3208 1231 3269 usque
1254 3189 1290 3250 ad
1314 3196 1387 3250 tcm-

95 3309 163 3368 pora
188 3291 319 3352 llesdrae
347 3291 543 3362 durauerunt,
572 3290 680 3372 quibus
708 3311 786 3353 nnnc
809 3281 1135 3354 Samaritae‘ntnntnr.
1178 3290 1291 3353 Deinde
1314 3290 1387 3352 lles·

95 3391 160 3454 dras
182 3395 299 3454 inuenit
321 3391 393 3455 ollas
416 3393 545 3456 leniores
562 3404 590 3456 et
605 3393 754 3456 laciliorcs
770 3393 806 3455 ad
821 3393 1026 3463 scribendum,
1051 3391 1160 3474 quibus
1174 3391 1276 3454 ludaei
1297 3399 1387 3455 utun·

97 3502 149 3557 tnr.
182 3495 366 3557 Graecorum
383 3513 456 3555 uero
479 3495 592 3557 litteras
607 3496 771 3560 Phoenices
792 3505 1000 3578 reppererunt,
1024 3495 1104 3558 unde
1126 3495 1158 3556 in
1180 3495 1273 3556 initiis
1296 3492 1387 3556 libro·

66 3613 158 3658 aornm
182 3595 352 3658 Phoenicen
375 3596 476 3658 colore
499 3597 575 3659 idest
598 3601 689 3660 minio
711 3597 884 3660 scribuntur
905 3600 1031 3662 litterae.
1076 3598 1247 3660 Latinorum
1270 3613 1458 3684 quoques-

97 3698 205 3760 litteras
232 3698 396 3760 Carmentis
424 3699 552 3778 nympha
581 3700 746 3762 Nicostrata
775 3709 870 3764 mater
892 3701 1022 3764 Euandri
1049 3701 1174 3764 inuenit.
1218 3699 1387 3761 Carmentis

97 3809 190 3862 antem
213 3801 301 3871 dicta,
324 3820 359 3862 eo
382 3801 459 3880 quod
489 3803 587 3864 tritura
614 3803 797 3866 carminibus
827 3803 966 3872 canebat:
999 3803 1128 3884 nympha
1162 3800 1270 3862 dicitur
1302 3804 1387 3881 quasi

96 3899 224 3982 lympha,
248 3902 328 3964 idest
349 3919 438 3980 aqua,
463 3905 530 3984 qnia
553 3906 630 3966 sieut
652 3924 727 3986 aqna
750 3907 893 3986 sapientia
917 3906 1079 3968 dilllnehat.
1123 3903 1289 3965 Nicostrata
1313 3922 1386 3965 nero

97 4003 167 4067 idest
188 4005 357 4070 uictoriosa.
402 4003 492 4085 Νίκη
516 4008 594 4067 enim
610 4007 724 4068 Graece
748 4008 872 4069 uictoria
898 4005 909 4088 ll
928 4005 988 4070 143
1006 4005 1019 4091 tl
1042 4007 1161 4076 Latine,
1186 4007 1234 4068 nel
1248 4005 1385 4084 gladiata,

67 4119 129 4164 neo
149 4107 228 4187 qnod
257 4109 372 4186 ingenii
404 4109 541 4171 acumine
574 4108 701 4188 uigebat.
746 4110 875 4172 Aliarum
908 4128 1025 4190 qnoque
1057 4110 1174 4171 litterae
1206 4110 1340 4188 gentium
1370 4127 1386 4170 a

99 4205 219 4270 diuersis
240 4208 414 4271 auctoribus
429 4218 566 4291 repertae
581 4220 665 4280 sunt,
689 4212 766 4274 sicut
781 4211 943 4273 Gothorum
960 4214 1075 4274 litteras
1090 4209 1213 4273 Gollilos
1228 4211 1387 4292 episeopus

98 4314 232 4392 repperit.
277 4316 393 4374 Genera
416 4315 503 4374 etiam
527 4311 691 4375 litterarum
715 4314 834 4377 diuersa
857 4322 933 4376 sunt.
976 4314 1130 4387 Quaedam
1153 4314 1231 4376 enim
1254 4312 1386 4375 unciales

161 4573 172 4618 i
192 4564 349 4633 Priscianus]
370 4567 387 4618 1
401 4585 429 4634 p.
448 4573 477 4632 5,
495 4569 564 4619 511.
633 4571 649 4620 2
669 4570 801 4620 litteratam
820 4570 962 4622 illiteratum
1035 4570 1051 4620 8
1069 4565 1209 4636 inlliterntc
1226 4566 1386 4620 innrticnlatn

99 4635 113 4682 9
129 4633 308 4702 tionitrnornrn
395 4639 425 4686 11
444 4637 580 4698 dillinlnit‚
598 4639 636 4688 sic
653 4654 753 4704 seraper
820 4640 854 4689 22
872 4639 1046 4690 cataclismum
1132 4639 1165 4688 25
1183 4653 1287 4702 moyses
1305 4654 1386 4704 supra

99 4703 180 4753 lineam
264 4707 297 4756 au
316 4704 422 4770 reprom
505 4707 689 4772 myraeorum
759 4707 892 4772 ph⁰enices
958 4713 1122 4772 replerernnt
1198 4709 1231 4758 30
1249 4708 1385 4774 ph⁰enicco

100 4771 128 4889 ἐξ
144 4772 258 4839 oirnpha,
276 4775 311 4838 cs.
330 4773 428 4826 isidor.
443 4772 511 4840 θήρ.
530 4773 549 4823 I
565 4776 618 4835 m
687 4779 720 4826 32
739 4775 845 4842 nimphe
912 4779 945 4828 ³3
963 4775 1060 4843 limpha
1129 4777 1163 4827 at
1180 4773 1260 4826 Niobe
1311 4791 1387 4844 grece

143 4843 247 4910 reprom
