3378 5550
688 1181 801 1261 III.

249 1393 337 1478 DE
375 1393 717 1478 CHARISIO
753 1395 835 1478 ΕΤ
870 1395 1239 1478 FLAVIANO.

685 1621 809 1628 ——ffl—

678 1805 762 1868 Cae.
786 1804 814 1868 Ι.

302 1939 361 2006 Da
385 1939 578 2006 CHARISII
607 1939 849 2006 EXOERPTIS
872 1899 1192 2007 Baaaamslssvsss

183 2101 306 2160 Codicis
329 2100 491 2160 dernensis
515 2107 569 2158 123
590 2106 752 2176 excerpta,
782 2117 861 2175 quae
884 2101 1054 2160 Cominiani
1080 2102 1198 2160 nomine
1215 2103 1393 2176 praeposito

104 2202 129 2258 in
151 2205 255 2275 prima
278 2203 341 2262 eius
361 2203 436 2262 libri
455 2209 523 2260 arte
543 2203 696 2262 collaticia
719 2209 896 2279 mersantur,
925 2219 984 2262 non
1008 2204 1106 2278 parui
1132 2219 1194 2262 esse
1222 2203 1265 2262 ad
1286 2202 1391 2262 Citari-

105 2307 173 2363 siom
196 2305 420 2364 emendandam
444 2307 492 2364 uel
512 2306 712 2380 supplendum
729 2308 839 2382 pretii,
865 2307 1049 2380 praesertim
1077 2305 1108 2363 in
1136 2311 1224 2364 tanta
1246 2305 1392 2364 librarum

104 2409 378 2482 manuscriptorum
394 2409 539 2481 penuria,
564 2413 645 2466 reete
666 2409 868 2468 existimatum
895 2413 988 2466 estet
1010 2425 1029 2464 a
1052 2407 1143 2467 Petro
1165 2407 1393 2482 deluctantem,

103 2511 236 2580 quierem
260 2509 370 2568 tionem
398 2515 542 2567 accurate
569 2525 635 2568 eum
664 2513 834 2585 exemplari
858 2526 912 2569 sua
941 2512 1021 2585 tqpis
1047 2511 1200 2584 descripto
1226 2505 1393 2587 eontulil*)

104 2619 127 2666 a
147 2627 165 2666 a
189 2609 328 2669 ilenrico
351 2611 450 2670 Keilio
472 2627 579 2686 seraper,
604 2627 691 2686 quem
715 2613 875 2684 ditiqenter
896 2619 999 2690 nostro
1025 2613 1130 2670 codiee
1150 2627 1236 2670 mum
1257 2627 1320 2669 esse
1340 2626 1393 2669 ex-

102 2721 273 2785 cerptorum
308 2712 508 2770 Beruensium
538 2710 781 2787 frequentissime
814 2713 905 2786 sacta
941 2714 1183 2799 commemoratio
1221 2713 1302 2771 testis
1338 2717 1392 2770 est.

105 2813 175 2880 [neos
197 2815 282 2872 locos
311 2831 378 2872 carne
406 2815 442 2873 oa
471 2817 548 2872 alios
570 2817 717 2888 quasdam
740 2817 928 2890 quaestiones
954 2817 1054 2874 denseo
1075 2819 1315 2890 pertractarem,
1344 2829 1392 2872 oc·

104 2923 266 2974 enarrarunt
286 2918 443 2991 nonnulla,
467 2933 545 2989 quae
566 2918 627 2976 iltis
648 2935 725 2992 quae
746 2919 864 2978 Keilins
885 2919 1020 2978 emoluerit
1047 2918 1191 2975 addenda
1218 2933 1281 2975 esse
1307 2921 1394 2974 ratus

100 3033 165 3075 sum
203 3017 306 3076 Erant
320 3019 409 3090 enim,
427 3035 505 3091 qnae
524 3021 710 3091 corripenda
730 3021 913 3094 reliquisset:
933 3010 1027 3094 plora
1044 3035 1116 3078 uero
1133 3017 1281 3078 eiusmodi
1293 3023 1392 3088 aaut,

103 3127 128 3175 nt
148 3121 192 3177 ad
213 3125 402 3194 apparatam
424 3137 510 3193 quem
534 3127 645 3180 nocant
659 3123 798 3180 criticum
815 3122 957 3193 omnious,
983 3129 1126 3194 qnantum
1149 3120 1182 3180 id
1193 3121 1265 3191 sieri
1283 3123 1391 3194 potest,

101 3218 231 3280 raimerus
259 3221 472 3281 absoluendum
501 3224 623 3281 ommino
650 3239 725 3297 opus
752 3231 856 3282 essent.
908 3223 984 3282 Nam
1014 3224 1129 3282 Kellios
1162 3222 1232 3281 dum
1261 3223 1292 3280 in
1321 3221 1394 3295 ipsis

103 3321 233 3382 Charisii
256 3323 354 3382 uernis
375 3325 570 3383 emendandis
592 3325 711 3396 defiens
731 3327 843 3399 passim
865 3341 943 3398 qnae
964 3329 1130 3382 rneunoratn
1146 3324 1240 3398 eliqua
1263 3325 1393 3398 reperie-

100 3423 146 3482 bat
167 3427 323 3500 excerpit,
347 3443 407 3484 non
429 3434 549 3500 aperte,
578 3443 657 3501 qnae
678 3443 795 3501 quaque
821 3429 887 3486 ioco
913 3443 953 3485 ea
982 3427 1120 3484 Clearisio
1148 3425 1257 3484 hausta
1286 3430 1391 3496 essent,

102 3527 202 3600 mique
223 3528 418 3600 siquitieauit.
467 3528 530 3598 (lua
549 3531 593 3601 fit,
619 3537 651 3587 ut
671 3545 712 3588 aa
728 3531 801 3603 ipsis
822 3531 885 3587 eins
899 3531 1053 3603 excerptis
1075 3529 1162 3594 iilud,
1186 3528 1270 3602 qaod
1283 3541 1392 3586 reuera

102 3632 203 3696 euenit,
227 3645 289 3687 aon
311 3631 385 3688 satis
405 3631 567 3701 clarescat,
592 3633 687 3690 mulla
709 3632 771 3689 alio
788 3647 919 3704 prorsus
940 3631 1047 3688 ordine
1069 3633 1099 3688 in
1120 3631 1225 3689 codiee
1244 3627 1398 3687 Beruensi

101 3729 253 3804 proferri,
282 3732 387 3804 aliqua
420 3733 521 3790 deesse
553 3734 720 3804 interdura,
756 3733 820 3791 alia
848 3733 1050 3806 superaddita
1081 3747 1153 3791 esse.
1200 3729 1394 3804 Quapropter

19 3839 20 3872 l
103 3835 196 3890 lamnia
218 3835 279 3891 ista
301 3849 368 3891 cum
386 3833 560 3906 puluisculo
582 3835 663 3907 quod
685 3835 790 3892 dicuat
811 3834 1024 3893 exhaurienda
1046 3850 1108 3892 esse
1130 3835 1215 3906 duni,
1240 3839 1272 3892 ut
1294 3832 1391 3903 simul,

19 4001 20 4004 Ἴ
103 3949 156 4005 qua
177 3940 346 4008 excerptor
367 3937 432 4008 ipse
452 3937 485 3993 in
505 3951 560 3994 sno
582 3951 673 4008 opere
692 3937 880 4006 conficienda
907 3938 1027 3998 ratione
1048 3954 1118 3994 usias
1139 3943 1229 4006 esset,
1259 3934 1395 3993 dilucide

105 4037 316 4095 ostenderetur.
361 4036 463 4095 Multa
485 4039 562 4094 enim
585 4038 713 4096 librario
735 4040 811 4097 uitia
834 4039 1005 4112 inputanda
1026 4044 1110 4110 sacal,
1134 4054 1195 4097 non
1214 4052 1318 4112 panea
1339 4052 1393 4094 ea·

104 4140 244 4212 captori,
268 4139 416 4196 nonnulla
438 4138 567 4213 denique
588 4155 628 4197 ea
650 4140 719 4213 ipsa
740 4141 854 4198 codicis
877 4139 1023 4211 Catrrisii,
1048 4155 1134 4214 quem
1156 4145 1319 4214 excerptor
1340 4139 1394 4196 ad-

19 4251 20 4336 u
105 4237 200 4312 lauit,
225 4239 375 4314 qualitate
395 4239 576 4298 deducentia
597 4247 695 4299 erunt.
743 4239 854 4300 Tamen
879 4243 912 4301 id
932 4249 1035 4300 leneas
1057 4242 1163 4316 uelint,
1192 4257 1253 4300 nan
1275 4241 1394 4299 uniuer-

19 4415 20 4418 ,
104 4355 160 4398 um
179 4357 228 4400 rue
250 4343 365 4401 codicis
388 4339 553 4400 dernensis
574 4343 759 4417 scripturam
781 4345 880 4403 denna
899 4345 1144 4419 propositurum,
1168 4343 1222 4402 sed
1242 4357 1280 4402 ea
1301 4343 1395 4402 solum

19 4445 20 4454 ’
107 4445 204 4515 inodo,
230 4459 311 4517 quae
331 4443 531 4518 supplementi
549 4445 648 4503 instar
669 4445 764 4506 Keilii
784 4445 1027 4505 adnotationibus
1049 4447 1212 4521 adpiuqas.
1258 4441 1397 4504 annum

104 4545 177 4612 oitur
203 4545 338 4605 Cliorisii
366 4547 519 4621 excerptis
547 4546 721 4606 Geminiani
747 4563 854 4608 nomen
873 4549 1075 4624 praemissum
1097 4555 1140 4606 est
1162 4545 1224 4619 (cs.
1248 4545 1287 4605 H.
1302 4548 1396 4608 Keilii

110 4847 112 4852 Ι
166 4779 192 4840 *)
209 4779 323 4840 Quarum
342 4781 455 4831 locorum
475 4797 535 4848 pars
554 4797 647 4848 magna
667 4785 692 4832 in
711 4798 790 4832 unum
809 4793 932 4848 congesta
950 4799 965 4832 a
984 4783 1058 4832 Petro
1078 4783 1182 4832 Daniele
1206 4784 1282 4834 hodie
1304 4783 1396 4850 legitur

109 4861 129 4894 m
144 4849 228 4899 codiee
245 4850 369 4900 Beruenai
388 4851 447 4914 189,
464 4865 515 4913 quo
534 4852 589 4900 eius
608 4852 756 4902 aduersaria
774 4851 933 4919 philologiam
950 4853 1120 4902 eontinentur.
