<?xml version="1.0" encoding="UTF-8"?>
<!DOCTYPE html PUBLIC "-//W3C//DTD XHTML 1.0 Transitional//EN"
    "http://www.w3.org/TR/xhtml1/DTD/xhtml1-transitional.dtd">
<html xmlns="http://www.w3.org/1999/xhtml" xml:lang="en" lang="en">
 <head>
  <title>
</title>
<meta http-equiv="Content-Type" content="text/html;charset=utf-8" />
  <meta name='ocr-system' content='tesseract 3.04.00' />
  <meta name='ocr-capabilities' content='ocr_page ocr_carea ocr_par ocr_line ocrx_word'/>
</head>
<body>
  <div class='ocr_page' id='page_1' title='image "./anecdotahelveti00hagegoog_0547.png"; bbox 0 0 3560 5574; ppageno 0'>
   <div class='ocr_carea' id='block_1_1' title="bbox 872 303 1342 364">
    <p class='ocr_par' dir='ltr' id='par_1_1' title="bbox 872 303 1342 364">
     <span class='ocr_line' id='line_1_1' title="bbox 872 303 1342 364; baseline -0.013 0"><span class='ocrx_word' id='word_1_1' title='bbox 872 330 896 364; x_wconf 90' lang='lat'><strong>..·</strong></span> <span class='ocrx_word' id='word_1_2' title='bbox 910 326 923 359; x_wconf 74' lang='lat'><strong>.-</strong></span> <span class='ocrx_word' id='word_1_3' title='bbox 935 307 1114 360; x_wconf 58' lang='lat' dir='ltr'><strong>susurrii:</strong></span> <span class='ocrx_word' id='word_1_4' title='bbox 1133 303 1342 358; x_wconf 80' lang='lat' dir='ltr'><strong>SERMONVM.</strong></span> 
     </span>
    </p>
   </div>
   <div class='ocr_carea' id='block_1_2' title="bbox 538 491 1752 1177">
    <p class='ocr_par' dir='ltr' id='par_1_2' title="bbox 742 491 1731 574">
     <span class='ocr_line' id='line_1_2' title="bbox 742 491 1731 574; baseline -0.015 -11"><span class='ocrx_word' id='word_1_5' title='bbox 742 552 748 563; x_wconf 96' lang='lat'><strong>.</strong></span> <span class='ocrx_word' id='word_1_6' title='bbox 801 544 810 560; x_wconf 88' lang='lat'><strong>.</strong></span> <span class='ocrx_word' id='word_1_7' title='bbox 843 493 1081 574; x_wconf 71' lang='lat' dir='ltr'><strong>-uueipiumhoc</strong></span> <span class='ocrx_word' id='word_1_8' title='bbox 1096 495 1230 562; x_wconf 84' lang='lat' dir='ltr'><strong>interest,</strong></span> <span class='ocrx_word' id='word_1_9' title='bbox 1247 491 1326 572; x_wconf 87' lang='lat' dir='ltr'><strong>quod</strong></span> <span class='ocrx_word' id='word_1_10' title='bbox 1343 492 1521 572; x_wconf 90' lang='lat' dir='ltr'><strong>principium</strong></span> <span class='ocrx_word' id='word_1_11' title='bbox 1535 537 1619 552; x_wconf 88' lang='grc'><strong>.....</strong></span> <span class='ocrx_word' id='word_1_12' title='bbox 1631 491 1731 568; x_wconf 83' lang='lat' dir='ltr'><strong>operis</strong></span> 
     </span>
    </p>

    <p class='ocr_par' dir='ltr' id='par_1_3' title="bbox 701 591 1731 678">
     <span class='ocr_line' id='line_1_3' title="bbox 701 591 1731 678; baseline -0.013 -16"><span class='ocrx_word' id='word_1_13' title='bbox 701 654 707 665; x_wconf 91' lang='lat'><strong>.</strong></span> <span class='ocrx_word' id='word_1_14' title='bbox 761 633 798 664; x_wconf 45' lang='lat' dir='ltr'><strong>s.</strong></span> <span class='ocrx_word' id='word_1_15' title='bbox 836 597 914 678; x_wconf 72' lang='lat' dir='ltr'><strong>-puuil</strong></span> <span class='ocrx_word' id='word_1_16' title='bbox 944 596 1126 676; x_wconf 78' lang='lat' dir='ltr'><strong>frequentius</strong></span> <span class='ocrx_word' id='word_1_17' title='bbox 1157 591 1359 672; x_wconf 80' lang='lat' dir='ltr'><strong>intellegimus</strong></span> <span class='ocrx_word' id='word_1_18' title='bbox 1387 601 1416 654; x_wconf 91' lang='lat' dir='ltr'><strong>et</strong></span> <span class='ocrx_word' id='word_1_19' title='bbox 1442 595 1531 653; x_wconf 89' lang='lat' dir='ltr'><strong>toties</strong></span> <span class='ocrx_word' id='word_1_20' title='bbox 1563 593 1731 670; x_wconf 77' lang='lat' dir='ltr'>accipimus,</span> 
     </span>
    </p>

    <p class='ocr_par' dir='ltr' id='par_1_4' title="bbox 694 692 1730 774">
     <span class='ocr_line' id='line_1_4' title="bbox 694 692 1730 774; baseline -0.015 -8"><span class='ocrx_word' id='word_1_21' title='bbox 694 742 758 767; x_wconf 68' lang='lat'><strong>„..·</strong></span> <span class='ocrx_word' id='word_1_22' title='bbox 790 719 936 762; x_wconf 58' lang='lat' dir='ltr'><strong>nisenam</strong></span> <span class='ocrx_word' id='word_1_23' title='bbox 958 742 1050 760; x_wconf 87' lang='grc'><strong>.....</strong></span> <span class='ocrx_word' id='word_1_24' title='bbox 1070 697 1100 757; x_wconf 92' lang='lat' dir='ltr'><strong>in</strong></span> <span class='ocrx_word' id='word_1_25' title='bbox 1123 694 1244 757; x_wconf 83' lang='lat' dir='ltr'><strong>alteram</strong></span> <span class='ocrx_word' id='word_1_26' title='bbox 1273 712 1353 766; x_wconf 86' lang='lat' dir='ltr'><strong>rem,</strong></span> <span class='ocrx_word' id='word_1_27' title='bbox 1382 703 1412 756; x_wconf 88' lang='lat' dir='ltr'><strong>et</strong></span> <span class='ocrx_word' id='word_1_28' title='bbox 1432 694 1606 774; x_wconf 89' lang='lat' dir='ltr'><strong>principium</strong></span> <span class='ocrx_word' id='word_1_29' title='bbox 1627 692 1730 759; x_wconf 87' lang='lat' dir='ltr'><strong>semei,</strong></span> 
     </span>
    </p>

    <p class='ocr_par' dir='ltr' id='par_1_5' title="bbox 597 795 1752 977">
     <span class='ocr_line' id='line_1_5' title="bbox 669 795 1731 882; baseline -0.01 -17.698"><span class='ocrx_word' id='word_1_30' title='bbox 669 841 712 872; x_wconf 59' lang='lat' dir='ltr'><strong>..x</strong></span> <span class='ocrx_word' id='word_1_31' title='bbox 744 805 924 882; x_wconf 57' lang='lat' dir='ltr'><strong>:proemium</strong></span> <span class='ocrx_word' id='word_1_32' title='bbox 947 809 1006 870; x_wconf 85' lang='lat' dir='ltr'><strong>est,</strong></span> <span class='ocrx_word' id='word_1_33' title='bbox 1030 807 1075 858; x_wconf 87' lang='lat' dir='ltr'><strong>ut:</strong></span> <span class='ocrx_word' id='word_1_34' title='bbox 1098 796 1216 857; x_wconf 73' lang='lat' dir='ltr'><strong>‘orme</strong></span> <span class='ocrx_word' id='word_1_35' title='bbox 1239 797 1433 875; x_wconf 86' lang='lat' dir='ltr'><strong>uirumque</strong></span> <span class='ocrx_word' id='word_1_36' title='bbox 1456 795 1591 856; x_wconf 78' lang='lat' dir='ltr'>Troiae</span> <span class='ocrx_word' id='word_1_37' title='bbox 1610 798 1731 860; x_wconf 85' lang='lat' dir='ltr'><strong>cnuo&#39;;</strong></span> 
     </span>
     <span class='ocr_line' id='line_1_6' title="bbox 646 898 1752 977; baseline -0.015 -6"><span class='ocrx_word' id='word_1_38' title='bbox 646 927 736 971; x_wconf 74' lang='lat' dir='ltr'><strong>u.=n</strong></span> <span class='ocrx_word' id='word_1_39' title='bbox 761 905 848 968; x_wconf 80' lang='lat' dir='ltr'><strong>milri</strong></span> <span class='ocrx_word' id='word_1_40' title='bbox 871 917 1027 964; x_wconf 82' lang='lat' dir='ltr'><strong>memore</strong></span> <span class='ocrx_word' id='word_1_41' title='bbox 1050 901 1203 964; x_wconf 65' lang='lat' dir='ltr'><strong>censes!</strong></span> <span class='ocrx_word' id='word_1_42' title='bbox 1249 899 1323 959; x_wconf 89' lang='lat' dir='ltr'><strong>Sunt</strong></span> <span class='ocrx_word' id='word_1_43' title='bbox 1344 907 1443 958; x_wconf 81' lang='lat' dir='ltr'><strong>tamen</strong></span> <span class='ocrx_word' id='word_1_44' title='bbox 1466 898 1620 977; x_wconf 86' lang='lat' dir='ltr'><strong>principie,</strong></span> <span class='ocrx_word' id='word_1_45' title='bbox 1653 908 1752 975; x_wconf 74' lang='lat' dir='ltr'><strong>quaes»</strong></span> 
     </span>
    </p>

    <p class='ocr_par' dir='ltr' id='par_1_6' title="bbox 538 998 1731 1177">
     <span class='ocr_line' id='line_1_7' title="bbox 581 998 1731 1086; baseline -0.016 -14"><span class='ocrx_word' id='word_1_46' title='bbox 581 1054 620 1079; x_wconf 47' lang='lat' dir='ltr'><strong>s..</strong></span> <span class='ocrx_word' id='word_1_47' title='bbox 658 1024 744 1072; x_wconf 70' lang='lat' dir='ltr'><strong>nem</strong></span> <span class='ocrx_word' id='word_1_48' title='bbox 766 1019 795 1068; x_wconf 80' lang='lat' dir='ltr'><strong>ei</strong></span> <span class='ocrx_word' id='word_1_49' title='bbox 816 1007 947 1086; x_wconf 81' lang='lat' dir='ltr'><strong>speciem</strong></span> <span class='ocrx_word' id='word_1_50' title='bbox 968 1001 1045 1061; x_wconf 88' lang='lat' dir='ltr'><strong>iniiii</strong></span> <span class='ocrx_word' id='word_1_51' title='bbox 1067 998 1192 1070; x_wconf 83' lang='lat' dir='ltr'><strong>liabent,</strong></span> <span class='ocrx_word' id='word_1_52' title='bbox 1217 1006 1263 1060; x_wconf 91' lang='lat' dir='ltr'><strong>ut:</strong></span> <span class='ocrx_word' id='word_1_53' title='bbox 1300 999 1357 1061; x_wconf 75' lang='lat' dir='ltr'><strong>‘lt</strong></span> <span class='ocrx_word' id='word_1_54' title='bbox 1384 1000 1514 1075; x_wconf 82' lang='lat' dir='ltr'><strong>regine</strong></span> <span class='ocrx_word' id='word_1_55' title='bbox 1538 999 1635 1076; x_wconf 78' lang='lat' dir='ltr'><strong>graui</strong></span> <span class='ocrx_word' id='word_1_56' title='bbox 1658 1001 1731 1056; x_wconf 83' lang='lat' dir='ltr'><strong>inm</strong></span> 
     </span>
     <span class='ocr_line' id='line_1_8' title="bbox 538 1100 1729 1177; baseline -0.015 -1"><span class='ocrx_word' id='word_1_57' title='bbox 538 1154 582 1177; x_wconf 88' lang='lat'><strong>..</strong></span> <span class='ocrx_word' id='word_1_58' title='bbox 616 1129 742 1174; x_wconf 54' lang='lat' dir='ltr'><strong>nme</strong></span> <span class='ocrx_word' id='word_1_59' title='bbox 769 1107 874 1170; x_wconf 74' lang='lat' dir='ltr'><strong>curo&#39;</strong></span> <span class='ocrx_word' id='word_1_60' title='bbox 903 1110 945 1164; x_wconf 87' lang='lat' dir='ltr'><strong>ei:</strong></span> <span class='ocrx_word' id='word_1_61' title='bbox 983 1100 1060 1162; x_wconf 80' lang='lat' dir='ltr'><strong>‘Sic</strong></span> <span class='ocrx_word' id='word_1_62' title='bbox 1085 1101 1198 1173; x_wconf 84' lang='lat' dir='ltr'><strong>futur</strong></span> <span class='ocrx_word' id='word_1_63' title='bbox 1225 1105 1435 1162; x_wconf 84' lang='lat' dir='ltr'><strong>lacrimans</strong></span> <span class='ocrx_word' id='word_1_64' title='bbox 1462 1103 1649 1174; x_wconf 76' lang='lat' dir='ltr'><strong><em>classique</em></strong></span> <span class='ocrx_word' id='word_1_65' title='bbox 1673 1101 1729 1156; x_wconf 79' lang='lat' dir='ltr'><strong>iu·</strong></span> 
     </span>
    </p>
   </div>
   <div class='ocr_carea' id='block_1_3' title="bbox 533 1211 1728 1383">
    <p class='ocr_par' dir='ltr' id='par_1_7' title="bbox 533 1211 1728 1383">
     <span class='ocr_line' id='line_1_9' title="bbox 593 1211 772 1275; baseline -0.017 -2"><span class='ocrx_word' id='word_1_66' title='bbox 593 1260 598 1273; x_wconf 94' lang='lat'><strong>.</strong></span> <span class='ocrx_word' id='word_1_67' title='bbox 618 1262 625 1275; x_wconf 96' lang='lat'><strong>.</strong></span> <span class='ocrx_word' id='word_1_68' title='bbox 659 1211 772 1274; x_wconf 55' lang='lat' dir='ltr'><strong>aeus?</strong></span> 
     </span>
     <span class='ocr_line' id='line_1_10' title="bbox 533 1302 1728 1383; baseline -0.017 -4"><span class='ocrx_word' id='word_1_69' title='bbox 533 1332 603 1383; x_wconf 73' lang='lat' dir='ltr'><strong>:mn</strong></span> <span class='ocrx_word' id='word_1_70' title='bbox 632 1313 771 1376; x_wconf 66' lang='lat' dir='ltr'><strong>omum</strong></span> <span class='ocrx_word' id='word_1_71' title='bbox 793 1317 822 1370; x_wconf 83' lang='lat' dir='ltr'><strong>ei</strong></span> <span class='ocrx_word' id='word_1_72' title='bbox 844 1304 1032 1368; x_wconf 79' lang='lat' dir='ltr'><strong>dissimulare</strong></span> <span class='ocrx_word' id='word_1_73' title='bbox 1053 1302 1110 1364; x_wconf 86' lang='lat' dir='ltr'><strong>lioc</strong></span> <span class='ocrx_word' id='word_1_74' title='bbox 1133 1306 1271 1374; x_wconf 86' lang='lat' dir='ltr'><strong>interest,</strong></span> <span class='ocrx_word' id='word_1_75' title='bbox 1296 1303 1373 1382; x_wconf 89' lang='lat' dir='ltr'><strong>quod</strong></span> <span class='ocrx_word' id='word_1_76' title='bbox 1395 1303 1538 1366; x_wconf 88' lang='lat' dir='ltr'><strong>siruulnre</strong></span> <span class='ocrx_word' id='word_1_77' title='bbox 1552 1305 1634 1372; x_wconf 88' lang='lat' dir='ltr'><strong>scire,</strong></span> <span class='ocrx_word' id='word_1_78' title='bbox 1650 1321 1728 1380; x_wconf 81' lang='lat' dir='ltr'><strong>quae</strong></span> 
     </span>
    </p>
   </div>
   <div class='ocr_carea' id='block_1_4' title="bbox 466 1406 1762 1600">
    <p class='ocr_par' dir='ltr' id='par_1_8' title="bbox 466 1406 1762 1600">
     <span class='ocr_line' id='line_1_11' title="bbox 466 1406 1762 1490; baseline -0.026 -2"><span class='ocrx_word' id='word_1_79' title='bbox 466 1441 608 1490; x_wconf 52' lang='lat' dir='ltr'><strong>eurum.</strong></span> <span class='ocrx_word' id='word_1_80' title='bbox 633 1411 837 1480; x_wconf 52' lang='lat' dir='ltr'><strong>inunum,</strong></span> <span class='ocrx_word' id='word_1_81' title='bbox 860 1424 935 1488; x_wconf 81' lang='lat' dir='ltr'><strong>quae</strong></span> <span class='ocrx_word' id='word_1_82' title='bbox 957 1406 1067 1466; x_wconf 84' lang='lat' dir='ltr'><strong>seimus</strong></span> <span class='ocrx_word' id='word_1_83' title='bbox 1090 1412 1119 1464; x_wconf 87' lang='lat' dir='ltr'><strong>el</strong></span> <span class='ocrx_word' id='word_1_84' title='bbox 1141 1422 1196 1466; x_wconf 86' lang='lat' dir='ltr'><strong>nos</strong></span> <span class='ocrx_word' id='word_1_85' title='bbox 1219 1407 1297 1466; x_wconf 87' lang='lat' dir='ltr'><strong>scire</strong></span> <span class='ocrx_word' id='word_1_86' title='bbox 1321 1421 1472 1483; x_wconf 74' lang='lat' dir='ltr'><strong>negemus.</strong></span> <span class='ocrx_word' id='word_1_87' title='bbox 1743 1419 1762 1454; x_wconf 82' lang='lat' dir='ltr'><strong>n</strong></span> 
     </span>
     <span class='ocr_line' id='line_1_12' title="bbox 529 1504 1729 1600; baseline -0.021 -13"><span class='ocrx_word' id='word_1_88' title='bbox 529 1529 608 1587; x_wconf 70' lang='lat' dir='ltr'><strong>mine</strong></span> <span class='ocrx_word' id='word_1_89' title='bbox 631 1514 764 1600; x_wconf 67' lang='lat' dir='ltr'><strong>pumen</strong></span> <span class='ocrx_word' id='word_1_90' title='bbox 787 1519 816 1572; x_wconf 87' lang='lat' dir='ltr'><strong>et</strong></span> <span class='ocrx_word' id='word_1_91' title='bbox 838 1509 1012 1589; x_wconf 86' lang='lat' dir='ltr'><strong>promittere</strong></span> <span class='ocrx_word' id='word_1_92' title='bbox 1035 1505 1092 1566; x_wconf 92' lang='lat' dir='ltr'><strong>hoc</strong></span> <span class='ocrx_word' id='word_1_93' title='bbox 1106 1507 1247 1577; x_wconf 88' lang='lat' dir='ltr'><strong>interest,</strong></span> <span class='ocrx_word' id='word_1_94' title='bbox 1270 1505 1349 1584; x_wconf 88' lang='lat' dir='ltr'><strong>quod</strong></span> <span class='ocrx_word' id='word_1_95' title='bbox 1366 1505 1542 1585; x_wconf 83' lang='lat' dir='ltr'><strong>pollicemur</strong></span> <span class='ocrx_word' id='word_1_96' title='bbox 1556 1504 1638 1574; x_wconf 87' lang='lat' dir='ltr'><strong>ultro,</strong></span> <span class='ocrx_word' id='word_1_97' title='bbox 1659 1523 1729 1582; x_wconf 93' lang='lat' dir='ltr'><strong>pro-</strong></span> 
     </span>
    </p>
   </div>
   <div class='ocr_carea' id='block_1_5' title="bbox 452 1619 1729 1790">
    <p class='ocr_par' dir='ltr' id='par_1_9' title="bbox 452 1619 1729 1790">
     <span class='ocr_line' id='line_1_13' title="bbox 452 1619 714 1702; baseline -0.057 -8"><span class='ocrx_word' id='word_1_98' title='bbox 452 1645 590 1694; x_wconf 70' lang='lat' dir='ltr'><strong>mimmm</strong></span> <span class='ocrx_word' id='word_1_99' title='bbox 609 1619 714 1702; x_wconf 56' lang='lat' dir='ltr'><strong>munii.</strong></span> 
     </span>
     <span class='ocr_line' id='line_1_14' title="bbox 527 1708 1729 1790; baseline -0.02 -1"><span class='ocrx_word' id='word_1_100' title='bbox 527 1729 606 1790; x_wconf 67' lang='lat' dir='ltr'><strong>unior</strong></span> <span class='ocrx_word' id='word_1_101' title='bbox 628 1717 741 1784; x_wconf 82' lang='lat' dir='ltr'><strong>nullutn</strong></span> <span class='ocrx_word' id='word_1_102' title='bbox 764 1723 793 1774; x_wconf 86' lang='lat' dir='ltr'><strong>et</strong></span> <span class='ocrx_word' id='word_1_103' title='bbox 815 1713 966 1772; x_wconf 87' lang='lat' dir='ltr'><strong>neminem</strong></span> <span class='ocrx_word' id='word_1_104' title='bbox 989 1708 1045 1770; x_wconf 84' lang='lat' dir='ltr'><strong>lioc</strong></span> <span class='ocrx_word' id='word_1_105' title='bbox 1066 1711 1206 1779; x_wconf 84' lang='lat' dir='ltr'><strong>interest.</strong></span> <span class='ocrx_word' id='word_1_106' title='bbox 1230 1709 1309 1790; x_wconf 85' lang='lat' dir='ltr'><strong>quod</strong></span> <span class='ocrx_word' id='word_1_107' title='bbox 1325 1708 1424 1771; x_wconf 86' lang='lat' dir='ltr'><strong>nulius</strong></span> <span class='ocrx_word' id='word_1_108' title='bbox 1447 1710 1483 1770; x_wconf 80' lang='lat' dir='ltr'><strong>eil</strong></span> <span class='ocrx_word' id='word_1_109' title='bbox 1508 1712 1639 1770; x_wconf 85' lang='lat' dir='ltr'><strong>uniuerso</strong></span> <span class='ocrx_word' id='word_1_110' title='bbox 1665 1717 1729 1786; x_wconf 90' lang='lat' dir='ltr'><strong>pot·</strong></span> 
     </span>
    </p>
   </div>
   <div class='ocr_carea' id='block_1_6' title="bbox 436 1810 1759 2810">
    <p class='ocr_par' dir='ltr' id='par_1_10' title="bbox 436 1810 1759 2810">
     <span class='ocr_line' id='line_1_15' title="bbox 440 1810 1510 1896; baseline -0.018 -6"><span class='ocrx_word' id='word_1_111' title='bbox 440 1847 485 1896; x_wconf 63' lang='lat' dir='ltr'><strong>usi</strong></span> <span class='ocrx_word' id='word_1_112' title='bbox 508 1825 632 1890; x_wconf 69' lang='lat' dir='ltr'><strong>reterri.</strong></span> <span class='ocrx_word' id='word_1_113' title='bbox 654 1837 743 1884; x_wconf 75' lang='lat' dir='ltr'><strong>mino</strong></span> <span class='ocrx_word' id='word_1_114' title='bbox 765 1813 801 1876; x_wconf 83' lang='lat' dir='ltr'><strong>ed</strong></span> <span class='ocrx_word' id='word_1_115' title='bbox 822 1813 974 1874; x_wconf 86' lang='lat' dir='ltr'><strong>hominem</strong></span> <span class='ocrx_word' id='word_1_116' title='bbox 996 1819 1027 1872; x_wconf 87' lang='lat' dir='ltr'><strong>et</strong></span> <span class='ocrx_word' id='word_1_117' title='bbox 1049 1819 1093 1873; x_wconf 83' lang='lat' dir='ltr'><strong>eet</strong></span> <span class='ocrx_word' id='word_1_118' title='bbox 1116 1829 1204 1872; x_wconf 88' lang='lat' dir='ltr'><strong>nemo</strong></span> <span class='ocrx_word' id='word_1_119' title='bbox 1227 1813 1312 1890; x_wconf 81' lang='lat' dir='ltr'>quasi</span> <span class='ocrx_word' id='word_1_120' title='bbox 1334 1829 1389 1872; x_wconf 85' lang='lat' dir='ltr'><strong>nee</strong></span> <span class='ocrx_word' id='word_1_121' title='bbox 1412 1810 1510 1872; x_wconf 91' lang='lat' dir='ltr'><strong>homo.</strong></span> 
     </span>
     <span class='ocr_line' id='line_1_16' title="bbox 525 1911 1759 1992; baseline -0.015 -4"><span class='ocrx_word' id='word_1_122' title='bbox 525 1931 605 1992; x_wconf 74' lang='lat' dir='ltr'><strong>iliter</strong></span> <span class='ocrx_word' id='word_1_123' title='bbox 628 1925 709 1986; x_wconf 81' lang='lat' dir='ltr'><strong>intus</strong></span> <span class='ocrx_word' id='word_1_124' title='bbox 731 1925 761 1978; x_wconf 89' lang='lat' dir='ltr'><strong>et</strong></span> <span class='ocrx_word' id='word_1_125' title='bbox 783 1917 861 1976; x_wconf 88' lang='lat' dir='ltr'><strong>iutro</strong></span> <span class='ocrx_word' id='word_1_126' title='bbox 884 1912 941 1974; x_wconf 89' lang='lat' dir='ltr'><strong>hoc</strong></span> <span class='ocrx_word' id='word_1_127' title='bbox 962 1914 1102 1982; x_wconf 86' lang='lat' dir='ltr'><strong>interest,</strong></span> <span class='ocrx_word' id='word_1_128' title='bbox 1127 1911 1205 1990; x_wconf 86' lang='lat' dir='ltr'><strong>quod</strong></span> <span class='ocrx_word' id='word_1_129' title='bbox 1227 1915 1306 1974; x_wconf 91' lang='lat' dir='ltr'><strong>intro</strong></span> <span class='ocrx_word' id='word_1_130' title='bbox 1330 1932 1381 1982; x_wconf 90' lang='lat' dir='ltr'><strong>eo,</strong></span> <span class='ocrx_word' id='word_1_131' title='bbox 1404 1915 1484 1973; x_wconf 88' lang='lat' dir='ltr'><strong>intus</strong></span> <span class='ocrx_word' id='word_1_132' title='bbox 1507 1930 1581 1972; x_wconf 90' lang='lat' dir='ltr'><strong>sum.</strong></span> <span class='ocrx_word' id='word_1_133' title='bbox 1741 1925 1759 1960; x_wconf 81' lang='lat' dir='ltr'><strong>n</strong></span> 
     </span>
     <span class='ocr_line' id='line_1_17' title="bbox 525 2013 1606 2094; baseline -0.011 -6"><span class='ocrx_word' id='word_1_134' title='bbox 525 2031 603 2094; x_wconf 79' lang='lat' dir='ltr'><strong>mter</strong></span> <span class='ocrx_word' id='word_1_135' title='bbox 625 2027 705 2086; x_wconf 87' lang='lat' dir='ltr'><strong>iuius</strong></span> <span class='ocrx_word' id='word_1_136' title='bbox 728 2027 757 2080; x_wconf 89' lang='lat' dir='ltr'><strong>et</strong></span> <span class='ocrx_word' id='word_1_137' title='bbox 779 2016 860 2078; x_wconf 81' lang='lat' dir='ltr'><strong>iores</strong></span> <span class='ocrx_word' id='word_1_138' title='bbox 882 2013 940 2074; x_wconf 87' lang='lat' dir='ltr'><strong>hoo</strong></span> <span class='ocrx_word' id='word_1_139' title='bbox 962 2015 1102 2085; x_wconf 86' lang='lat' dir='ltr'><strong>interest,</strong></span> <span class='ocrx_word' id='word_1_140' title='bbox 1126 2013 1205 2094; x_wconf 86' lang='lat' dir='ltr'><strong>qnod</strong></span> <span class='ocrx_word' id='word_1_141' title='bbox 1227 2015 1308 2074; x_wconf 90' lang='lat' dir='ltr'><strong>imus</strong></span> <span class='ocrx_word' id='word_1_142' title='bbox 1330 2019 1435 2084; x_wconf 89' lang='lat' dir='ltr'><strong>uenio,</strong></span> <span class='ocrx_word' id='word_1_143' title='bbox 1458 2014 1540 2075; x_wconf 84' lang='lat' dir='ltr'><strong>iores</strong></span> <span class='ocrx_word' id='word_1_144' title='bbox 1563 2033 1606 2076; x_wconf 90' lang='lat' dir='ltr'><strong>eo.</strong></span> 
     </span>
     <span class='ocr_line' id='line_1_18' title="bbox 524 2113 1726 2200; baseline -0.017 -8"><span class='ocrx_word' id='word_1_145' title='bbox 524 2131 605 2196; x_wconf 82' lang='lat' dir='ltr'><strong>luter</strong></span> <span class='ocrx_word' id='word_1_146' title='bbox 626 2125 719 2188; x_wconf 80' lang='lat' dir='ltr'><strong>lustro</strong></span> <span class='ocrx_word' id='word_1_147' title='bbox 741 2116 906 2200; x_wconf 84' lang='lat' dir='ltr'><strong>productae</strong></span> <span class='ocrx_word' id='word_1_148' title='bbox 929 2121 959 2173; x_wconf 90' lang='lat' dir='ltr'><strong>et</strong></span> <span class='ocrx_word' id='word_1_149' title='bbox 980 2113 1071 2175; x_wconf 81' lang='lat' dir='ltr'><strong>lustra</strong></span> <span class='ocrx_word' id='word_1_150' title='bbox 1094 2123 1252 2196; x_wconf 75' lang='lat' dir='ltr'><strong>correptae</strong></span> <span class='ocrx_word' id='word_1_151' title='bbox 1280 2116 1337 2176; x_wconf 86' lang='lat' dir='ltr'><strong>lroc</strong></span> <span class='ocrx_word' id='word_1_152' title='bbox 1363 2116 1502 2186; x_wconf 86' lang='lat' dir='ltr'><strong>interest,</strong></span> <span class='ocrx_word' id='word_1_153' title='bbox 1532 2115 1608 2196; x_wconf 89' lang='lat' dir='ltr'><strong>qnod</strong></span> <span class='ocrx_word' id='word_1_154' title='bbox 1635 2114 1726 2175; x_wconf 78' lang='lat' dir='ltr'><strong>lustra</strong></span> 
     </span>
     <span class='ocr_line' id='line_1_19' title="bbox 437 2213 1664 2304; baseline -0.015 -9"><span class='ocrx_word' id='word_1_155' title='bbox 437 2239 611 2303; x_wconf 69' lang='lat' dir='ltr'><strong>succerio</strong></span> <span class='ocrx_word' id='word_1_156' title='bbox 634 2233 785 2304; x_wconf 83' lang='lat' dir='ltr'><strong>temporo,</strong></span> <span class='ocrx_word' id='word_1_157' title='bbox 809 2216 901 2279; x_wconf 82' lang='lat' dir='ltr'><strong>lustra</strong></span> <span class='ocrx_word' id='word_1_158' title='bbox 924 2213 1046 2276; x_wconf 80' lang='lat' dir='ltr'><strong>latibula</strong></span> <span class='ocrx_word' id='word_1_159' title='bbox 1069 2215 1117 2276; x_wconf 90' lang='lat' dir='ltr'><strong>nel</strong></span> <span class='ocrx_word' id='word_1_160' title='bbox 1141 2219 1272 2296; x_wconf 88' lang='lat' dir='ltr'><strong>turpium</strong></span> <span class='ocrx_word' id='word_1_161' title='bbox 1295 2216 1449 2277; x_wconf 91' lang='lat' dir='ltr'><strong>homiuum</strong></span> <span class='ocrx_word' id='word_1_162' title='bbox 1470 2217 1664 2297; x_wconf 78' lang='lat' dir='ltr'><strong>receptacula.</strong></span> 
     </span>
     <span class='ocr_line' id='line_1_20' title="bbox 523 2315 1727 2399; baseline -0.018 -3"><span class='ocrx_word' id='word_1_163' title='bbox 523 2335 605 2398; x_wconf 84' lang='lat' dir='ltr'><strong>luter</strong></span> <span class='ocrx_word' id='word_1_164' title='bbox 627 2323 784 2388; x_wconf 84' lang='lat' dir='ltr'><strong>seruitium</strong></span> <span class='ocrx_word' id='word_1_165' title='bbox 808 2327 837 2380; x_wconf 90' lang='lat' dir='ltr'><strong>et</strong></span> <span class='ocrx_word' id='word_1_166' title='bbox 859 2317 1033 2378; x_wconf 87' lang='lat' dir='ltr'><strong>seruitutem</strong></span> <span class='ocrx_word' id='word_1_167' title='bbox 1056 2315 1113 2378; x_wconf 90' lang='lat' dir='ltr'><strong>hoc</strong></span> <span class='ocrx_word' id='word_1_168' title='bbox 1141 2320 1280 2388; x_wconf 83' lang='lat' dir='ltr'><strong>interest,</strong></span> <span class='ocrx_word' id='word_1_169' title='bbox 1310 2318 1388 2399; x_wconf 89' lang='lat' dir='ltr'><strong>qnod</strong></span> <span class='ocrx_word' id='word_1_170' title='bbox 1416 2319 1547 2380; x_wconf 89' lang='lat' dir='ltr'><strong>seruitus</strong></span> <span class='ocrx_word' id='word_1_171' title='bbox 1574 2318 1727 2378; x_wconf 73' lang='lat' dir='ltr'><strong>necessitas</strong></span> 
     </span>
     <span class='ocr_line' id='line_1_21' title="bbox 436 2418 1755 2506; baseline -0.014 -6"><span class='ocrx_word' id='word_1_172' title='bbox 436 2431 606 2506; x_wconf 77' lang='lat' dir='ltr'><strong>seruicmll.</strong></span> <span class='ocrx_word' id='word_1_173' title='bbox 629 2425 786 2490; x_wconf 82' lang='lat' dir='ltr'><strong>serititinm</strong></span> <span class='ocrx_word' id='word_1_174' title='bbox 810 2418 935 2480; x_wconf 80' lang='lat' dir='ltr'>dicimus</span> <span class='ocrx_word' id='word_1_175' title='bbox 957 2436 1113 2479; x_wconf 91' lang='lat' dir='ltr'><strong>numerum</strong></span> <span class='ocrx_word' id='word_1_176' title='bbox 1137 2437 1293 2480; x_wconf 88' lang='lat' dir='ltr'><strong>seruorum</strong></span> <span class='ocrx_word' id='word_1_177' title='bbox 1317 2419 1394 2480; x_wconf 90' lang='lat' dir='ltr'><strong>idest</strong></span> <span class='ocrx_word' id='word_1_178' title='bbox 1415 2418 1641 2481; x_wconf 75' lang='lat' dir='ltr'>multitudinem.</span> <span class='ocrx_word' id='word_1_179' title='bbox 1735 2435 1755 2469; x_wconf 65' lang='lat' dir='ltr'><strong>eo</strong></span> 
     </span>
     <span class='ocr_line' id='line_1_22' title="bbox 524 2520 1723 2610; baseline -0.018 -12"><span class='ocrx_word' id='word_1_180' title='bbox 524 2537 606 2598; x_wconf 81' lang='lat' dir='ltr'><strong>luter</strong></span> <span class='ocrx_word' id='word_1_181' title='bbox 628 2527 789 2594; x_wconf 80' lang='lat' dir='ltr'><strong>terminum</strong></span> <span class='ocrx_word' id='word_1_182' title='bbox 812 2527 843 2580; x_wconf 88' lang='lat' dir='ltr'><strong>ei</strong></span> <span class='ocrx_word' id='word_1_183' title='bbox 864 2520 1033 2610; x_wconf 84' lang='lat' dir='ltr'><strong>linemiroe</strong></span> <span class='ocrx_word' id='word_1_184' title='bbox 1047 2521 1188 2591; x_wconf 86' lang='lat' dir='ltr'><strong>interest,</strong></span> <span class='ocrx_word' id='word_1_185' title='bbox 1211 2520 1292 2602; x_wconf 87' lang='lat' dir='ltr'><strong>quod</strong></span> <span class='ocrx_word' id='word_1_186' title='bbox 1315 2522 1459 2582; x_wconf 89' lang='lat' dir='ltr'><strong>terminus</strong></span> <span class='ocrx_word' id='word_1_187' title='bbox 1481 2540 1540 2582; x_wconf 90' lang='lat' dir='ltr'><strong>non</strong></span> <span class='ocrx_word' id='word_1_188' title='bbox 1564 2523 1620 2582; x_wconf 93' lang='lat' dir='ltr'><strong>uisi</strong></span> <span class='ocrx_word' id='word_1_189' title='bbox 1640 2539 1723 2581; x_wconf 87' lang='lat' dir='ltr'><strong>mmm</strong></span> 
     </span>
     <span class='ocr_line' id='line_1_23' title="bbox 438 2621 1723 2726; baseline -0.016 -24"><span class='ocrx_word' id='word_1_190' title='bbox 438 2641 567 2726; x_wconf 63' lang='lat' dir='ltr'><strong>punitur.</strong></span> <span class='ocrx_word' id='word_1_191' title='bbox 585 2631 651 2694; x_wconf 80' lang='lat' dir='ltr'><strong>linis</strong></span> <span class='ocrx_word' id='word_1_192' title='bbox 667 2625 714 2688; x_wconf 89' lang='lat' dir='ltr'><strong>uel</strong></span> <span class='ocrx_word' id='word_1_193' title='bbox 730 2623 878 2684; x_wconf 83' lang='lat' dir='ltr'><strong>sermonis</strong></span> <span class='ocrx_word' id='word_1_194' title='bbox 892 2622 940 2682; x_wconf 90' lang='lat' dir='ltr'><strong>uel</strong></span> <span class='ocrx_word' id='word_1_195' title='bbox 957 2621 1115 2683; x_wconf 81' lang='lat' dir='ltr'><strong>uoluntatis</strong></span> <span class='ocrx_word' id='word_1_196' title='bbox 1130 2621 1178 2683; x_wconf 92' lang='lat' dir='ltr'><strong>uel</strong></span> <span class='ocrx_word' id='word_1_197' title='bbox 1193 2625 1408 2702; x_wconf 82' lang='lat' dir='ltr'><strong>cuiuscumque</strong></span> <span class='ocrx_word' id='word_1_198' title='bbox 1423 2625 1467 2683; x_wconf 91' lang='lat' dir='ltr'><strong>rei</strong></span> <span class='ocrx_word' id='word_1_199' title='bbox 1482 2621 1612 2700; x_wconf 80' lang='lat' dir='ltr'><strong>intellegi</strong></span> <span class='ocrx_word' id='word_1_200' title='bbox 1625 2631 1723 2701; x_wconf 86' lang='lat' dir='ltr'><strong>potest.</strong></span> 
     </span>
     <span class='ocr_line' id='line_1_24' title="bbox 522 2722 1721 2810; baseline -0.018 -10"><span class='ocrx_word' id='word_1_201' title='bbox 522 2737 602 2800; x_wconf 86' lang='lat' dir='ltr'><strong>lutor</strong></span> <span class='ocrx_word' id='word_1_202' title='bbox 624 2745 763 2810; x_wconf 76' lang='lat' dir='ltr'><strong>asperum</strong></span> <span class='ocrx_word' id='word_1_203' title='bbox 788 2734 817 2784; x_wconf 84' lang='lat' dir='ltr'><strong>ei</strong></span> <span class='ocrx_word' id='word_1_204' title='bbox 838 2725 968 2784; x_wconf 90' lang='lat' dir='ltr'><strong>ierocem</strong></span> <span class='ocrx_word' id='word_1_205' title='bbox 993 2722 1048 2784; x_wconf 83' lang='lat' dir='ltr'><strong>lroc</strong></span> <span class='ocrx_word' id='word_1_206' title='bbox 1070 2725 1207 2794; x_wconf 83' lang='lat' dir='ltr'><strong>interest,</strong></span> <span class='ocrx_word' id='word_1_207' title='bbox 1232 2723 1310 2802; x_wconf 79' lang='lat' dir='ltr'><strong>quoii</strong></span> <span class='ocrx_word' id='word_1_208' title='bbox 1333 2725 1417 2784; x_wconf 81' lang='lat' dir='ltr'><strong>ierox</strong></span> <span class='ocrx_word' id='word_1_209' title='bbox 1441 2733 1561 2794; x_wconf 84' lang='lat' dir='ltr'><strong>nutura,</strong></span> <span class='ocrx_word' id='word_1_210' title='bbox 1584 2743 1669 2804; x_wconf 88' lang='lat' dir='ltr'><strong>esper</strong></span> <span class='ocrx_word' id='word_1_211' title='bbox 1690 2725 1721 2780; x_wconf 80' lang='lat' dir='ltr'><strong>eil</strong></span> 
     </span>
    </p>
   </div>
   <div class='ocr_carea' id='block_1_7' title="bbox 435 2855 562 2924">
    <p class='ocr_par' dir='ltr' id='par_1_11' title="bbox 435 2855 562 2924">
     <span class='ocr_line' id='line_1_25' title="bbox 435 2855 562 2924; baseline -0.087 -13"><span class='ocrx_word' id='word_1_212' title='bbox 435 2855 562 2924; x_wconf 75' lang='lat' dir='ltr'><strong>tenipus</strong></span> 
     </span>
    </p>
   </div>
   <div class='ocr_carea' id='block_1_8' title="bbox 433 3043 1719 3736">
    <p class='ocr_par' dir='ltr' id='par_1_12' title="bbox 433 3043 1719 3736">
     <span class='ocr_line' id='line_1_26' title="bbox 506 3043 1719 3118; baseline -0.015 -8"><span class='ocrx_word' id='word_1_213' title='bbox 506 3057 596 3110; x_wconf 81' lang='lat' dir='ltr'><strong>linter</strong></span> <span class='ocrx_word' id='word_1_214' title='bbox 609 3047 760 3118; x_wconf 88' lang='lat' dir='ltr'><strong>principium</strong></span> <span class='ocrx_word' id='word_1_215' title='bbox 773 3053 798 3094; x_wconf 89' lang='lat' dir='ltr'><strong>et</strong></span> <span class='ocrx_word' id='word_1_216' title='bbox 809 3043 908 3094; x_wconf 88' lang='lat' dir='ltr'><strong>initium</strong></span> <span class='ocrx_word' id='word_1_217' title='bbox 917 3043 958 3094; x_wconf 91' lang='grc' dir='ltr'><strong>ΒΟ</strong></span> <span class='ocrx_word' id='word_1_218' title='bbox 992 3045 1161 3110; x_wconf 76' lang='grc' dir='ltr'><strong>ρτίοἰρὶιιιηΑ</strong></span> <span class='ocrx_word' id='word_1_219' title='bbox 1195 3045 1348 3112; x_wconf 87' lang='lat' dir='ltr'><strong>principium</strong></span> <span class='ocrx_word' id='word_1_220' title='bbox 1359 3047 1443 3111; x_wconf 84' lang='lat' dir='ltr'><strong>operis</strong></span> <span class='ocrx_word' id='word_1_221' title='bbox 1455 3045 1539 3111; x_wconf 79' lang='lat' dir='ltr'><strong>capud</strong></span> <span class='ocrx_word' id='word_1_222' title='bbox 1550 3045 1646 3096; x_wconf 84' lang='lat' dir='ltr'><strong>initium</strong></span> <span class='ocrx_word' id='word_1_223' title='bbox 1657 3045 1719 3094; x_wconf 69' lang='lat' dir='ltr'><strong>esti</strong></span> 
     </span>
     <span class='ocr_line' id='line_1_27' title="bbox 435 3111 1719 3200; baseline -0.016 -20"><span class='ocrx_word' id='word_1_224' title='bbox 435 3125 590 3200; x_wconf 72' lang='lat' dir='ltr'><strong>prinicipium</strong></span> <span class='ocrx_word' id='word_1_225' title='bbox 602 3117 679 3168; x_wconf 85' lang='lat' dir='ltr'><strong>totino</strong></span> <span class='ocrx_word' id='word_1_226' title='bbox 692 3113 808 3178; x_wconf 82' lang='lat' dir='ltr'><strong>corporis</strong></span> <span class='ocrx_word' id='word_1_227' title='bbox 821 3113 920 3162; x_wconf 81' lang='lat' dir='ltr'><strong>initium</strong></span> <span class='ocrx_word' id='word_1_228' title='bbox 932 3113 969 3161; x_wconf 90' lang='lat' dir='ltr'><strong>rei</strong></span> <span class='ocrx_word' id='word_1_229' title='bbox 982 3123 1021 3162; x_wconf 87' lang='lat' dir='ltr'><strong>est</strong></span> <span class='ocrx_word' id='word_1_230' title='bbox 1031 3112 1049 3160; x_wconf 90' lang='grc' dir='ltr'><strong>Β</strong></span> <span class='ocrx_word' id='word_1_231' title='bbox 1060 3113 1136 3175; x_wconf 81' lang='lat' dir='ltr'><strong>[idem</strong></span> <span class='ocrx_word' id='word_1_232' title='bbox 1145 3129 1191 3164; x_wconf 86' lang='lat' dir='ltr'><strong>om.</strong></span> <span class='ocrx_word' id='word_1_233' title='bbox 1205 3124 1245 3162; x_wconf 84' lang='lat' dir='ltr'><strong>est</strong></span> <span class='ocrx_word' id='word_1_234' title='bbox 1254 3111 1285 3175; x_wconf 84' lang='lat' dir='ltr'><strong>C)</strong></span> <span class='ocrx_word' id='word_1_235' title='bbox 1296 3113 1449 3180; x_wconf 87' lang='lat' dir='ltr'><strong>principium</strong></span> <span class='ocrx_word' id='word_1_236' title='bbox 1462 3115 1541 3163; x_wconf 82' lang='lat' dir='ltr'><strong>totius</strong></span> <span class='ocrx_word' id='word_1_237' title='bbox 1553 3115 1668 3180; x_wconf 82' lang='lat' dir='ltr'><strong>corporis</strong></span> <span class='ocrx_word' id='word_1_238' title='bbox 1677 3125 1719 3172; x_wconf 76' lang='lat' dir='ltr'><strong>esi,</strong></span> 
     </span>
     <span class='ocr_line' id='line_1_28' title="bbox 434 3179 1691 3254; baseline -0.012 -9"><span class='ocrx_word' id='word_1_239' title='bbox 434 3199 535 3249; x_wconf 85' lang='lat' dir='ltr'><strong>iutuuui</strong></span> <span class='ocrx_word' id='word_1_240' title='bbox 554 3185 628 3254; x_wconf 77' lang='lat' dir='ltr'><strong>‹puuel</strong></span> <span class='ocrx_word' id='word_1_241' title='bbox 646 3183 756 3250; x_wconf 81' lang='lat' dir='ltr'><strong>primum</strong></span> <span class='ocrx_word' id='word_1_242' title='bbox 776 3179 947 3254; x_wconf 59' lang='lat' dir='ltr'><strong>{iotiosredue</strong></span> <span class='ocrx_word' id='word_1_243' title='bbox 962 3197 990 3245; x_wconf 89' lang='lat' dir='ltr'><strong>p.</strong></span> <span class='ocrx_word' id='word_1_244' title='bbox 1010 3182 1046 3230; x_wconf 83' lang='grc'><strong>93</strong></span> <span class='ocrx_word' id='word_1_245' title='bbox 1117 3183 1133 3230; x_wconf 80' lang='lat'>2</span> <span class='ocrx_word' id='word_1_246' title='bbox 1151 3181 1221 3243; x_wconf 91' lang='lat' dir='ltr'><strong>quod</strong></span> <span class='ocrx_word' id='word_1_247' title='bbox 1238 3181 1395 3244; x_wconf 77' lang='lat' dir='ltr'><strong>frequentius</strong></span> <span class='ocrx_word' id='word_1_248' title='bbox 1412 3207 1446 3217; x_wconf 87' lang='lat'>—</span> <span class='ocrx_word' id='word_1_249' title='bbox 1464 3181 1576 3231; x_wconf 76' lang='lat' dir='ltr'><strong>hebenus</strong></span> <span class='ocrx_word' id='word_1_250' title='bbox 1594 3198 1640 3236; x_wconf 77' lang='lat' dir='ltr'><strong>om.</strong></span> <span class='ocrx_word' id='word_1_251' title='bbox 1654 3181 1691 3230; x_wconf 85' lang='grc' dir='ltr'><strong>ΒΟ</strong></span> 
     </span>
     <span class='ocr_line' id='line_1_29' title="bbox 434 3245 1718 3330; baseline -0.016 -14"><span class='ocrx_word' id='word_1_252' title='bbox 434 3259 577 3330; x_wconf 66' lang='lat' dir='ltr'><strong>euripicen</strong></span> <span class='ocrx_word' id='word_1_253' title='bbox 629 3249 885 3314; x_wconf 84' lang='lat' dir='ltr'><strong>liquotiesemotet</strong></span> <span class='ocrx_word' id='word_1_254' title='bbox 916 3249 1291 3298; x_wconf 75' lang='lat' dir='ltr'><strong>ersormmiuelternmremn</strong></span> <span class='ocrx_word' id='word_1_255' title='bbox 1343 3250 1609 3315; x_wconf 74' lang='lat' dir='ltr'><strong>liuiciumsepiusA</strong></span> <span class='ocrx_word' id='word_1_256' title='bbox 1643 3245 1718 3312; x_wconf 74' lang='lat' dir='ltr'><strong>nerine]</strong></span> 
     </span>
     <span class='ocr_line' id='line_1_30' title="bbox 438 3311 1719 3396; baseline -0.009 -21"><span class='ocrx_word' id='word_1_257' title='bbox 438 3333 517 3396; x_wconf 60' lang='lat' dir='ltr'><strong>reip,</strong></span> <span class='ocrx_word' id='word_1_258' title='bbox 537 3325 601 3376; x_wconf 71' lang='lat' dir='ltr'><strong>Aen.</strong></span> <span class='ocrx_word' id='word_1_259' title='bbox 620 3319 669 3370; x_wconf 88' lang='lat' dir='ltr'><strong>ll</strong></span> <span class='ocrx_word' id='word_1_260' title='bbox 738 3311 856 3379; x_wconf 70' lang='lat' dir='ltr'><strong>illusa]</strong></span> <span class='ocrx_word' id='word_1_261' title='bbox 904 3331 956 3380; x_wconf 85' lang='lat' dir='ltr'><strong>erp.</strong></span> <span class='ocrx_word' id='word_1_262' title='bbox 969 3316 1038 3366; x_wconf 82' lang='lat' dir='ltr'><strong>Aen.</strong></span> <span class='ocrx_word' id='word_1_263' title='bbox 1056 3317 1107 3367; x_wconf 82' lang='lat' dir='ltr'><strong>le</strong></span> <span class='ocrx_word' id='word_1_264' title='bbox 1158 3327 1281 3379; x_wconf 79' lang='lat' dir='ltr'><strong>qnantum</strong></span> <span class='ocrx_word' id='word_1_265' title='bbox 1299 3318 1380 3366; x_wconf 73' lang='lat' dir='ltr'><strong>suin</strong></span> <span class='ocrx_word' id='word_1_266' title='bbox 1450 3320 1510 3367; x_wconf 79' lang='lat' dir='ltr'><strong>lint</strong></span> <span class='ocrx_word' id='word_1_267' title='bbox 1527 3321 1616 3382; x_wconf 79' lang='lat' dir='ltr'><strong>regins</strong></span> <span class='ocrx_word' id='word_1_268' title='bbox 1633 3333 1719 3382; x_wconf 78' lang='lat' dir='ltr'><strong>groun-</strong></span> 
     </span>
     <span class='ocr_line' id='line_1_31' title="bbox 434 3380 1717 3464; baseline -0.016 -12"><span class='ocrx_word' id='word_1_269' title='bbox 434 3413 490 3452; x_wconf 86' lang='lat' dir='ltr'><strong>rum</strong></span> <span class='ocrx_word' id='word_1_270' title='bbox 509 3403 534 3448; x_wconf 85' lang='lat' dir='ltr'><strong>et</strong></span> <span class='ocrx_word' id='word_1_271' title='bbox 551 3391 588 3442; x_wconf 77' lang='lat' dir='ltr'><strong>eiu</strong></span> <span class='ocrx_word' id='word_1_272' title='bbox 607 3391 627 3438; x_wconf 85' lang='grc' dir='ltr'><strong>Α</strong></span> <span class='ocrx_word' id='word_1_273' title='bbox 681 3387 714 3464; x_wconf 76' lang='grc' dir='ltr'><strong>ΑιΙ</strong></span> <span class='ocrx_word' id='word_1_274' title='bbox 730 3380 832 3462; x_wconf 70' lang='lat' dir='ltr'><strong>regius]</strong></span> <span class='ocrx_word' id='word_1_275' title='bbox 856 3382 934 3448; x_wconf 84' lang='lat' dir='ltr'><strong>Verp.</strong></span> <span class='ocrx_word' id='word_1_276' title='bbox 954 3383 1019 3434; x_wconf 82' lang='lat' dir='ltr'><strong>Aen.</strong></span> <span class='ocrx_word' id='word_1_277' title='bbox 1038 3383 1084 3435; x_wconf 87' lang='lat' dir='ltr'><strong>IV</strong></span> <span class='ocrx_word' id='word_1_278' title='bbox 1101 3387 1116 3433; x_wconf 81' lang='lat' dir='ltr'><em>t</em></span> <span class='ocrx_word' id='word_1_279' title='bbox 1184 3386 1199 3435; x_wconf 88' lang='lat' dir='ltr'><strong>‘i</strong></span> <span class='ocrx_word' id='word_1_280' title='bbox 1219 3383 1262 3435; x_wconf 83' lang='lat' dir='ltr'><strong>Sic</strong></span> <span class='ocrx_word' id='word_1_281' title='bbox 1279 3381 1358 3450; x_wconf 80' lang='lat' dir='ltr'><strong>intur]</strong></span> <span class='ocrx_word' id='word_1_282' title='bbox 1382 3386 1460 3450; x_wconf 85' lang='lat' dir='ltr'><strong>Verp.</strong></span> <span class='ocrx_word' id='word_1_283' title='bbox 1474 3386 1542 3438; x_wconf 82' lang='lat' dir='ltr'><strong>Aen.</strong></span> <span class='ocrx_word' id='word_1_284' title='bbox 1564 3384 1607 3434; x_wconf 91' lang='lat' dir='ltr'><strong>VI</strong></span> <span class='ocrx_word' id='word_1_285' title='bbox 1624 3389 1638 3434; x_wconf 83' lang='lat' dir='ltr'><strong>l</strong></span> <span class='ocrx_word' id='word_1_286' title='bbox 1655 3387 1717 3450; x_wconf 84' lang='lat' dir='ltr'><strong>priu-</strong></span> 
     </span>
     <span class='ocr_line' id='line_1_32' title="bbox 433 3453 1716 3534; baseline -0.004 -26"><span class='ocrx_word' id='word_1_287' title='bbox 433 3467 530 3534; x_wconf 72' lang='lat' dir='ltr'><strong>pipinin</strong></span> <span class='ocrx_word' id='word_1_288' title='bbox 548 3459 625 3510; x_wconf 76' lang='lat' dir='ltr'><strong>totiue</strong></span> <span class='ocrx_word' id='word_1_289' title='bbox 645 3467 743 3519; x_wconf 81' lang='lat' dir='ltr'><strong>opens,</strong></span> <span class='ocrx_word' id='word_1_290' title='bbox 762 3465 936 3513; x_wconf 81' lang='lat' dir='ltr'><strong>cuiuscunque</strong></span> <span class='ocrx_word' id='word_1_291' title='bbox 954 3467 1032 3501; x_wconf 90' lang='lat' dir='ltr'>uuum</span> <span class='ocrx_word' id='word_1_292' title='bbox 1051 3462 1103 3514; x_wconf 83' lang='lat' dir='ltr'><strong>est,</strong></span> <span class='ocrx_word' id='word_1_293' title='bbox 1122 3453 1196 3515; x_wconf 81' lang='lat' dir='ltr'><strong>quusi</strong></span> <span class='ocrx_word' id='word_1_294' title='bbox 1214 3453 1325 3518; x_wconf 88' lang='lat' dir='ltr'><strong>primum</strong></span> <span class='ocrx_word' id='word_1_295' title='bbox 1343 3453 1429 3518; x_wconf 82' lang='lat' dir='ltr'><strong>operis</strong></span> <span class='ocrx_word' id='word_1_296' title='bbox 1448 3463 1538 3518; x_wconf 81' lang='lat' dir='ltr'><strong>ceput,</strong></span> <span class='ocrx_word' id='word_1_297' title='bbox 1557 3453 1655 3502; x_wconf 87' lang='lat' dir='ltr'><strong>initium</strong></span> <span class='ocrx_word' id='word_1_298' title='bbox 1673 3463 1716 3503; x_wconf 75' lang='lat' dir='ltr'><strong>est</strong></span> 
     </span>
     <span class='ocr_line' id='line_1_33' title="bbox 434 3517 1716 3600; baseline -0.014 -16"><span class='ocrx_word' id='word_1_299' title='bbox 434 3531 502 3600; x_wconf 69' lang='lat' dir='ltr'><strong>epiterii</strong></span> <span class='ocrx_word' id='word_1_300' title='bbox 525 3523 681 3588; x_wconf 76' lang='lat' dir='ltr'><strong>iiuutmutiue</strong></span> <span class='ocrx_word' id='word_1_301' title='bbox 704 3517 868 3584; x_wconf 76' lang='lat' dir='ltr'><strong>intelligimus</strong></span> <span class='ocrx_word' id='word_1_302' title='bbox 887 3531 912 3568; x_wconf 86' lang='lat' dir='ltr'><strong>ec</strong></span> <span class='ocrx_word' id='word_1_303' title='bbox 929 3521 1003 3570; x_wconf 83' lang='lat' dir='ltr'><strong>toties</strong></span> <span class='ocrx_word' id='word_1_304' title='bbox 1027 3521 1180 3586; x_wconf 84' lang='lat' dir='ltr'><strong>accipimus,</strong></span> <span class='ocrx_word' id='word_1_305' title='bbox 1204 3521 1305 3584; x_wconf 81' lang='lat' dir='ltr'><strong>quoties</strong></span> <span class='ocrx_word' id='word_1_306' title='bbox 1327 3532 1372 3570; x_wconf 85' lang='lat' dir='ltr'><strong>eut</strong></span> <span class='ocrx_word' id='word_1_307' title='bbox 1393 3535 1505 3587; x_wconf 82' lang='lat' dir='ltr'><strong>persono</strong></span> <span class='ocrx_word' id='word_1_308' title='bbox 1522 3529 1634 3570; x_wconf 70' lang='lat' dir='ltr'><strong>mutetur</strong></span> <span class='ocrx_word' id='word_1_309' title='bbox 1650 3521 1716 3582; x_wconf 76' lang='lat' dir='ltr'><strong>qumi</strong></span> 
     </span>
     <span class='ocr_line' id='line_1_34' title="bbox 434 3585 1715 3654; baseline -0.013 -2"><span class='ocrx_word' id='word_1_310' title='bbox 434 3605 506 3652; x_wconf 82' lang='lat' dir='ltr'><strong>tulin</strong></span> <span class='ocrx_word' id='word_1_311' title='bbox 525 3595 549 3646; x_wconf 89' lang='lat' dir='ltr'><strong>in</strong></span> <span class='ocrx_word' id='word_1_312' title='bbox 568 3591 670 3642; x_wconf 74' lang='lat' dir='ltr'><strong>ultorum</strong></span> <span class='ocrx_word' id='word_1_313' title='bbox 689 3601 742 3636; x_wconf 85' lang='lat' dir='ltr'><strong>rem</strong></span> <span class='ocrx_word' id='word_1_314' title='bbox 760 3595 784 3636; x_wconf 85' lang='lat' dir='ltr'><strong>et</strong></span> <span class='ocrx_word' id='word_1_315' title='bbox 801 3585 955 3652; x_wconf 87' lang='lat' dir='ltr'><strong>principium</strong></span> <span class='ocrx_word' id='word_1_316' title='bbox 973 3587 1096 3636; x_wconf 87' lang='lat' dir='ltr'><strong>semei-</strong></span> <span class='ocrx_word' id='word_1_317' title='bbox 1108 3603 1199 3639; x_wconf 78' lang='lat' dir='ltr'><strong>mosee</strong></span> <span class='ocrx_word' id='word_1_318' title='bbox 1218 3603 1341 3643; x_wconf 84' lang='lat' dir='ltr'><strong>memore.</strong></span> <span class='ocrx_word' id='word_1_319' title='bbox 1370 3589 1536 3638; x_wconf 83' lang='lat' dir='ltr'><strong>inueniuntur</strong></span> <span class='ocrx_word' id='word_1_320' title='bbox 1553 3599 1636 3637; x_wconf 80' lang='lat' dir='ltr'><strong>tumen</strong></span> <span class='ocrx_word' id='word_1_321' title='bbox 1653 3589 1715 3654; x_wconf 89' lang='lat' dir='ltr'><strong>prin-</strong></span> 
     </span>
     <span class='ocr_line' id='line_1_35' title="bbox 434 3655 1714 3736; baseline -0.002 -30"><span class='ocrx_word' id='word_1_322' title='bbox 434 3667 501 3736; x_wconf 66' lang='lat' dir='ltr'><strong>pipin</strong></span> <span class='ocrx_word' id='word_1_323' title='bbox 519 3673 585 3726; x_wconf 63' lang='lat' dir='ltr'><strong>«pune</strong></span> <span class='ocrx_word' id='word_1_324' title='bbox 603 3668 692 3708; x_wconf 78' lang='lat' dir='ltr'><strong>irritum</strong></span> <span class='ocrx_word' id='word_1_325' title='bbox 710 3655 750 3704; x_wconf 84' lang='lat' dir='ltr'><strong>sni</strong></span> <span class='ocrx_word' id='word_1_326' title='bbox 768 3663 854 3703; x_wconf 75' lang='lat' dir='ltr'><strong>carent</strong></span> <span class='ocrx_word' id='word_1_327' title='bbox 872 3665 896 3702; x_wconf 85' lang='lat' dir='ltr'><strong>et</strong></span> <span class='ocrx_word' id='word_1_328' title='bbox 912 3657 998 3720; x_wconf 85' lang='lat' dir='ltr'><strong>specie</strong></span> <span class='ocrx_word' id='word_1_329' title='bbox 1015 3655 1088 3706; x_wconf 78' lang='lat' dir='ltr'><strong>initia</strong></span> <span class='ocrx_word' id='word_1_330' title='bbox 1105 3655 1200 3705; x_wconf 84' lang='lat' dir='ltr'><strong>hebent</strong></span> <span class='ocrx_word' id='word_1_331' title='bbox 1215 3665 1288 3706; x_wconf 89' lang='lat' dir='ltr'><strong>nt-</strong></span> <span class='ocrx_word' id='word_1_332' title='bbox 1306 3657 1418 3706; x_wconf 78' lang='lat' dir='ltr'><strong>hebenus</strong></span> <span class='ocrx_word' id='word_1_333' title='bbox 1438 3656 1611 3720; x_wconf 72' lang='lat' dir='ltr'><strong>Gothosndue</strong></span> <span class='ocrx_word' id='word_1_334' title='bbox 1625 3673 1652 3721; x_wconf 87' lang='lat' dir='ltr'><strong>p.</strong></span> <span class='ocrx_word' id='word_1_335' title='bbox 1664 3659 1714 3714; x_wconf 80' lang='grc'><em>109,</em></span> 
     </span>
    </p>
   </div>
   <div class='ocr_carea' id='block_1_9' title="bbox 431 3735 1770 4774">
    <p class='ocr_par' dir='ltr' id='par_1_13' title="bbox 431 3735 1770 4774">
     <span class='ocr_line' id='line_1_36' title="bbox 433 3735 1714 3836; baseline -0.012 -17"><span class='ocrx_word' id='word_1_336' title='bbox 433 3769 467 3832; x_wconf 66' lang='grc' dir='ltr'><strong>«γ’.</strong></span> <span class='ocrx_word' id='word_1_337' title='bbox 488 3761 563 3828; x_wconf 72' lang='lat' dir='ltr'><strong>lieiff.</strong></span> <span class='ocrx_word' id='word_1_338' title='bbox 581 3775 608 3826; x_wconf 81' lang='lat' dir='ltr'><strong>p.</strong></span> <span class='ocrx_word' id='word_1_339' title='bbox 627 3759 678 3836; x_wconf 55' lang='grc'><strong>279</strong></span> <span class='ocrx_word' id='word_1_340' title='bbox 746 3735 977 3836; x_wconf 39' lang='grc' dir='ltr'><strong>ι9,(1ἰιιὶῐιιῗ1υεεΑ</strong></span> <span class='ocrx_word' id='word_1_341' title='bbox 1029 3757 1179 3808; x_wconf 85' lang='lat' dir='ltr'><strong>simulemus</strong></span> <span class='ocrx_word' id='word_1_342' title='bbox 1198 3773 1264 3820; x_wconf 86' lang='lat' dir='ltr'><strong>quoe</strong></span> <span class='ocrx_word' id='word_1_343' title='bbox 1282 3755 1322 3807; x_wconf 85' lang='grc' dir='ltr'><strong>ΒΟ</strong></span> <span class='ocrx_word' id='word_1_344' title='bbox 1356 3759 1439 3820; x_wconf 78' lang='lat' dir='ltr'><strong>qneA</strong></span> <span class='ocrx_word' id='word_1_345' title='bbox 1511 3761 1543 3808; x_wconf 91' lang='lat'><strong>10</strong></span> <span class='ocrx_word' id='word_1_346' title='bbox 1556 3758 1678 3808; x_wconf 87' lang='lat' dir='ltr'><strong>nescimus</strong></span> <span class='ocrx_word' id='word_1_347' title='bbox 1694 3771 1714 3804; x_wconf 83' lang='lat' dir='ltr'>u</span> 
     </span>
     <span class='ocr_line' id='line_1_37' title="bbox 436 3823 1715 3900; baseline -0.009 -15"><span class='ocrx_word' id='word_1_348' title='bbox 436 3845 559 3900; x_wconf 76' lang='lat' dir='ltr'><strong>creperum</strong></span> <span class='ocrx_word' id='word_1_349' title='bbox 572 3841 618 3878; x_wconf 80' lang='lat' dir='ltr'><strong>uos</strong></span> <span class='ocrx_word' id='word_1_350' title='bbox 631 3837 708 3886; x_wconf 74' lang='lat' dir='ltr'><strong>scire,</strong></span> <span class='ocrx_word' id='word_1_351' title='bbox 727 3823 922 3874; x_wconf 77' lang='lat' dir='ltr'><strong>dissimulemus</strong></span> <span class='ocrx_word' id='word_1_352' title='bbox 934 3837 1000 3886; x_wconf 76' lang='lat' dir='ltr'><strong>quae</strong></span> <span class='ocrx_word' id='word_1_353' title='bbox 1011 3825 1107 3876; x_wconf 83' lang='lat' dir='ltr'><strong>seimus</strong></span> <span class='ocrx_word' id='word_1_354' title='bbox 1120 3823 1161 3874; x_wconf 97' lang='grc' dir='ltr'><strong>ΒΟ</strong></span> <span class='ocrx_word' id='word_1_355' title='bbox 1179 3833 1204 3876; x_wconf 84' lang='lat' dir='ltr'><strong>el</strong></span> <span class='ocrx_word' id='word_1_356' title='bbox 1217 3825 1389 3887; x_wconf 74' lang='lat' dir='ltr'><strong>Gotiufredue</strong></span> <span class='ocrx_word' id='word_1_357' title='bbox 1405 3841 1432 3890; x_wconf 89' lang='lat' dir='ltr'><strong>p.</strong></span> <span class='ocrx_word' id='word_1_358' title='bbox 1442 3829 1488 3890; x_wconf 83' lang='grc'><strong>99,</strong></span> <span class='ocrx_word' id='word_1_359' title='bbox 1506 3827 1541 3890; x_wconf 80' lang='lat' dir='ltr'><strong>cs.</strong></span> <span class='ocrx_word' id='word_1_360' title='bbox 1551 3827 1628 3890; x_wconf 81' lang='lat' dir='ltr'><strong>lieiff.</strong></span> <span class='ocrx_word' id='word_1_361' title='bbox 1636 3843 1662 3891; x_wconf 88' lang='lat' dir='ltr'><strong>p.</strong></span> <span class='ocrx_word' id='word_1_362' title='bbox 1672 3827 1715 3874; x_wconf 82' lang='grc'><strong>299</strong></span> 
     </span>
     <span class='ocr_line' id='line_1_38' title="bbox 438 3887 1713 3968; baseline -0.007 -19"><span class='ocrx_word' id='word_1_363' title='bbox 438 3907 464 3956; x_wconf 84' lang='grc' dir='ltr'><strong>ιι</strong></span> <span class='ocrx_word' id='word_1_364' title='bbox 485 3897 604 3968; x_wconf 76' lang='lat' dir='ltr'><strong>pollicere</strong></span> <span class='ocrx_word' id='word_1_365' title='bbox 621 3893 645 3944; x_wconf 83' lang='grc' dir='ltr'><strong>Α</strong></span> <span class='ocrx_word' id='word_1_366' title='bbox 662 3889 821 3956; x_wconf 85' lang='lat' dir='ltr'><strong>pollicemus,</strong></span> <span class='ocrx_word' id='word_1_367' title='bbox 840 3906 910 3942; x_wconf 84' lang='lat' dir='ltr'><strong>corr.</strong></span> <span class='ocrx_word' id='word_1_368' title='bbox 928 3907 998 3942; x_wconf 89' lang='lat' dir='ltr'><strong>-mur</strong></span> <span class='ocrx_word' id='word_1_369' title='bbox 1016 3893 1038 3940; x_wconf 77' lang='lat' dir='ltr'><strong>‚t</strong></span> <span class='ocrx_word' id='word_1_370' title='bbox 1089 3892 1159 3954; x_wconf 88' lang='lat' dir='ltr'><strong>quod</strong></span> <span class='ocrx_word' id='word_1_371' title='bbox 1181 3887 1355 3958; x_wconf 76' lang='lat' dir='ltr'><strong>promittimus</strong></span> <span class='ocrx_word' id='word_1_372' title='bbox 1373 3894 1476 3958; x_wconf 76' lang='lat' dir='ltr'><strong>roganti</strong></span> <span class='ocrx_word' id='word_1_373' title='bbox 1493 3893 1642 3958; x_wconf 87' lang='lat' dir='ltr'><strong>pollicemur</strong></span> <span class='ocrx_word' id='word_1_374' title='bbox 1657 3895 1713 3942; x_wconf 86' lang='lat' dir='ltr'><strong>uiuo</strong></span> 
     </span>
     <span class='ocr_line' id='line_1_39' title="bbox 436 3957 1712 4034; baseline -0.003 -20"><span class='ocrx_word' id='word_1_375' title='bbox 436 3971 454 4024; x_wconf 79' lang='lat' dir='ltr'><strong>ii</strong></span> <span class='ocrx_word' id='word_1_376' title='bbox 506 3961 677 4034; x_wconf 79' lang='lat' dir='ltr'><strong>proruittimus</strong></span> <span class='ocrx_word' id='word_1_377' title='bbox 695 3959 779 4024; x_wconf 77' lang='lat' dir='ltr'><strong>rogati</strong></span> <span class='ocrx_word' id='word_1_378' title='bbox 797 3957 947 4024; x_wconf 85' lang='lat' dir='ltr'><strong>pollicemur</strong></span> <span class='ocrx_word' id='word_1_379' title='bbox 966 3959 1029 4008; x_wconf 89' lang='lat' dir='ltr'><strong>ultro</strong></span> <span class='ocrx_word' id='word_1_380' title='bbox 1046 3959 1065 4009; x_wconf 88' lang='lat' dir='ltr'>C</span> <span class='ocrx_word' id='word_1_381' title='bbox 1084 3960 1256 4023; x_wconf 76' lang='lat' dir='ltr'><strong>Goliofreclue</strong></span> <span class='ocrx_word' id='word_1_382' title='bbox 1272 3977 1299 4026; x_wconf 84' lang='lat' dir='ltr'><strong>p.</strong></span> <span class='ocrx_word' id='word_1_383' title='bbox 1318 3963 1359 4024; x_wconf 87' lang='grc'><strong>79,</strong></span> <span class='ocrx_word' id='word_1_384' title='bbox 1378 3961 1412 4024; x_wconf 77' lang='lat' dir='ltr'><strong>cf.</strong></span> <span class='ocrx_word' id='word_1_385' title='bbox 1432 3961 1509 4026; x_wconf 75' lang='lat' dir='ltr'><strong>lieiff.</strong></span> <span class='ocrx_word' id='word_1_386' title='bbox 1525 3977 1554 4026; x_wconf 79' lang='lat' dir='ltr'><strong>p.</strong></span> <span class='ocrx_word' id='word_1_387' title='bbox 1572 3964 1623 4012; x_wconf 75' lang='lat'><strong>286</strong></span> <span class='ocrx_word' id='word_1_388' title='bbox 1687 3963 1712 4010; x_wconf 80' lang='lat'><strong>13</strong></span> 
     </span>
     <span class='ocr_line' id='line_1_40' title="bbox 434 4025 1770 4104; baseline -0.007 -16"><span class='ocrx_word' id='word_1_389' title='bbox 434 4033 503 4104; x_wconf 72' lang='lat' dir='ltr'><strong>numi</strong></span> <span class='ocrx_word' id='word_1_390' title='bbox 515 4047 562 4088; x_wconf 77' lang='lat' dir='ltr'><strong>uei.</strong></span> <span class='ocrx_word' id='word_1_391' title='bbox 574 4029 613 4080; x_wconf 79' lang='lat' dir='ltr'><strong>llil</strong></span> <span class='ocrx_word' id='word_1_392' title='bbox 631 4025 726 4078; x_wconf 87' lang='lat' dir='ltr'><strong>nullum</strong></span> <span class='ocrx_word' id='word_1_393' title='bbox 738 4027 813 4089; x_wconf 85' lang='lat' dir='ltr'><strong>quusi</strong></span> <span class='ocrx_word' id='word_1_394' title='bbox 830 4027 862 4076; x_wconf 79' lang='lat' dir='ltr'><strong>eci</strong></span> <span class='ocrx_word' id='word_1_395' title='bbox 876 4027 1000 4076; x_wconf 89' lang='lat' dir='ltr'><strong>neminem</strong></span> <span class='ocrx_word' id='word_1_396' title='bbox 1013 4027 1099 4077; x_wconf 85' lang='lat' dir='ltr'><strong>reierri</strong></span> <span class='ocrx_word' id='word_1_397' title='bbox 1111 4027 1238 4078; x_wconf 91' lang='lat' dir='ltr'><strong>hominem</strong></span> <span class='ocrx_word' id='word_1_398' title='bbox 1257 4043 1330 4078; x_wconf 89' lang='lat' dir='ltr'><strong>nemo</strong></span> <span class='ocrx_word' id='word_1_399' title='bbox 1349 4029 1422 4091; x_wconf 85' lang='lat' dir='ltr'><strong>qnasi</strong></span> <span class='ocrx_word' id='word_1_400' title='bbox 1435 4043 1481 4077; x_wconf 90' lang='lat' dir='ltr'><strong>nec</strong></span> <span class='ocrx_word' id='word_1_401' title='bbox 1493 4027 1569 4078; x_wconf 87' lang='lat' dir='ltr'><strong>homo</strong></span> <span class='ocrx_word' id='word_1_402' title='bbox 1582 4027 1624 4078; x_wconf 89' lang='grc' dir='ltr'><strong>ΒΟ</strong></span> <span class='ocrx_word' id='word_1_403' title='bbox 1641 4029 1712 4078; x_wconf 81' lang='lat' dir='ltr'><strong>nouus</strong></span> <span class='ocrx_word' id='word_1_404' title='bbox 1769 4071 1770 4079; x_wconf 71' lang='lat'><strong>.</strong></span> 
     </span>
     <span class='ocr_line' id='line_1_41' title="bbox 435 4093 1711 4174; baseline -0.009 -18"><span class='ocrx_word' id='word_1_405' title='bbox 435 4111 518 4174; x_wconf 77' lang='lat' dir='ltr'><strong>potout</strong></span> <span class='ocrx_word' id='word_1_406' title='bbox 528 4097 614 4150; x_wconf 80' lang='lat' dir='ltr'><strong>ielcrri</strong></span> <span class='ocrx_word' id='word_1_407' title='bbox 626 4121 657 4132; x_wconf 90' lang='lat'>-</span> <span class='ocrx_word' id='word_1_408' title='bbox 668 4109 713 4144; x_wconf 90' lang='lat' dir='ltr'><strong>nec</strong></span> <span class='ocrx_word' id='word_1_409' title='bbox 722 4093 798 4144; x_wconf 87' lang='lat' dir='ltr'><strong>lromo</strong></span> <span class='ocrx_word' id='word_1_410' title='bbox 810 4094 982 4157; x_wconf 78' lang='lat' dir='ltr'><strong>Goilofredne</strong></span> <span class='ocrx_word' id='word_1_411' title='bbox 988 4113 1018 4160; x_wconf 87' lang='lat' dir='ltr'><strong>p.</strong></span> <span class='ocrx_word' id='word_1_412' title='bbox 1029 4098 1069 4158; x_wconf 85' lang='grc'><strong>79,</strong></span> <span class='ocrx_word' id='word_1_413' title='bbox 1080 4096 1114 4159; x_wconf 80' lang='lat' dir='ltr'><strong>cs.</strong></span> <span class='ocrx_word' id='word_1_414' title='bbox 1124 4097 1199 4161; x_wconf 77' lang='lat' dir='ltr'><strong>lleiff.</strong></span> <span class='ocrx_word' id='word_1_415' title='bbox 1210 4113 1236 4161; x_wconf 87' lang='lat' dir='ltr'><strong>p.</strong></span> <span class='ocrx_word' id='word_1_416' title='bbox 1247 4099 1296 4147; x_wconf 81' lang='lat'><strong>281</strong></span> <span class='ocrx_word' id='word_1_417' title='bbox 1333 4099 1364 4148; x_wconf 81' lang='lat'><strong>16</strong></span> <span class='ocrx_word' id='word_1_418' title='bbox 1374 4099 1440 4146; x_wconf 84' lang='lat' dir='ltr'><strong>iutro</strong></span> <span class='ocrx_word' id='word_1_419' title='bbox 1449 4110 1480 4146; x_wconf 89' lang='lat' dir='ltr'><strong>eo</strong></span> <span class='ocrx_word' id='word_1_420' title='bbox 1489 4097 1557 4146; x_wconf 89' lang='lat' dir='ltr'><strong>imus</strong></span> <span class='ocrx_word' id='word_1_421' title='bbox 1568 4093 1608 4160; x_wconf 88' lang='lat' dir='ltr'><strong>(iu</strong></span> <span class='ocrx_word' id='word_1_422' title='bbox 1618 4093 1711 4155; x_wconf 79' lang='lat' dir='ltr'><strong>iuiusC)</strong></span> 
     </span>
     <span class='ocr_line' id='line_1_42' title="bbox 433 4161 1710 4228; baseline -0.009 -6"><span class='ocrx_word' id='word_1_423' title='bbox 433 4185 490 4224; x_wconf 75' lang='lat' dir='ltr'><strong>etim</strong></span> <span class='ocrx_word' id='word_1_424' title='bbox 501 4171 568 4220; x_wconf 84' lang='lat' dir='ltr'><strong>lituu</strong></span> <span class='ocrx_word' id='word_1_425' title='bbox 578 4164 651 4216; x_wconf 89' lang='lat' dir='ltr'><strong>uenio</strong></span> <span class='ocrx_word' id='word_1_426' title='bbox 660 4161 729 4212; x_wconf 82' lang='lat' dir='ltr'><strong>lorus</strong></span> <span class='ocrx_word' id='word_1_427' title='bbox 740 4163 814 4214; x_wconf 89' lang='lat' dir='ltr'><strong>nenio</strong></span> <span class='ocrx_word' id='word_1_428' title='bbox 824 4161 866 4225; x_wconf 91' lang='lat' dir='ltr'><strong>(eo</strong></span> <span class='ocrx_word' id='word_1_429' title='bbox 877 4161 917 4227; x_wconf 79' lang='grc' dir='ltr'><strong>Ο),</strong></span> <span class='ocrx_word' id='word_1_430' title='bbox 930 4165 1023 4215; x_wconf 73' lang='lat' dir='ltr'><strong>cetere</strong></span> <span class='ocrx_word' id='word_1_431' title='bbox 1031 4165 1129 4214; x_wconf 76' lang='lat' dir='ltr'><strong>omissio</strong></span> <span class='ocrx_word' id='word_1_432' title='bbox 1137 4163 1178 4213; x_wconf 90' lang='grc' dir='ltr'><strong>ΒΟ</strong></span> <span class='ocrx_word' id='word_1_433' title='bbox 1195 4165 1343 4214; x_wconf 82' lang='lat' dir='ltr'><strong>interimus</strong></span> <span class='ocrx_word' id='word_1_434' title='bbox 1356 4175 1380 4213; x_wconf 84' lang='lat' dir='ltr'><strong>ec</strong></span> <span class='ocrx_word' id='word_1_435' title='bbox 1392 4165 1456 4214; x_wconf 80' lang='lat' dir='ltr'><strong>intro</strong></span> <span class='ocrx_word' id='word_1_436' title='bbox 1469 4164 1516 4214; x_wconf 84' lang='lat' dir='ltr'><strong>hoe</strong></span> <span class='ocrx_word' id='word_1_437' title='bbox 1529 4165 1640 4228; x_wconf 80' lang='lat' dir='ltr'><strong>interest,</strong></span> <span class='ocrx_word' id='word_1_438' title='bbox 1653 4165 1710 4226; x_wconf 82' lang='lat' dir='ltr'><strong>quon</strong></span> 
     </span>
     <span class='ocr_line' id='line_1_43' title="bbox 434 4231 1710 4298; baseline -0.011 -5"><span class='ocrx_word' id='word_1_439' title='bbox 434 4250 499 4292; x_wconf 85' lang='lat' dir='ltr'><strong>iutro</strong></span> <span class='ocrx_word' id='word_1_440' title='bbox 517 4251 547 4284; x_wconf 76' lang='lat' dir='ltr'><strong>oi)</strong></span> <span class='ocrx_word' id='word_1_441' title='bbox 566 4233 633 4284; x_wconf 82' lang='lat' dir='ltr'><strong>intuo</strong></span> <span class='ocrx_word' id='word_1_442' title='bbox 651 4245 708 4282; x_wconf 81' lang='lat' dir='ltr'><strong>eum</strong></span> <span class='ocrx_word' id='word_1_443' title='bbox 726 4231 796 4280; x_wconf 85' lang='lat' dir='ltr'><strong>intus</strong></span> <span class='ocrx_word' id='word_1_444' title='bbox 814 4232 890 4281; x_wconf 92' lang='lat' dir='ltr'><strong>nenio</strong></span> <span class='ocrx_word' id='word_1_445' title='bbox 909 4231 978 4281; x_wconf 85' lang='lat' dir='ltr'><strong>iores</strong></span> <span class='ocrx_word' id='word_1_446' title='bbox 997 4245 1027 4282; x_wconf 87' lang='lat' dir='ltr'><strong>eo</strong></span> <span class='ocrx_word' id='word_1_447' title='bbox 1041 4231 1212 4294; x_wconf 80' lang='lat' dir='ltr'><strong>Goiltofredue</strong></span> <span class='ocrx_word' id='word_1_448' title='bbox 1223 4249 1250 4298; x_wconf 88' lang='lat' dir='ltr'><strong>p.</strong></span> <span class='ocrx_word' id='word_1_449' title='bbox 1265 4235 1296 4282; x_wconf 80' lang='grc'><strong>79</strong></span> <span class='ocrx_word' id='word_1_450' title='bbox 1366 4235 1397 4284; x_wconf 79' lang='lat' dir='ltr'><strong>li</strong></span> <span class='ocrx_word' id='word_1_451' title='bbox 1416 4233 1540 4298; x_wconf 83' lang='lat' dir='ltr'><strong>producte</strong></span> <span class='ocrx_word' id='word_1_452' title='bbox 1556 4236 1579 4282; x_wconf 83' lang='lat' dir='ltr'>A</span> <span class='ocrx_word' id='word_1_453' title='bbox 1598 4233 1710 4298; x_wconf 84' lang='lat' dir='ltr'><strong>prolncu</strong></span> 
     </span>
     <span class='ocr_line' id='line_1_44' title="bbox 436 4297 1768 4368; baseline -0.005 -14"><span class='ocrx_word' id='word_1_454' title='bbox 436 4307 453 4360; x_wconf 87' lang='lat' dir='ltr'><strong>ii</strong></span> <span class='ocrx_word' id='word_1_455' title='bbox 499 4297 845 4368; x_wconf 77' lang='lat' dir='ltr'><strong>einreptorisscorrepteli</strong></span> <span class='ocrx_word' id='word_1_456' title='bbox 880 4299 1711 4365; x_wconf 82' lang='lat' dir='ltr'><strong>quodsuutcertelusuntemporeAqirodiustrasmnum·</strong></span> <span class='ocrx_word' id='word_1_457' title='bbox 1767 4317 1768 4341; x_wconf 75' lang='lat' dir='ltr'><strong>i</strong></span> 
     </span>
     <span class='ocr_line' id='line_1_45' title="bbox 433 4363 1709 4444; baseline -0.009 -17"><span class='ocrx_word' id='word_1_458' title='bbox 433 4387 495 4444; x_wconf 82' lang='lat' dir='ltr'><strong>port</strong></span> <span class='ocrx_word' id='word_1_459' title='bbox 513 4379 583 4422; x_wconf 85' lang='lat' dir='ltr'><strong>oortn</strong></span> <span class='ocrx_word' id='word_1_460' title='bbox 595 4363 636 4420; x_wconf 81' lang='lat' dir='ltr'><strong>tie</strong></span> <span class='ocrx_word' id='word_1_461' title='bbox 688 4367 720 4418; x_wconf 85' lang='lat' dir='ltr'><strong>te</strong></span> <span class='ocrx_word' id='word_1_462' title='bbox 738 4365 963 4417; x_wconf 82' lang='lat' dir='ltr'><strong>letibulnlerernm</strong></span> <span class='ocrx_word' id='word_1_463' title='bbox 978 4365 1016 4417; x_wconf 92' lang='grc' dir='ltr'><strong>ΒΟ</strong></span> <span class='ocrx_word' id='word_1_464' title='bbox 1049 4368 1134 4433; x_wconf 86' lang='lat' dir='ltr'><strong>turpin</strong></span> <span class='ocrx_word' id='word_1_465' title='bbox 1149 4365 1189 4416; x_wconf 93' lang='grc' dir='ltr'><strong>ΒΟ</strong></span> <span class='ocrx_word' id='word_1_466' title='bbox 1207 4367 1275 4418; x_wconf 86' lang='lat' dir='ltr'><strong>luter</strong></span> <span class='ocrx_word' id='word_1_467' title='bbox 1291 4367 1371 4418; x_wconf 85' lang='lat' dir='ltr'><strong>lustru</strong></span> <span class='ocrx_word' id='word_1_468' title='bbox 1388 4369 1511 4434; x_wconf 83' lang='lat' dir='ltr'><strong>producte</strong></span> <span class='ocrx_word' id='word_1_469' title='bbox 1528 4379 1553 4418; x_wconf 83' lang='lat' dir='ltr'><strong>et</strong></span> <span class='ocrx_word' id='word_1_470' title='bbox 1570 4368 1647 4420; x_wconf 83' lang='lat' dir='ltr'><strong>lustru</strong></span> <span class='ocrx_word' id='word_1_471' title='bbox 1664 4383 1709 4418; x_wconf 83' lang='lat' dir='ltr'><strong>eor-</strong></span> 
     </span>
     <span class='ocr_line' id='line_1_46' title="bbox 433 4433 1767 4504; baseline -0.009 -10"><span class='ocrx_word' id='word_1_472' title='bbox 433 4459 458 4494; x_wconf 65' lang='lat' dir='ltr'><strong>u*</strong></span> <span class='ocrx_word' id='word_1_473' title='bbox 469 4451 502 4492; x_wconf 83' lang='lat' dir='ltr'><strong>ito</strong></span> <span class='ocrx_word' id='word_1_474' title='bbox 520 4439 567 4490; x_wconf 84' lang='lat' dir='ltr'><strong>lion</strong></span> <span class='ocrx_word' id='word_1_475' title='bbox 585 4437 690 4486; x_wconf 79' lang='lat' dir='ltr'><strong>interest</strong></span> <span class='ocrx_word' id='word_1_476' title='bbox 705 4437 775 4497; x_wconf 86' lang='lat' dir='ltr'><strong>qnod</strong></span> <span class='ocrx_word' id='word_1_477' title='bbox 792 4434 872 4486; x_wconf 81' lang='lat' dir='ltr'><strong>lustra</strong></span> <span class='ocrx_word' id='word_1_478' title='bbox 889 4448 949 4485; x_wconf 88' lang='lat' dir='ltr'><strong>sum</strong></span> <span class='ocrx_word' id='word_1_479' title='bbox 966 4447 1034 4485; x_wconf 80' lang='lat' dir='ltr'><strong>certa</strong></span> <span class='ocrx_word' id='word_1_480' title='bbox 1056 4445 1184 4500; x_wconf 83' lang='lat' dir='ltr'><strong>tempora,</strong></span> <span class='ocrx_word' id='word_1_481' title='bbox 1207 4434 1288 4485; x_wconf 81' lang='lat' dir='ltr'><strong>lustro</strong></span> <span class='ocrx_word' id='word_1_482' title='bbox 1310 4435 1413 4486; x_wconf 81' lang='lat' dir='ltr'><strong>letibuln</strong></span> <span class='ocrx_word' id='word_1_483' title='bbox 1430 4435 1540 4486; x_wconf 79' lang='lat' dir='ltr'><strong>serarum</strong></span> <span class='ocrx_word' id='word_1_484' title='bbox 1558 4463 1591 4472; x_wconf 88' lang='lat'><em>-</em></span> <span class='ocrx_word' id='word_1_485' title='bbox 1609 4447 1708 4504; x_wconf 85' lang='lat' dir='ltr'><strong>receptu·</strong></span> <span class='ocrx_word' id='word_1_486' title='bbox 1766 4433 1767 4472; x_wconf 86' lang='lat' dir='ltr'><strong>i</strong></span> 
     </span>
     <span class='ocr_line' id='line_1_47' title="bbox 432 4501 1709 4570; baseline -0.006 -10"><span class='ocrx_word' id='word_1_487' title='bbox 432 4523 488 4560; x_wconf 79' lang='lat' dir='ltr'><strong>orie</strong></span> <span class='ocrx_word' id='word_1_488' title='bbox 508 4504 678 4570; x_wconf 71' lang='lat' dir='ltr'><strong>tioiioi&#39;redue</strong></span> <span class='ocrx_word' id='word_1_489' title='bbox 693 4519 721 4567; x_wconf 86' lang='lat' dir='ltr'><strong>p.</strong></span> <span class='ocrx_word' id='word_1_490' title='bbox 740 4505 781 4565; x_wconf 79' lang='grc'><strong>79,</strong></span> <span class='ocrx_word' id='word_1_491' title='bbox 798 4505 832 4567; x_wconf 79' lang='lat' dir='ltr'><strong>cs.</strong></span> <span class='ocrx_word' id='word_1_492' title='bbox 845 4502 922 4570; x_wconf 79' lang='lat' dir='ltr'><strong>lieiff.</strong></span> <span class='ocrx_word' id='word_1_493' title='bbox 935 4521 959 4568; x_wconf 89' lang='lat' dir='ltr'><strong>p.</strong></span> <span class='ocrx_word' id='word_1_494' title='bbox 974 4507 1024 4553; x_wconf 81' lang='lat'><strong>277</strong></span> <span class='ocrx_word' id='word_1_495' title='bbox 1042 4503 1124 4569; x_wconf 79' lang='lat' dir='ltr'><strong>ibique</strong></span> <span class='ocrx_word' id='word_1_496' title='bbox 1136 4503 1265 4554; x_wconf 80' lang='lat' dir='ltr'><strong>[laudium</strong></span> <span class='ocrx_word' id='word_1_497' title='bbox 1277 4501 1377 4570; x_wconf 81' lang='lat' dir='ltr'><strong>(propr.</strong></span> <span class='ocrx_word' id='word_1_498' title='bbox 1391 4504 1447 4555; x_wconf 82' lang='lat' dir='ltr'><strong>len.</strong></span> <span class='ocrx_word' id='word_1_499' title='bbox 1461 4506 1529 4555; x_wconf 80' lang='grc'><em>1848</em></span> <span class='ocrx_word' id='word_1_500' title='bbox 1540 4521 1567 4569; x_wconf 91' lang='lat' dir='ltr'><strong>p.</strong></span> <span class='ocrx_word' id='word_1_501' title='bbox 1580 4503 1620 4568; x_wconf 83' lang='lat'><strong>8).</strong></span> <span class='ocrx_word' id='word_1_502' title='bbox 1683 4507 1709 4552; x_wconf 75' lang='lat' dir='ltr'><strong>iu</strong></span> 
     </span>
     <span class='ocr_line' id='line_1_48' title="bbox 432 4535 1766 4638; baseline -0.007 -10"><span class='ocrx_word' id='word_1_503' title='bbox 432 4573 563 4628; x_wconf 82' lang='lat' dir='ltr'><strong>eurititlum</strong></span> <span class='ocrx_word' id='word_1_504' title='bbox 582 4585 743 4622; x_wconf 87' lang='lat' dir='ltr'><strong>numerorum</strong></span> <span class='ocrx_word' id='word_1_505' title='bbox 761 4573 784 4620; x_wconf 84' lang='lat' dir='ltr'>A</span> <span class='ocrx_word' id='word_1_506' title='bbox 818 4571 1078 4622; x_wconf 85' lang='lat' dir='ltr'><strong>idestmultitudinem</strong></span> <span class='ocrx_word' id='word_1_507' title='bbox 1087 4587 1134 4622; x_wconf 88' lang='lat' dir='ltr'><strong>om.</strong></span> <span class='ocrx_word' id='word_1_508' title='bbox 1144 4571 1185 4621; x_wconf 91' lang='grc' dir='ltr'><strong>ΒΟ</strong></span> <span class='ocrx_word' id='word_1_509' title='bbox 1196 4579 1222 4622; x_wconf 82' lang='lat' dir='ltr'><strong>et</strong></span> <span class='ocrx_word' id='word_1_510' title='bbox 1232 4573 1403 4634; x_wconf 77' lang='lat' dir='ltr'><strong>Goliosredue</strong></span> <span class='ocrx_word' id='word_1_511' title='bbox 1412 4589 1440 4637; x_wconf 92' lang='lat' dir='ltr'><strong>p.</strong></span> <span class='ocrx_word' id='word_1_512' title='bbox 1451 4574 1491 4636; x_wconf 85' lang='grc'><strong>79,</strong></span> <span class='ocrx_word' id='word_1_513' title='bbox 1503 4572 1539 4635; x_wconf 80' lang='lat' dir='ltr'><strong>es.</strong></span> <span class='ocrx_word' id='word_1_514' title='bbox 1549 4573 1624 4636; x_wconf 74' lang='lat' dir='ltr'><strong>lleips,</strong></span> <span class='ocrx_word' id='word_1_515' title='bbox 1633 4590 1660 4638; x_wconf 90' lang='lat' dir='ltr'><strong>p.</strong></span> <span class='ocrx_word' id='word_1_516' title='bbox 1669 4575 1708 4622; x_wconf 81' lang='grc'><strong>299</strong></span> <span class='ocrx_word' id='word_1_517' title='bbox 1765 4535 1766 4602; x_wconf 62' lang='lat' dir='ltr'><strong>l</strong></span> 
     </span>
     <span class='ocr_line' id='line_1_49' title="bbox 431 4638 1765 4735; baseline -0.009 -37"><span class='ocrx_word' id='word_1_518' title='bbox 431 4649 461 4698; x_wconf 79' lang='lat' dir='ltr'><strong>it</strong></span> <span class='ocrx_word' id='word_1_519' title='bbox 475 4659 524 4696; x_wconf 84' lang='lat' dir='ltr'><strong>tion</strong></span> <span class='ocrx_word' id='word_1_520' title='bbox 536 4641 584 4694; x_wconf 82' lang='lat' dir='ltr'><strong>ulei</strong></span> <span class='ocrx_word' id='word_1_521' title='bbox 594 4639 663 4704; x_wconf 85' lang='lat' dir='ltr'><strong>qumi</strong></span> <span class='ocrx_word' id='word_1_522' title='bbox 673 4653 751 4689; x_wconf 85' lang='lat' dir='ltr'><strong>mnnu</strong></span> <span class='ocrx_word' id='word_1_523' title='bbox 759 4638 800 4690; x_wconf 90' lang='grc' dir='ltr'><strong>ΒΟ</strong></span> <span class='ocrx_word' id='word_1_524' title='bbox 850 4641 883 4690; x_wconf 78' lang='lat'><strong>22</strong></span> <span class='ocrx_word' id='word_1_525' title='bbox 893 4639 998 4706; x_wconf 80' lang='lat' dir='ltr'><strong>intelligi</strong></span> <span class='ocrx_word' id='word_1_526' title='bbox 1010 4639 1028 4688; x_wconf 92' lang='grc' dir='ltr'>Β</span> <span class='ocrx_word' id='word_1_527' title='bbox 1046 4641 1169 4690; x_wconf 79' lang='lat' dir='ltr'><strong>terminus</strong></span> <span class='ocrx_word' id='word_1_528' title='bbox 1179 4655 1229 4690; x_wconf 91' lang='lat' dir='ltr'><strong>nou</strong></span> <span class='ocrx_word' id='word_1_529' title='bbox 1240 4642 1295 4690; x_wconf 87' lang='lat' dir='ltr'><strong>sine</strong></span> <span class='ocrx_word' id='word_1_530' title='bbox 1304 4654 1381 4688; x_wconf 74' lang='lat' dir='ltr'><strong>mutin</strong></span> <span class='ocrx_word' id='word_1_531' title='bbox 1390 4642 1494 4705; x_wconf 77' lang='lat' dir='ltr'><strong>ponitur</strong></span> <span class='ocrx_word' id='word_1_532' title='bbox 1503 4666 1535 4675; x_wconf 87' lang='lat'><em>—</em></span> <span class='ocrx_word' id='word_1_533' title='bbox 1547 4640 1585 4688; x_wconf 92' lang='lat' dir='ltr'><strong>uel</strong></span> <span class='ocrx_word' id='word_1_534' title='bbox 1598 4643 1707 4703; x_wconf 77' lang='lat' dir='ltr'><strong>cuiusque</strong></span> <span class='ocrx_word' id='word_1_535' title='bbox 1764 4653 1765 4735; x_wconf 65' lang='lat' dir='ltr'><strong>p</strong></span> 
     </span>
     <span class='ocr_line' id='line_1_50' title="bbox 432 4705 1764 4774; baseline -0.005 -12"><span class='ocrx_word' id='word_1_536' title='bbox 432 4715 466 4766; x_wconf 80' lang='lat' dir='ltr'><strong>roi</strong></span> <span class='ocrx_word' id='word_1_537' title='bbox 485 4711 588 4764; x_wconf 74' lang='lat' dir='ltr'><strong>ulterius</strong></span> <span class='ocrx_word' id='word_1_538' title='bbox 607 4705 713 4772; x_wconf 83' lang='lat' dir='ltr'><strong>intelligi</strong></span> <span class='ocrx_word' id='word_1_539' title='bbox 730 4717 817 4772; x_wconf 75' lang='lat' dir='ltr'><strong>potest</strong></span> <span class='ocrx_word' id='word_1_540' title='bbox 836 4709 1006 4772; x_wconf 77' lang='lat' dir='ltr'><strong>Geticosreilns</strong></span> <span class='ocrx_word' id='word_1_541' title='bbox 1022 4725 1049 4773; x_wconf 89' lang='lat' dir='ltr'><strong>p.</strong></span> <span class='ocrx_word' id='word_1_542' title='bbox 1069 4711 1114 4771; x_wconf 90' lang='grc'><strong>79,</strong></span> <span class='ocrx_word' id='word_1_543' title='bbox 1133 4710 1167 4772; x_wconf 79' lang='lat' dir='ltr'><strong>es.</strong></span> <span class='ocrx_word' id='word_1_544' title='bbox 1188 4709 1262 4774; x_wconf 74' lang='lat' dir='ltr'><strong>lieiff.</strong></span> <span class='ocrx_word' id='word_1_545' title='bbox 1279 4724 1307 4772; x_wconf 90' lang='lat' dir='ltr'><strong>p.</strong></span> <span class='ocrx_word' id='word_1_546' title='bbox 1327 4710 1378 4757; x_wconf 87' lang='grc'><strong>292</strong></span> <span class='ocrx_word' id='word_1_547' title='bbox 1458 4711 1491 4758; x_wconf 78' lang='lat'><strong>23</strong></span> <span class='ocrx_word' id='word_1_548' title='bbox 1508 4707 1577 4770; x_wconf 83' lang='lat' dir='ltr'><strong>quoti</strong></span> <span class='ocrx_word' id='word_1_549' title='bbox 1595 4723 1667 4773; x_wconf 79' lang='lat' dir='ltr'><strong>asper</strong></span> <span class='ocrx_word' id='word_1_550' title='bbox 1681 4707 1705 4756; x_wconf 87' lang='lat' dir='ltr'><strong>ml</strong></span> <span class='ocrx_word' id='word_1_551' title='bbox 1763 4759 1764 4762; x_wconf 59' lang='grc'><em>,</em></span> 
     </span>
    </p>
   </div>
   <div class='ocr_carea' id='block_1_10' title="bbox 432 4774 1705 4848">
    <p class='ocr_par' dir='ltr' id='par_1_14' title="bbox 432 4768 1764 4865">
     <span class='ocr_line' id='line_1_51' title="bbox 432 4774 1705 4848; baseline -0.007 -16"><span class='ocrx_word' id='word_1_552' title='bbox 432 4793 531 4848; x_wconf 79' lang='lat' dir='ltr'><strong>totnpun</strong></span> <span class='ocrx_word' id='word_1_553' title='bbox 550 4779 621 4828; x_wconf 75' lang='lat' dir='ltr'><strong>loros</strong></span> <span class='ocrx_word' id='word_1_554' title='bbox 640 4775 671 4826; x_wconf 90' lang='lat' dir='ltr'><strong>mi</strong></span> <span class='ocrx_word' id='word_1_555' title='bbox 686 4786 800 4826; x_wconf 72' lang='lat' dir='ltr'><strong>rictorem</strong></span> <span class='ocrx_word' id='word_1_556' title='bbox 813 4774 855 4824; x_wconf 94' lang='grc' dir='ltr'><strong>ΒΟ</strong></span> <span class='ocrx_word' id='word_1_557' title='bbox 872 4791 990 4840; x_wconf 79' lang='lat' dir='ltr'><strong>asperum</strong></span> <span class='ocrx_word' id='word_1_558' title='bbox 1009 4777 1041 4824; x_wconf 85' lang='lat' dir='ltr'><strong>ml</strong></span> <span class='ocrx_word' id='word_1_559' title='bbox 1059 4787 1170 4842; x_wconf 78' lang='lat' dir='ltr'><strong>tempus,</strong></span> <span class='ocrx_word' id='word_1_560' title='bbox 1187 4776 1260 4825; x_wconf 87' lang='lat' dir='ltr'><strong>lerox</strong></span> <span class='ocrx_word' id='word_1_561' title='bbox 1278 4791 1293 4824; x_wconf 81' lang='lat' dir='ltr'><strong>u</strong></span> <span class='ocrx_word' id='word_1_562' title='bbox 1312 4775 1444 4826; x_wconf 80' lang='lat' dir='ltr'><strong>riotiuitnte</strong></span> <span class='ocrx_word' id='word_1_563' title='bbox 1464 4775 1632 4838; x_wconf 75' lang='lat' dir='ltr'><strong>Gotiofreeiue</strong></span> <span class='ocrx_word' id='word_1_564' title='bbox 1646 4795 1672 4842; x_wconf 88' lang='lat' dir='ltr'><strong>p.</strong></span> <span class='ocrx_word' id='word_1_565' title='bbox 1682 4781 1705 4824; x_wconf 80' lang='grc' dir='ltr'><strong>ῖ9</strong></span> 
     </span>
    </p>
   </div>
   <div class='ocr_carea' id='block_1_11' title="bbox 0 0 1784 5574">
    <p class='ocr_par' dir='ltr' id='par_1_15' title="bbox 0 0 1784 5574">
     <span class='ocr_line' id='line_1_52' title="bbox 0 0 1784 5574; baseline 0 5"><span class='ocrx_word' id='word_1_566' title='bbox 0 0 1784 5574; x_wconf 95' lang='lat' dir='ltr'><strong> </strong></span> 
     </span>
    </p>
   </div>
  </div>
 </body>
</html>
