3354 5580
487 371 526 422 IN
546 369 630 424 DON.
650 369 777 421 nuruis
795 369 976 421 MAIOREM.
1323 368 1387 434 235

79 560 157 620 boc
194 577 387 621 scamnum.
433 559 593 620 Scamnum
625 558 736 620 dicitur
763 579 779 620 a
807 557 977 619 scandendo
1004 559 1083 635 quod
1118 557 1273 619 altioribus
1300 558 1386 618 lectis

79 660 295 740 apponebatur
318 659 406 723 etde
429 679 550 722 scamno
573 662 603 722 in
625 660 734 722 lectum
758 658 982 721 ascendebatur.
1020 659 1229 727 Commune,
1252 679 1277 720 s.
1291 677 1386 738 genus

80 773 146 830 est:
175 762 269 841 quod
293 761 418 832 simul,
440 762 519 824 idest
533 761 590 823 sub
606 780 663 823 una
680 760 844 823 litterature
867 761 1093 841 comprehendit
1114 780 1226 822 marem
1250 769 1280 821 et
1301 763 1385 823 lemi-

80 883 172 932 nam,
199 873 236 923 ut
258 864 317 924 bic
340 874 375 924 et
395 864 485 926 baec
507 863 696 924 sacerdos.
741 864 886 925 Sacerdos
909 865 1037 924 asacris
1052 863 1158 924 dandis
1173 862 1277 924 dictus.
1316 862 1384 924 Sed

53 985 124 1025 sex
153 965 229 1035 bis,
252 985 277 1024 s.
300 965 461 1042 generibus
483 965 542 1026 duo
557 975 625 1026 suut
640 965 815 1046 principalia
838 965 916 1028 idest
937 967 1135 1046 principatum
1152 965 1291 1026 tenentia.
1322 963 1446 1026 Velare,
1462 982 1487 1020 ιο

80 1067 187 1136 sola,
212 1069 231 1127 i.
255 1065 414 1136 naturalia3
439 1067 482 1128 de
504 1075 681 1146 utroque,
704 1067 781 1128 idest
803 1067 839 1127 tle
862 1066 1023 1128 masculino
1045 1075 1074 1127 et
1094 1067 1236 1138 feminino
1259 1084 1385 1128 nascun-

80 1179 144 1228 tur.
195 1169 419 1238 Praeterea,
442 1170 462 1229 i.
486 1178 605 1250 praeter
634 1170 687 1230 iste
718 1187 827 1247 genera
850 1187 937 1230 casus
960 1171 1048 1230 trium
1071 1187 1225 1247 gerrerum.
1264 1167 1305 1226 Vt
1326 1167 1486 1231 blesense

80 1281 118 1331 et
150 1271 243 1330 baec
266 1279 301 1330 et
324 1270 392 1330 boc
429 1270 531 1332 lelix.
577 1269 658 1330 Felix
687 1271 796 1330 dicitur
819 1271 922 1331 beatus
944 1268 991 1330 uel
1015 1271 1174 1349 propitius,
1199 1271 1249 1348 qui
1272 1269 1385 1330 Graece

82 1365 231 1451 εὐτυχής
259 1370 382 1446 dicitur,
413 1381 442 1432 et
469 1372 545 1452 apud
574 1389 629 1433 nos
657 1381 702 1432 est
728 1370 868 1452 simplex,
899 1372 976 1451 apud
1006 1372 1138 1434 Graecos
1167 1389 1240 1432 uero
1267 1389 1385 1452 semper

46 1489 70 1526 ιο
82 1476 306 1553 compositum,
330 1479 363 1534 ut
385 1473 580 1552 Virgilius:

574 1575 789 1654 Olelixque
812 1576 887 1635 tuis

83 1680 107 1736 i.
133 1679 292 1756 propitius.
344 1677 616 1757 Epiloenoui.
646 1679 906 1757 promiscuum.
958 1677 1131 1756 Epiloenon
1160 1677 1261 1758 per'lr
1291 1685 1385 1737 etue

84 1778 296 1858 diphthongon
320 1777 463 1839 debemus
485 1778 630 1848 scribere:
655 1779 733 1858 quod
757 1787 854 1840 autem
878 1778 950 1839 dixit
966 1779 1096 1840 Donatus
1112 1772 1290 1856 epilmenou,
1306 1776 1384 1857 apud

83 1881 220 1941 Graecos
235 1880 343 1940 dicitur
355 1899 619 1959 supercommune:
636 1881 709 1960 ‘epi’
726 1880 804 1942 euim
817 1897 915 1958 super,
933 1880 1077 1940 ‘koenon’
1093 1897 1250 1941 commune
1266 1878 1397 1940 dicitur:

50 1997 72 2036 n
84 1981 250 2053 Quaeritur
283 1983 376 2049 enim,
411 1981 480 2060 quid
509 1983 598 2044 distat
624 1985 702 2042 luter
731 1983 897 2062 epilroenon
928 1991 957 2042 et
984 1998 1141 2042 commune
1173 1999 1282 2058 genus,
1316 1999 1384 2042 cum

85 2092 250 2162 utrumque
273 2084 330 2144 duo
351 2103 461 2163 genera
485 2081 731 2163 comprehendat,
756 2084 951 2146 masculinum
981 2082 1119 2145 uidelicet
1146 2091 1176 2143 et
1198 2082 1383 2144 femininum.
1423 2133 1424 2138 ,

85 2185 145 2246 Sed
169 2185 341 2254 sciendum,
364 2188 434 2263 quia
457 2203 614 2246 commune
636 2202 730 2263 genus
752 2185 869 2247 duobus
890 2183 1023 2246 articulis
1045 2183 1239 2246 masculinum
1255 2192 1285 2244 et
1299 2184 1384 2244 lemi-

85 2290 191 2348 ninum
216 2286 458 2368 comprehendit,
483 2295 516 2348 ut
537 2286 600 2348 ‘bic
622 2294 653 2348 et
674 2286 748 2348 baec
770 2287 909 2350 sacerdos
918 2292 936 2362 ²,
961 2286 1129 2369 epiloenon
1150 2305 1224 2349 uero
1247 2284 1303 2348 sub
1324 2303 1384 2346 uno

85 2390 215 2450 articulo
243 2389 379 2450 similiter
408 2406 520 2451 marem
545 2396 574 2449 et
596 2389 735 2451 feminam
765 2388 995 2470 comprehendit
1016 2396 1049 2450 ut
1071 2388 1131 2450 ‘bic
1153 2389 1273 2450 miluus’
1298 2386 1384 2449 ‘baec

51 2506 74 2543 ro
87 2493 209 2570 aquila’.
250 2493 322 2553 Cum
339 2493 417 2552 eninr
441 2491 515 2552 dicis
538 2491 550 2572 ll
571 2488 629 2552 157
648 2487 660 2572 ll
685 2490 745 2552 ‘bic
762 2490 890 2560 miluus'‚
913 2490 1054 2570 intelligis
1076 2489 1239 2552 masculum
1255 2496 1286 2550 et
1299 2489 1384 2550 lerni-

86 2611 165 2654 uam.
212 2592 276 2654 ltro
299 2592 386 2653 modo
407 2593 561 2662 dilleruut,
585 2595 651 2673 quia
675 2611 833 2668 commune
855 2611 950 2670 genus
971 2594 1001 2653 in
1025 2591 1189 2655 maioribus
1209 2589 1386 2654 animalibus

86 2696 132 2764 dt,
157 2697 238 2756 sicut
259 2696 289 2755 in
313 2693 482 2756 bominibus
504 2696 586 2756 etin
609 2693 866 2775 quadrupedibus,
890 2695 1057 2775 epilocnou
1073 2713 1147 2756 uero
1161 2695 1192 2755 in
1210 2691 1384 2760 minoribus,

86 2797 164 2857 sicut
186 2799 218 2858 iu
243 2794 411 2858 uolatilibus
434 2805 463 2856 et
485 2794 650 2874 reptilibus.
697 2796 799 2857 Tertio
828 2797 916 2858 modo
945 2797 1102 2868 dillerunt,
1129 2797 1197 2876 quie
1226 2813 1384 2856 commune

86 2917 182 2976 genus
205 2899 271 2958 uisu
294 2896 446 2959 oculorum
468 2906 566 2978 potest
587 2897 730 2971 discerni,
754 2897 918 2977 epikoenon
942 2917 1015 2960 uero
1037 2916 1097 2958 non
1112 2905 1219 2978 potest.
1257 2899 1288 2959 Si
1305 2899 1383 2958 enim

52 2999 203 3060 euidens
227 2998 351 3078 aquilam
376 2999 526 3060 uolantem
550 3007 600 3059 aut
621 3018 736 3061 murem
760 3009 943 3070 currentem,
968 3001 1065 3062 nescis
1088 3007 1185 3060 utrum
1209 3000 1248 3059 sit
1268 3017 1383 3060 mascu-

86 3100 179 3162 linum
210 3119 247 3161 an
276 3101 460 3162 femininum.
506 3100 616 3162 lterum
644 3102 797 3179 quaeritur
825 3119 880 3162 cur
908 3101 1016 3163 miluus
1039 3111 1068 3162 et
1090 3118 1191 3180 passer
1221 3099 1384 3161 masculino
1443 3089 1447 3097 ’

88 3220 198 3280 genere
222 3202 421 3281 proterantur,
445 3201 541 3281 aquila
565 3221 638 3262 uero
662 3209 690 3263 et
712 3201 835 3264 mustela
860 3203 1011 3263 lemiuino.
1055 3202 1098 3265 Ad
1121 3201 1178 3262 boc
1200 3199 1382 3281 responden·

87 3303 170 3373 dum,
195 3305 265 3384 quia
288 3311 428 3383 quattuor
452 3304 549 3364 modis
570 3321 680 3382 genera
703 3302 909 3366 dinoscuntur:
940 3313 1060 3374 natura,
1085 3307 1161 3364 sicut
1176 3303 1338 3364 ‘masculus
1354 3311 1384 3364 et

88 3405 220 3474 lemina’;
244 3403 384 3474 articulis,
400 3406 477 3466 sicut
490 3405 551 3466 ‘bic
567 3414 596 3466 et
612 3404 711 3467 baec':
735 3423 801 3466 cum
818 3408 896 3466 enim
912 3406 987 3484 legis
1002 3405 1050 3466 uel
1066 3404 1150 3466 audis
1165 3404 1226 3465 ‘bic
1242 3412 1272 3464 et
1286 3403 1382 3473 baec’,

55 3506 245 3585 rintelttgis,
276 3515 374 3567 utrum
397 3507 435 3567 sit
457 3507 605 3568 masculus
633 3526 669 3568 au
698 3509 823 3576 lemina;
852 3511 1040 3578 auctoritate,
1071 3510 1147 3570 sicut
1169 3509 1198 3569 iu
1220 3506 1268 3567 bis
1290 3508 1383 3566 nomi·

91 3607 191 3680 nibus,
222 3625 298 3686 quae
326 3609 433 3669 incerti
462 3617 532 3670 suut
560 3612 695 3687 generis,
730 3619 762 3670 ut
789 3619 858 3669 sunt
885 3607 958 3669 silex
988 3618 1018 3668 et
1045 3617 1161 3678 cortex,
1196 3626 1270 3686 quae
1304 3608 1382 3686 apud

90 3709 232 3786 quosdam
260 3707 423 3771 masculino
449 3728 561 3788 genere
588 3712 830 3788 pronuntiantur,
852 3709 929 3790 apud
960 3709 1034 3772 alius
1061 3727 1136 3771 uero
1165 3710 1321 3780 lemiuino,
1351 3719 1384 3772 ut

90 3811 285 3890 Virgilius:
1165 3805 1169 3814 '

377 3895 425 3956 lu
448 3897 556 3957 silice
579 3898 614 3957 iu
638 3896 733 3957 nuda
756 3897 887 3957 conixa
908 3894 1067 3976 reliquit

60 4013 231 4074 ³⁵leminino
254 4032 326 4074 uero
348 4031 459 4091 genere
482 4013 617 4094 protulit,
642 4015 725 4075 cuius
747 4017 952 4077 auctoritatem
969 4015 1000 4073 in
1015 4012 1072 4075 boc
1088 4017 1253 4092 sequimur.
1296 4016 1381 4078 Clau-

92 4114 160 4177 sulis
181 4116 380 4176 dinoscuntur
402 4133 527 4194 genera,
553 4118 619 4194 quia
643 4116 841 4177 decreuerunt
862 4122 1013 4184 auctores,
1037 4124 1069 4176 ut
1091 4133 1124 4176 ea
1148 4118 1283 4187 nomina,
1307 4136 1382 4196 quae

93 4215 119 4274 in
141 4237 175 4278 us
198 4215 246 4276 uel
271 4217 300 4276 iu
324 4233 339 4275 r
363 4224 486 4285 exeunt,
517 4220 611 4296 magis
639 4216 803 4278 masculino
831 4235 941 4295 genere
970 4218 1211 4298 pronuntientur,
1242 4237 1276 4282 ea
1299 4239 1381 4288 uero,

155 4437 265 4502 8grpcc
333 4433 516 4489 9ΕΥΤΙΚΗ(
621 4438 653 4487 10
670 4433 808 4503 Virgilius]
830 4437 860 4485 E.
884 4438 909 4485 V
925 4439 958 4486 65
1062 4439 1093 4487 12
1111 4434 1383 4500 ΕΠΙΚΟΕΝΟΝ,ὸι“ε

96 4503 123 4551 13
139 4503 301 4568 dipthongon
389 4505 421 4554 14
438 4518 529 4570 grecus
615 4505 647 4553 at
665 4513 751 4568 potest
766 4500 889 4568 discerni]
914 4504 947 4554 Ie
964 4519 1045 4569 marg.
1062 4507 1136 4570 ripae
1153 4507 1274 4571 opposito
1291 4508 1382 4556 addito

93 4577 144 4618 reru
162 4573 238 4622 baec:
257 4583 285 4619 ur
303 4572 392 4622 uidens
411 4572 539 4622 bominem
559 4583 633 4638 potes
651 4571 716 4622 seire
733 4583 817 4622 utrum
836 4573 870 4621 sit
888 4572 1016 4622 masculus
1034 4587 1066 4621 en
1084 4573 1194 4638 lemine,
1217 4573 1333 4623 similiter
1350 4575 1382 4624 de

95 4651 154 4698 equo
172 4651 197 4688 et
215 4653 289 4701 eque.
360 4641 393 4690 2⁶
411 4651 455 4688 ιιιιι
471 4655 568 4690 murem
586 4649 727 4690 currentem
745 4655 826 4705 cupra
846 4641 937 4690 lineam
1015 4641 1048 4690 27
1067 4641 1175 4691 mustela
1193 4636 1329 4708 feminino]
1348 4641 1381 4691 Io

94 4721 164 4771 marg.
186 4709 261 4771 ripno
283 4709 428 4771 apportem·
442 4709 528 4770 aquila
549 4709 581 4758 ab
603 4707 720 4758 acumine
743 4707 873 4758 oculorum
895 4707 1001 4768 dicitur,
1024 4722 1115 4774 passer
1138 4723 1199 4758 uero
1223 4722 1238 4757 c
1256 4711 1382 4774 paruitate

95 4775 240 4839 emporis.-
300 4777 333 4826 33
352 4774 487 4842 Virgilius]
509 4777 540 4829 lt.
559 4777 625 4826 115
703 4778 735 4826 37
755 4773 838 4826 uetur
906 4774 1113 4842 pronuntientur]
1132 4775 1192 4826 Gerr
1209 4776 1256 4827 doc
1273 4778 1329 4828 loco
1347 4777 1382 4838 (ιι.

98 4841 206 4906 27-37)
231 4845 354 4906 conferor
375 4846 433 4906 illa,
457 4860 522 4910 pune
539 4861 566 4909 p.
586 4847 649 4907 237,
668 4847 702 4894 16
719 4845 779 4896 adn.
797 4860 832 4895 ec
849 4844 937 4896 codiee
955 4843 1084 4895 nenena·
1101 4845 1154 4896 386
1170 4851 1298 4910 exempto
1314 4851 1380 4896 rent.
