3308 5542
39 2065 41 2128 t

39 2129 41 2170 r

92 521 184 586 medis
208 525 325 586 ceteros
353 521 553 586 saeculorum
583 521 689 586 octaui
712 522 791 586 noni
814 521 928 586 decimi
951 525 1097 586 auctores
1119 523 1345 606 grammaticos

93 655 116 694 u
135 632 319 716 antiquorum
348 631 494 696 fontibus
519 631 668 698 licentius
691 653 787 716 quem
810 631 933 696 cautius
955 631 1098 696 hausisse
1120 635 1237 716 pateat.
1282 631 1345 698 Sed

92 747 113 806 ut
128 764 160 806 ue
176 742 232 806 hoc
252 741 381 826 quidem
403 742 596 826 scriptorum
618 763 721 828 genus
742 742 838 826 plane
861 743 986 808 abesset
1007 765 1027 807 a
1047 747 1159 808 nostro
1180 743 1345 827 opusculo,

93 853 174 917 tibrum
186 852 387 918 lbricensem
403 851 429 919 Ο
443 852 486 918 58
502 852 593 939 (275)
609 851 759 918 Eduardo
772 851 962 918 Woelfflino
978 857 1108 920 auctore
1131 853 1346 920 describentes

92 964 181 1027 tertiam
199 964 263 1028 lere
276 967 402 1048 partem
418 965 524 1049 operis
539 986 559 1029 a
572 963 670 1030 Petro
685 961 770 1050 Riga
784 963 822 1029 de
838 963 1084 1048 praeteritorum
1101 965 1213 1030 formis
1234 965 1345 1048 scripti

91 1074 270 1158 excerpsimus.

146 1183 203 1248 Iam
229 1184 314 1268 quod
336 1184 401 1250 ulia
428 1186 548 1270 scripta
574 1185 702 1270 integra
729 1184 764 1248 in
791 1184 878 1250 hunc
907 1185 1025 1250 librum
1053 1187 1174 1272 recepi,
1208 1185 1345 1252 aliorum

91 1294 196 1378 siugrlos
215 1294 302 1361 locos
323 1299 484 1382 excerpsi,
508 1300 635 1382 praeter
650 1317 778 1360 causam
793 1317 888 1380 supra
907 1294 1041 1380 dictem,
1064 1319 1128 1382 qua
1143 1299 1227 1362 inter
1242 1300 1346 1362 certos

91 1406 208 1470 netues
232 1407 398 1472 continere
426 1407 578 1492 cogebar,
613 1428 651 1471 eo
686 1389 824 1471 ducebar
856 1407 1007 1491 consilio,
1043 1411 1093 1491 ut,
1127 1407 1205 1493 quid
1232 1429 1345 1472 unum-

90 1516 199 1600 quodque
218 1517 368 1582 utilitatis
390 1516 508 1582 hebere
531 1517 708 1600 uideretur,
735 1539 795 1600 pro
823 1517 910 1582 uirili
932 1521 1022 1601 purte
1045 1520 1227 1585 examinato
1250 1519 1345 1583 reliu-

90 1647 194 1711 querem,
215 1650 425 1712 quaeeunque
446 1629 482 1693 in
503 1627 698 1711 triticribus,
721 1650 817 1712 quem
840 1651 921 1712 quae
944 1629 1021 1693 ferri
1035 1629 1185 1715 typisque
1200 1628 1344 1694 mandari

90 1743 196 1823 posent,
225 1741 321 1804 rebus
350 1739 612 1824 argumentisque
642 1742 856 1804 uersarentur.
905 1737 1004 1804 Cuius
1031 1741 1159 1824 generis
1186 1741 1214 1805 si
1242 1741 1278 1806 in
1306 1725 1345 1804 iis

90 1869 193 1933 quoque,
213 1871 293 1934 quae
316 1848 470 1934 produxi,
491 1849 650 1914 nonnulla
671 1849 812 1914 inueniri
834 1848 1030 1932 iudicentur,
1054 1871 1110 1934 ea,
1135 1851 1190 1916 ubi
1213 1873 1345 1934 opuscu-

89 1957 173 2042 brun,
197 1960 233 2025 de
255 1960 375 2044 quibus
396 1960 566 2045 agebatur,
589 1962 797 2045 conspectum
819 1959 1005 2024 uniuersum
1027 1962 1167 2046 proponi
1189 1961 1284 2026 certis
1307 1961 1345 2025 de

89 2071 158 2134 remu
182 2093 198 2135 e
222 2093 256 2135 re
284 2071 357 2136 fore
385 2069 565 2154 uidebatur,
597 2070 686 2135 facili
713 2069 822 2134 animo
851 2069 964 2135 ceteris
991 2070 1162 2136 immisceri
1190 2071 1344 2156 patiebar.

89 2176 200 2264 Excerpsi
226 2185 336 2246 autem
364 2203 402 2244 ex
425 2181 546 2245 artibus
568 2181 724 2246 hactenus
745 2179 935 2266 incognitis,
964 2203 1045 2266 quae
1074 2182 1116 2246 ob
1143 2203 1250 2246 rerum
1273 2182 1344 2246 uili-

89 2296 155 2354 tatem
177 2291 362 2376 uaframque
389 2291 570 2376 exponendi
598 2291 817 2375 prolixitatem
845 2291 990 2377 integrae
1018 2291 1162 2357 exbiberi
1188 2315 1257 2357 non
1287 2315 1342 2376 po·

39 2437 40 2484 ,
89 2403 172 2484 renut,
191 2424 301 2468 omnes
325 2401 398 2467 illos
418 2402 521 2486 locos,
545 2403 660 2486 quibus
682 2401 723 2466 ad
744 2401 898 2467 maiorem
920 2422 988 2466 sese
1011 2403 1163 2487 cuiusque
1179 2403 1343 2487 scriptoris

39 2875 41 2930 t

39 3227 40 3272 r

39 3289 41 3352 t

39 3425 41 3468 r

88 2509 211 2593 ingenium
232 2512 415 2579 doctrinam
437 2513 595 2578 extulerat
616 2515 673 2580 eut
693 2517 839 2578 ueterum
860 2516 1031 2596 praecepta
1051 2514 1159 2578 miuus
1178 2512 1344 2598 diuulgata

88 2619 212 2688 referendo
237 2627 297 2689 aut
326 2623 541 2710 singularibus
567 2627 735 2707 poetarum
763 2623 963 2708 aliorumque
990 2623 1143 2708 exemplis
1177 2645 1245 2689 rem
1273 2623 1344 2688 illu·
1394 2643 1396 2650 ’

88 2733 189 2798 trudo.
228 2733 361 2820 Itaque,
389 2739 426 2800 ut
452 2757 518 2800 uno
546 2734 692 2818 exemplo
720 2734 781 2799 hac
809 2756 843 2799 re
871 2733 1045 2819 defungar,
1073 2755 1145 2799 cum
1168 2733 1343 2800 Clementis

39 2847 40 2868 ¹
88 2843 122 2922 qui
137 2851 256 2910 uocetur
270 2843 362 2912 Scoti
376 2848 478 2911 artem
492 2843 610 2912 codicis
625 2843 799 2910 Beruensis
817 2845 876 2910 123
892 2845 914 2909 f.
933 2847 949 2909 1
965 2866 1042 2930 seq,
1065 2867 1161 2929 quum
1184 2845 1343 2928 integrum

87 2951 257 3021 cluentinus
273 2955 355 3022 utile
370 2955 551 3040 uidebatur,
574 2956 632 3022 tuli
655 2956 789 3022 consilio
809 2977 1043 3041 percinrerem,
1065 2955 1165 3021 Probi
1186 2955 1344 3020 nonnulle

87 3076 152 3145 atque
169 3065 266 3153 Sergii
296 3067 497 3152 aliorumque
525 3071 693 3134 auctorum
721 3067 830 3152 aliqua
856 3065 1012 3134 hactenus
1038 3066 1206 3152 incognite
1227 3065 1343 3151 collegi

39 3167 40 3218 t
88 3171 190 3241 uirorum
215 3178 386 3244 doctorum
412 3179 591 3244 attentione
618 3200 686 3244 non
714 3178 857 3264 indigna.
904 3177 932 3244 Ε
961 3181 1074 3244 contra
1101 3181 1282 3244 commenta
1308 3176 1344 3242 in

89 3279 210 3353 donatiuo
229 3289 451 3354 Einsidlensia
471 3290 534 3354 tria
554 3289 627 3354 ideo
649 3289 690 3354 ud
711 3289 830 3355 codicis
852 3288 947 3354 fidem
969 3289 1097 3374 integra
1123 3287 1278 3371 expressi,
1306 3290 1344 3351 ut

88 3413 129 3459 unc
140 3401 271 3485 exemplo
287 3399 411 3485 insigni
425 3403 521 3485 utque
536 3400 700 3466 luculento
715 3399 882 3484 proposito
897 3402 1002 3464 totum
1021 3398 1102 3464 illud
1116 3397 1342 3483 Remigianum

39 3487 40 3536 l
88 3505 225 3588 rutundi
246 3531 352 3597 genus
376 3510 580 3576 illustrarem.

142 3617 194 3684 Sed
217 3645 259 3687 ne
287 3622 374 3688 hanc
402 3621 531 3706 quidem
565 3643 710 3707 operam,
747 3621 896 3707 quotiens
929 3619 1058 3707 singule
1089 3621 1342 3705 perscrutantem

39 3743 40 3800 ἒ
88 3721 215 3798 beliorum
228 3733 395 3798 fluctuum
410 3753 482 3816 spes
496 3733 592 3798 initio
607 3737 755 3816 suscepta
774 3732 922 3817 fallebat,
943 3732 1073 3818 penitus
1095 3753 1146 3796 me
1168 3728 1342 3816 perdidisse

88 3832 214 3927 licetur,
241 3847 415 3928 propterea
442 3843 542 3927 quod,
574 3843 630 3928 qui
657 3843 749 3910 labor
775 3843 886 3928 utique
915 3843 1016 3909 serius
1043 3842 1132 3908 ocius
1159 3839 1342 3906 subeundus
1426 3930 1428 3932 Ι

88 3953 140 4030 at,
161 3957 206 4037 ut,
233 3955 260 4018 si
284 3954 458 4038 quidinde
482 3953 523 4018 ad
544 3953 724 4040 augendum
746 3954 925 4020 litterarum
947 3953 1114 4020 scientiam
1135 3952 1203 4037 peti
1224 3953 1342 4036 posset,

87 4053 217 4142 digenter
243 4063 385 4149 uideres,
412 4064 476 4130 hoc
502 4087 553 4130 me
581 4065 768 4131 defunctum
796 4087 864 4130 esse
891 4087 958 4130 non
986 4064 1055 4130 sine
1083 4063 1221 4148 quadem
1242 4061 1342 4126 animi

39 4171 40 4194 ¹
87 4163 173 4236 laetitia
190 4175 378 4240 sentiebam.
421 4174 482 4240 Est
502 4198 580 4242 sune
600 4197 777 4262 permagna
798 4176 924 4260 artium,
937 4177 994 4242 illa
1020 4179 1124 4240 aetate
1152 4173 1342 4256 scriptarum

87 4295 133 4355 iffi
154 4281 194 4348 itu
218 4289 410 4371 conparate,
443 4290 481 4351 ut
511 4308 549 4352 er
576 4309 685 4352 earum
713 4285 899 4373 cognitione
927 4287 1000 4371 plus
1027 4285 1125 4352 taedii
1151 4305 1342 4369 concoquas,

88 4406 153 4466 qum
170 4393 308 4462 laetitiae
331 4396 503 4481 percipias,
525 4395 582 4463 sed
597 4397 709 4463 insunt
721 4398 856 4483 passim,
879 4419 960 4483 quae
974 4397 1088 4463 tollere
1104 4396 1186 4460 uelis
1200 4395 1342 4461 melioris

88 4501 151 4566 rome
169 4503 318 4590 bustula,
341 4528 535 4592 quamquam
556 4507 694 4574 multum
715 4509 819 4593 abest,
842 4511 879 4573 ut
897 4508 1033 4574 iuuenili
1047 4507 1104 4572 illo
1120 4506 1264 4592 quidem,
1286 4504 1342 4569 red

87 4615 225 4682 exorando
253 4618 374 4703 Angeli
402 4616 481 4683 Maii
508 4641 633 4701 amore,
663 4639 726 4703 quo
754 4619 882 4685 futilem
903 4617 1041 4704 Vergilii
1069 4617 1213 4684 Maronis
1240 4619 1341 4682 artem

89 4725 142 4786 bct
159 4723 254 4794 Vatic.
283 4735 363 4794 tom.
386 4728 416 4795 V
439 4729 538 4813 preef.
566 4753 598 4815 p.
621 4729 668 4796 Vl
696 4731 861 4815 amplexus
890 4735 953 4815 est,
984 4729 1094 4795 omnia
1119 4725 1343 4815 prosequende
