3354 5580
908 1185 1008 1267 VI

466 1379 924 1497 QVAESTIONES
956 1379 1454 1484 GRAMMATIOAE

315 1533 684 1634 SELEOTAE
710 1535 808 1634 EX
835 1534 1104 1636 CODIOE
1134 1533 1517 1634 BERNENSI
1552 1536 1606 1630 83

755 1688 1164 1788 EXOERPTAE.

838 2099 934 2162 PARS
956 2099 1081 2162 Paron.

357 2197 369 2284 ll
386 2201 406 2262 l.
426 2199 460 2264 1·
477 2197 489 2283 tl
514 2199 588 2262 iilud
611 2200 690 2282 quod
713 2201 892 2263 Horatius
914 2204 954 2262 ait
975 2202 1109 2264 ‘maior
1133 2201 1349 2269 Nernnum’,
1372 2197 1545 2260 nullatenus
1567 2203 1609 2256 est

313 2301 548 2364 subaudiendum
572 2304 700 2373 ‘aetatem
725 2311 755 2364 et
776 2304 887 2367 ‘minor
908 2305 1046 2366 iratrum'
1071 2321 1130 2366 non
1153 2304 1192 2364 ita
1215 2301 1305 2364 debet
1320 2301 1429 2381 exponi
1443 2319 1498 2380 pro
1522 2300 1609 2360 ‘unus

312 2404 438 2466 fratrum
461 2405 512 2485 qui
533 2404 631 2465 minor
654 2407 722 2473 est’.
755 2407 822 2484 quia
844 2407 922 2468 sicut
942 2414 1061 2468 sanctus
1081 2407 1314 2483 Augustinus
1335 2404 1372 2463 in
1395 2403 1488 2463 artis
1512 2401 1609 2462 libro

314 2507 577 2584 grammaticae
604 2505 815 2586 perspicaciter
843 2507 945 2579 docet,
974 2509 1194 2588 companaticus
1216 2505 1324 2586 gradus
1345 2503 1496 2565 interdum
1520 2519 1608 2582 gene·

292 2593 377 2668 ¹tiuo
398 2607 500 2676 seruit,
524 2615 596 2669 tunc
618 2605 738 2678 scilicet,
763 2609 882 2689 quando
905 2612 1064 2673 nominatis
1086 2607 1258 2670 bominibus
1273 2605 1320 2668 uel
1338 2606 1497 2667 enuntiatis
1521 2604 1631 2666 rebuss

314 2707 350 2769 ad
377 2709 458 2789 ipsos
487 2706 535 2770 uel
563 2707 600 2770 ad
628 2711 709 2789 ipsas
736 2711 769 2772 tit
791 2715 989 2795 comparatio.
1021 2721 1065 2774 ut:
1094 2711 1142 2773 ‘ad
1165 2713 1262 2791 ipsum
1285 2706 1477 2769 continebant
1498 2707 1607 2774 ludaei,

315 2829 350 2870 eo
372 2810 450 2891 quod
474 2817 553 2872 esset
574 2811 775 2875 honorabilior
798 2817 953 2886 omnium’,
977 2823 1020 2876 et:
1042 2815 1136 2895 ‘prior
1158 2813 1290 2873 omnium
1313 2816 1411 2872 creata
1435 2817 1479 2870 est
1492 2811 1608 2888 sapien-

314 2914 368 2984 tia,
398 2921 428 2974 et
449 2931 540 2993 opera
562 2931 638 2994 quae
662 2931 716 2994 ego
738 2916 828 2986 lacio.
858 2927 888 2978 et
910 2919 974 2998 ipse
998 2916 1086 2979 laciet
1108 2923 1139 2976 et
1160 2917 1271 2977 maiora
1294 2912 1400 2972 borum
1423 2909 1535 2981 laciet',
1564 2919 1606 2971 et:

314 3015 458 3096 ‘eripiens
480 3016 599 3095 inopem
623 3014 660 3077 de
683 3035 773 3078 manu
795 3018 953 3080 lortiorum
976 3021 1062 3090 eius’,
1086 3035 1145 3079 non
1169 3018 1241 3084 ‘eo’,
1273 3016 1360 3074 etin
1383 3011 1606 3074 blattbaenm

313 3115 572 3198 Hieronymus:
608 3123 696 3180 ‘non
726 3121 820 3181 euim
849 3121 1033 3201 sequitur,
1064 3126 1101 3180 ut
1128 3121 1158 3180 si
1186 3117 1251 3178 alii
1280 3117 1439 3178 maiores
1469 3133 1509 3175 eo
1539 3132 1639 3176 noun

313 3225 413 3294 sunt,
438 3221 519 3299 ipse
541 3219 658 3281 maior
681 3220 842 3283 aliorum
864 3225 936 3284 sit’
983 3222 1064 3284 Vnde
1087 3221 1188 3297 miuus
1210 3237 1334 3300 capaces
1356 3221 1553 3298 interpretes,
1578 3226 1607 3274 nt

313 3322 545 3399 Augustinus
577 3321 630 3391 ait,
665 3323 742 3384 male
775 3324 1004 3386 transtulerunt:
1039 3326 1132 3383 ‘nunc
1159 3330 1257 3383 autem
1286 3327 1412 3381 manent
1438 3317 1511 3380 lldes
1540 3336 1608 3398 spes

313 3425 422 3484 caritas
450 3424 506 3484 tria
533 3421 621 3495 baec,
651 3425 747 3486 maior
774 3434 870 3488 autem
894 3425 940 3488 bis
963 3434 1009 3487 est
1030 3427 1161 3494 caritas,
1190 3442 1256 3485 cum
1279 3423 1384 3483 ‘maior
1405 3417 1527 3482 borum’
1551 3420 1607 3480 dici

313 3524 430 3586 debeat.
476 3525 508 3586 Si
530 3525 610 3585 enim
632 3543 700 3588 curn
723 3526 781 3588 tide
804 3536 834 3589 et
855 3547 907 3610 spe
929 3529 1151 3610 praenominata
1174 3526 1284 3587 caritas
1306 3541 1365 3584 non
1386 3523 1507 3592 luisset,
1540 3529 1607 3582 tnnc

313 3627 421 3688 ‘maior
443 3625 500 3688 his'
523 3628 630 3688 caritas
652 3625 710 3690 dici
733 3627 891 3692 debuisset.
936 3631 1056 3692 Fatetur
1085 3627 1164 3690 idem
1186 3625 1406 3688 Priscianus
1433 3625 1637 3702 genetiuumra

315 3747 378 3790 esse
405 3748 460 3811 pro
488 3731 687 3790 nominatiuo:
717 3741 750 3791 ut
777 3732 857 3792 ‘cum
886 3733 949 3792 eius
976 3730 1096 3793 aduenti
1123 3729 1196 3791 mibi
1223 3728 1305 3788 uenit
1333 3728 1363 3787 in
1390 3731 1534 3788 mentem’
1563 3731 1605 3785 et:

314 3834 393 3892 ‘cum
427 3829 507 3893 illius
539 3833 682 3910 temporis
710 3831 781 3893 rnibi
810 3837 892 3895 uenit
918 3835 949 3896 in
977 3835 1119 3895 mentem'
1149 3842 1191 3893 et:
1226 3833 1285 3896 ‘lac
1312 3830 1366 3893 tibi
1394 3827 1505 3892 Aciliae
1535 3829 1606 3906 legis

313 3919 413 3994 ueniat
434 3933 464 3994 in
486 3936 629 3994 mentem’
653 3939 695 3994 et:
719 3935 799 3998 ‘cum
823 3935 894 3998 milri
909 3935 1103 4016 Tyndaritani
1123 3934 1203 3996 illius
1226 3935 1309 3995 uenit
1330 3935 1361 3995 in
1376 3939 1516 4002 mentem,
1541 3948 1605 3992 curn

314 4034 480 4112 Segestani’
497 4041 539 4094 et:
564 4037 641 4094 ‘cum
659 4044 758 4097 uatum
775 4035 854 4097 illius
876 4038 1018 4118 temporis
1041 4039 1123 4099 uenit
1144 4040 1173 4098 iu
1196 4037 1340 4097 mentem'
1356 4043 1385 4096 et
1407 4042 1506 4096 cetera
1520 4033 1605 4094 buius

314 4135 407 4205 modi,
438 4135 515 4216 quod
544 4135 665 4198 omniuo
694 4136 861 4200 nuliatenus
890 4147 932 4200 est
958 4157 1079 4211 uerum,
1109 4138 1161 4200 sed
1184 4139 1308 4216 figurate
1331 4139 1444 4199 Graeco
1468 4132 1638 4196 uidelicetn

381 4321 983 4389 6011913111.833αεο.ΧΙ.1·-[.16“.
1071 4320 1235 4389 llloratins]
1257 4322 1408 4374 ΟΜΝ
1422 4323 1523 4385 mu
1590 4321 1604 4367 2
1672 4281 1673 4288 ἵ

313 4399 379 4440 etate
446 4388 653 4457 3Angustinus]
672 4393 707 4457 cs.
720 4409 746 4457 p.
758 4395 784 4456 8,
797 4395 831 4442 27
842 4393 882 4443 ed.
899 4393 995 4444 Weber
1045 4393 1207 4444 limatbeurn
1264 4385 1605 4456 solemniacensem

313 4474 371 4523 cap.
387 4457 430 4509 XI
442 4460 474 4509 11
488 4464 546 4510 tom.
560 4459 708 4567 Wstlioemgy
720 4461 746 4510 Ε
758 4463 798 4512 ed.
813 4461 926 4511 Velim.
980 4475 1031 4510 non
1049 4461 1115 4510 eninr
1134 4461 1221 4511 statim
1238 4487 1270 4496 —
1290 4459 1331 4510 ille
1348 4459 1430 4509 maior
1447 4457 1556 4507 aliorum
1574 4456 1604 4504 sit

317 4577 461 4628 Vallareiae
529 4579 559 4628 11
578 4580 694 4648 omnium
781 4581 812 4630 12
830 4577 1003 4647 Augustinus]
1023 4580 1056 4643 ef.
1074 4597 1100 4645 p.
1119 4584 1143 4644 9,
1162 4582 1198 4631 34
1215 4581 1255 4630 ed.
1273 4577 1381 4630 Weber:
1408 4577 1481 4626 cuius
1500 4575 1603 4625 rationis

314 4644 397 4694 minus
410 4657 516 4747 ⁰⁸P¹3⁰fi⁸
529 4651 633 4708 quidam
647 4651 671 4699 in
684 4647 821 4712 aliquantis
833 4649 963 4699 codicibus
976 4649 1176 4698 emendauernnt
1187 4649 1280 4698 ‘maior
1293 4657 1376 4696 aretem
1389 4645 1429 4695 iris
1442 4653 1482 4694 est
1493 4644 1602 4694 caricas'.

451 4719 481 4748 ild
508 4721 544 4750 Μ

315 4762 346 4810 13
364 4763 455 4816 caritas
473 4769 555 4816 maior
624 4770 655 4819 lli
668 4765 825 4834 Priscianus]
845 4769 880 4832 ef.
892 4767 926 4817 11
935 4783 962 4831 p.
976 4769 1037 4828 352,
1048 4770 1081 4817 1⁶
1092 4769 1126 4819 H.
1198 4770 1228 4818 1¹1
1245 4781 1302 4816 cum
1321 4761 1398 4830 iliius]
1418 4765 1503 4813 Prae.
1516 4765 1532 4812 l.
1547 4765 1561 4817 l.
1574 4761 1603 4810 m

315 4826 347 4877 18
363 4843 421 4878 cum
438 4832 513 4900 mibi]
532 4835 615 4886 Prisc.
628 4837 644 4885 l.
657 4837 675 4889 l.
687 4838 729 4888 20.
766 4837 859 4886 Cetera
876 4838 994 4900 exempla
1010 4835 1112 4888 aliunde
1129 4839 1235 4886 collecta
1251 4841 1317 4886 sunt.
1371 4831 1519 4883 tindaritani
