<?xml version="1.0" encoding="UTF-8"?>
<!DOCTYPE html PUBLIC "-//W3C//DTD XHTML 1.0 Transitional//EN"
    "http://www.w3.org/TR/xhtml1/DTD/xhtml1-transitional.dtd">
<html xmlns="http://www.w3.org/1999/xhtml" xml:lang="en" lang="en">
 <head>
  <title>
</title>
<meta http-equiv="Content-Type" content="text/html;charset=utf-8" />
  <meta name='ocr-system' content='tesseract 3.04.00' />
  <meta name='ocr-capabilities' content='ocr_page ocr_carea ocr_par ocr_line ocrx_word'/>
</head>
<body>
  <div class='ocr_page' id='page_1' title='image "./anecdotahelveti00hagegoog_0524.png"; bbox 0 0 3354 5580; ppageno 0'>
   <div class='ocr_carea' id='block_1_1' title="bbox 511 368 1403 434">
    <p class='ocr_par' dir='ltr' id='par_1_1' title="bbox 511 368 1403 434">
     <span class='ocr_line' id='line_1_1' title="bbox 511 368 1403 434; baseline 0.013 -11"><span class='ocrx_word' id='word_1_1' title='bbox 511 372 551 424; x_wconf 86' lang='lat' dir='ltr'><strong>m</strong></span> <span class='ocrx_word' id='word_1_2' title='bbox 569 370 654 426; x_wconf 86' lang='lat' dir='ltr'><strong>non.</strong></span> <span class='ocrx_word' id='word_1_3' title='bbox 672 369 800 424; x_wconf 83' lang='lat' dir='ltr'><strong>nnreu</strong></span> <span class='ocrx_word' id='word_1_4' title='bbox 817 370 998 426; x_wconf 81' lang='lat' dir='ltr'><strong>umonnu.</strong></span> <span class='ocrx_word' id='word_1_5' title='bbox 1339 368 1403 434; x_wconf 80' lang='lat'><strong>253</strong></span> 
     </span>
    </p>
   </div>
   <div class='ocr_carea' id='block_1_2' title="bbox 53 557 1545 3893">
    <p class='ocr_par' dir='ltr' id='par_1_2' title="bbox 53 557 1545 3893">
     <span class='ocr_line' id='line_1_2' title="bbox 92 557 1401 639; baseline -0.001 -18"><span class='ocrx_word' id='word_1_6' title='bbox 92 566 134 621; x_wconf 92' lang='lat' dir='ltr'><strong>ut</strong></span> <span class='ocrx_word' id='word_1_7' title='bbox 160 557 323 622; x_wconf 75' lang='lat' dir='ltr'><strong>‘lectorio&#39;</strong></span> <span class='ocrx_word' id='word_1_8' title='bbox 346 561 367 621; x_wconf 94' lang='lat' dir='ltr'><strong>i·</strong></span> <span class='ocrx_word' id='word_1_9' title='bbox 391 557 490 638; x_wconf 84' lang='lat' dir='ltr'><strong>legere</strong></span> <span class='ocrx_word' id='word_1_10' title='bbox 514 559 626 638; x_wconf 82' lang='lat' dir='ltr'><strong>cogito,</strong></span> <span class='ocrx_word' id='word_1_11' title='bbox 651 561 787 622; x_wconf 78' lang='lat' dir='ltr'><strong>‘esurio’</strong></span> <span class='ocrx_word' id='word_1_12' title='bbox 812 563 833 622; x_wconf 91' lang='lat' dir='ltr'><strong>i·</strong></span> <span class='ocrx_word' id='word_1_13' title='bbox 856 558 945 620; x_wconf 89' lang='lat' dir='ltr'><strong>edere</strong></span> <span class='ocrx_word' id='word_1_14' title='bbox 975 561 1088 638; x_wconf 84' lang='lat' dir='ltr'><strong>cogito;</strong></span> <span class='ocrx_word' id='word_1_15' title='bbox 1115 560 1167 639; x_wconf 91' lang='lat' dir='ltr'><strong>qul</strong></span> <span class='ocrx_word' id='word_1_16' title='bbox 1196 562 1275 622; x_wconf 90' lang='lat' dir='ltr'><strong>enim</strong></span> <span class='ocrx_word' id='word_1_17' title='bbox 1298 560 1401 629; x_wconf 87' lang='lat' dir='ltr'><strong>esurit.</strong></span> 
     </span>
     <span class='ocr_line' id='line_1_3' title="bbox 94 659 1401 741; baseline 0 -20"><span class='ocrx_word' id='word_1_18' title='bbox 94 659 278 730; x_wconf 85' lang='lat' dir='ltr'><strong>meditatur,</strong></span> <span class='ocrx_word' id='word_1_19' title='bbox 301 669 333 722; x_wconf 91' lang='lat' dir='ltr'><strong>ut</strong></span> <span class='ocrx_word' id='word_1_20' title='bbox 356 661 526 730; x_wconf 68' lang='lat' dir='ltr'><strong>manducem</strong></span> <span class='ocrx_word' id='word_1_21' title='bbox 557 663 724 739; x_wconf 77' lang='lat' dir='ltr'><strong>‘parturio’</strong></span> <span class='ocrx_word' id='word_1_22' title='bbox 752 663 777 722; x_wconf 91' lang='lat' dir='ltr'><strong>l·</strong></span> <span class='ocrx_word' id='word_1_23' title='bbox 800 679 908 741; x_wconf 86' lang='lat' dir='ltr'><strong>parere</strong></span> <span class='ocrx_word' id='word_1_24' title='bbox 937 663 1049 740; x_wconf 73' lang='lat' dir='ltr'><strong>cogito:</strong></span> <span class='ocrx_word' id='word_1_25' title='bbox 1080 663 1222 741; x_wconf 80' lang='lat' dir='ltr'><strong>‘parere’</strong></span> <span class='ocrx_word' id='word_1_26' title='bbox 1245 669 1290 724; x_wconf 87' lang='lat' dir='ltr'><strong>est</strong></span> <span class='ocrx_word' id='word_1_27' title='bbox 1310 661 1401 722; x_wconf 88' lang='lat' dir='ltr'><strong>letum</strong></span> 
     </span>
     <span class='ocr_line' id='line_1_4' title="bbox 92 761 1402 843; baseline 0.001 -21"><span class='ocrx_word' id='word_1_28' title='bbox 92 763 116 822; x_wconf 94' lang='lat' dir='ltr'><strong>i·</strong></span> <span class='ocrx_word' id='word_1_29' title='bbox 146 768 269 841; x_wconf 86' lang='lat' dir='ltr'><strong>partum</strong></span> <span class='ocrx_word' id='word_1_30' title='bbox 291 764 442 831; x_wconf 86' lang='lat' dir='ltr'><strong>emittere.</strong></span> <span class='ocrx_word' id='word_1_31' title='bbox 467 763 654 842; x_wconf 74' lang='lat' dir='ltr'><strong>‘parturire&#39;</strong></span> <span class='ocrx_word' id='word_1_32' title='bbox 672 780 745 824; x_wconf 91' lang='lat' dir='ltr'><strong>uero</strong></span> <span class='ocrx_word' id='word_1_33' title='bbox 767 771 836 826; x_wconf 88' lang='lat' dir='ltr'><strong>ante</strong></span> <span class='ocrx_word' id='word_1_34' title='bbox 858 770 975 843; x_wconf 85' lang='lat' dir='ltr'><strong>partum</strong></span> <span class='ocrx_word' id='word_1_35' title='bbox 999 761 1109 832; x_wconf 87' lang='lat' dir='ltr'><strong>dolere,</strong></span> <span class='ocrx_word' id='word_1_36' title='bbox 1133 762 1212 826; x_wconf 92' lang='lat' dir='ltr'><strong>unde</strong></span> <span class='ocrx_word' id='word_1_37' title='bbox 1235 766 1270 825; x_wconf 89' lang='lat' dir='ltr'><strong>in</strong></span> <span class='ocrx_word' id='word_1_38' title='bbox 1293 781 1402 824; x_wconf 89' lang='lat' dir='ltr'><strong>euan-</strong></span> 
     </span>
     <span class='ocr_line' id='line_1_5' title="bbox 92 849 1459 962; baseline 0.004 -37"><span class='ocrx_word' id='word_1_39' title='bbox 92 849 387 962; x_wconf 47' lang='lat' dir='ltr'><strong>geliojmulicr</strong></span> <span class='ocrx_word' id='word_1_40' title='bbox 410 883 489 926; x_wconf 90' lang='lat' dir='ltr'><strong>cum</strong></span> <span class='ocrx_word' id='word_1_41' title='bbox 511 865 693 943; x_wconf 87' lang='lat' dir='ltr'><strong>parturit.</strong></span> <span class='ocrx_word' id='word_1_42' title='bbox 724 865 923 926; x_wconf 86' lang='lat' dir='ltr'><strong>tristitiam</strong></span> <span class='ocrx_word' id='word_1_43' title='bbox 947 863 1074 933; x_wconf 85' lang='lat' dir='ltr'><strong>babet,</strong></span> <span class='ocrx_word' id='word_1_44' title='bbox 1097 865 1118 924; x_wconf 90' lang='lat' dir='ltr'><strong>i·</strong></span> <span class='ocrx_word' id='word_1_45' title='bbox 1141 882 1209 926; x_wconf 89' lang='lat' dir='ltr'><strong>oum</strong></span> <span class='ocrx_word' id='word_1_46' title='bbox 1233 863 1313 925; x_wconf 89' lang='lat' dir='ltr'><strong>dolet</strong></span> <span class='ocrx_word' id='word_1_47' title='bbox 1334 871 1401 926; x_wconf 87' lang='lat' dir='ltr'><strong>ante</strong></span> <span class='ocrx_word' id='word_1_48' title='bbox 1455 923 1459 930; x_wconf 91' lang='lat'>.</span> 
     </span>
     <span class='ocr_line' id='line_1_6' title="bbox 62 964 1413 1047; baseline 0.007 -25"><span class='ocrx_word' id='word_1_49' title='bbox 62 973 235 1044; x_wconf 77' lang='lat' dir='ltr'><strong>spartum.</strong></span> <span class='ocrx_word' id='word_1_50' title='bbox 280 965 576 1046; x_wconf 78' lang='lat' dir='ltr'><strong>Frequentatiua</strong></span> <span class='ocrx_word' id='word_1_51' title='bbox 604 966 698 1026; x_wconf 89' lang='lat' dir='ltr'><strong>lorma</strong></span> <span class='ocrx_word' id='word_1_52' title='bbox 730 965 837 1027; x_wconf 89' lang='lat' dir='ltr'><strong>dicitur</strong></span> <span class='ocrx_word' id='word_1_53' title='bbox 865 983 881 1026; x_wconf 89' lang='lat' dir='ltr'><strong>e</strong></span> <span class='ocrx_word' id='word_1_54' title='bbox 905 965 1084 1046; x_wconf 76' lang='lat' dir='ltr'><strong>frequentia,</strong></span> <span class='ocrx_word' id='word_1_55' title='bbox 1115 965 1196 1047; x_wconf 86' lang='lat' dir='ltr'><strong>quod</strong></span> <span class='ocrx_word' id='word_1_56' title='bbox 1225 964 1332 1028; x_wconf 89' lang='lat' dir='ltr'><strong>crebro</strong></span> <span class='ocrx_word' id='word_1_57' title='bbox 1360 966 1413 1034; x_wconf 86' lang='lat' dir='ltr'><strong>ut..</strong></span> 
     </span>
     <span class='ocr_line' id='line_1_7' title="bbox 94 1066 1403 1149; baseline 0.002 -23"><span class='ocrx_word' id='word_1_58' title='bbox 94 1073 134 1126; x_wconf 83' lang='lat' dir='ltr'><strong>ut</strong></span> <span class='ocrx_word' id='word_1_59' title='bbox 161 1067 296 1129; x_wconf 75' lang='lat' dir='ltr'><strong>‘lectito&#39;</strong></span> <span class='ocrx_word' id='word_1_60' title='bbox 320 1069 339 1127; x_wconf 93' lang='lat' dir='ltr'><strong>i·</strong></span> <span class='ocrx_word' id='word_1_61' title='bbox 363 1085 452 1149; x_wconf 81' lang='lat' dir='ltr'><strong>saepe</strong></span> <span class='ocrx_word' id='word_1_62' title='bbox 479 1067 555 1146; x_wconf 77' lang='lat' dir='ltr'><strong>lego.</strong></span> <span class='ocrx_word' id='word_1_63' title='bbox 600 1066 824 1128; x_wconf 86' lang='lat' dir='ltr'><strong>lnelroatiua</strong></span> <span class='ocrx_word' id='word_1_64' title='bbox 853 1066 961 1128; x_wconf 88' lang='lat' dir='ltr'><strong>dicitur</strong></span> <span class='ocrx_word' id='word_1_65' title='bbox 984 1067 1020 1128; x_wconf 87' lang='lat' dir='ltr'><strong>ab</strong></span> <span class='ocrx_word' id='word_1_66' title='bbox 1044 1067 1226 1138; x_wconf 80' lang='lat' dir='ltr'><strong>inchoando.</strong></span> <span class='ocrx_word' id='word_1_67' title='bbox 1257 1067 1335 1145; x_wconf 90' lang='lat' dir='ltr'><strong>qnod</strong></span> <span class='ocrx_word' id='word_1_68' title='bbox 1358 1067 1403 1128; x_wconf 93' lang='lat' dir='ltr'><strong>in·</strong></span> 
     </span>
     <span class='ocr_line' id='line_1_8' title="bbox 91 1168 1401 1248; baseline 0.001 -20"><span class='ocrx_word' id='word_1_69' title='bbox 91 1168 292 1228; x_wconf 86' lang='lat' dir='ltr'><strong>choationem</strong></span> <span class='ocrx_word' id='word_1_70' title='bbox 326 1169 351 1228; x_wconf 92' lang='lat' dir='ltr'><strong>i·</strong></span> <span class='ocrx_word' id='word_1_71' title='bbox 381 1169 580 1248; x_wconf 82' lang='lat' dir='ltr'><strong>inceptionem</strong></span> <span class='ocrx_word' id='word_1_72' title='bbox 614 1170 776 1248; x_wconf 76' lang='lat' dir='ltr'><strong>significat,</strong></span> <span class='ocrx_word' id='word_1_73' title='bbox 818 1176 851 1230; x_wconf 91' lang='lat' dir='ltr'><strong>ut</strong></span> <span class='ocrx_word' id='word_1_74' title='bbox 883 1169 1020 1231; x_wconf 85' lang='lat' dir='ltr'><strong>leruesco</strong></span> <span class='ocrx_word' id='word_1_75' title='bbox 1056 1171 1082 1231; x_wconf 93' lang='lat' dir='ltr'><strong>i·</strong></span> <span class='ocrx_word' id='word_1_76' title='bbox 1117 1169 1238 1231; x_wconf 82' lang='lat' dir='ltr'><strong>seruere</strong></span> <span class='ocrx_word' id='word_1_77' title='bbox 1255 1183 1258 1188; x_wconf 86' lang='lat'>·</span> <span class='ocrx_word' id='word_1_78' title='bbox 1278 1171 1401 1248; x_wconf 88' lang='lat' dir='ltr'><strong>incipio.</strong></span> 
     </span>
     <span class='ocr_line' id='line_1_9' title="bbox 94 1269 1401 1348; baseline 0 -18"><span class='ocrx_word' id='word_1_79' title='bbox 94 1269 285 1339; x_wconf 87' lang='lat' dir='ltr'><strong>Sciendum,</strong></span> <span class='ocrx_word' id='word_1_80' title='bbox 322 1271 390 1348; x_wconf 88' lang='lat' dir='ltr'><strong>quia</strong></span> <span class='ocrx_word' id='word_1_81' title='bbox 424 1269 554 1332; x_wconf 84' lang='lat' dir='ltr'><strong>Donatus</strong></span> <span class='ocrx_word' id='word_1_82' title='bbox 586 1271 617 1332; x_wconf 93' lang='lat' dir='ltr'><strong>in</strong></span> <span class='ocrx_word' id='word_1_83' title='bbox 651 1269 697 1330; x_wconf 84' lang='lat' dir='ltr'><strong>bis</strong></span> <span class='ocrx_word' id='word_1_84' title='bbox 728 1269 833 1332; x_wconf 81' lang='lat' dir='ltr'><strong>formis</strong></span> <span class='ocrx_word' id='word_1_85' title='bbox 868 1279 983 1332; x_wconf 84' lang='lat' dir='ltr'><strong>rectum</strong></span> <span class='ocrx_word' id='word_1_86' title='bbox 1023 1290 1083 1334; x_wconf 94' lang='lat' dir='ltr'><strong>non</strong></span> <span class='ocrx_word' id='word_1_87' title='bbox 1122 1272 1219 1332; x_wconf 88' lang='lat' dir='ltr'><strong>tenuit</strong></span> <span class='ocrx_word' id='word_1_88' title='bbox 1256 1270 1401 1331; x_wconf 81' lang='lat' dir='ltr'><strong>ordinem.</strong></span> 
     </span>
     <span class='ocr_line' id='line_1_10' title="bbox 93 1370 1404 1451; baseline -0.001 -19"><span class='ocrx_word' id='word_1_89' title='bbox 93 1371 209 1432; x_wconf 89' lang='lat' dir='ltr'><strong>Primo</strong></span> <span class='ocrx_word' id='word_1_90' title='bbox 238 1372 317 1433; x_wconf 90' lang='lat' dir='ltr'><strong>enim</strong></span> <span class='ocrx_word' id='word_1_91' title='bbox 344 1373 547 1433; x_wconf 88' lang='lat' dir='ltr'><strong>meditatiuam</strong></span> <span class='ocrx_word' id='word_1_92' title='bbox 576 1370 730 1434; x_wconf 79' lang='lat' dir='ltr'><strong>debuisset</strong></span> <span class='ocrx_word' id='word_1_93' title='bbox 751 1389 878 1451; x_wconf 87' lang='lat' dir='ltr'><strong>ponere,</strong></span> <span class='ocrx_word' id='word_1_94' title='bbox 909 1372 1042 1434; x_wconf 86' lang='lat' dir='ltr'><strong>secundo</strong></span> <span class='ocrx_word' id='word_1_95' title='bbox 1069 1373 1283 1442; x_wconf 84' lang='lat' dir='ltr'><strong>inchoatiuam,</strong></span> <span class='ocrx_word' id='word_1_96' title='bbox 1312 1373 1404 1434; x_wconf 88' lang='lat' dir='ltr'><strong>tertio</strong></span> 
     </span>
     <span class='ocr_line' id='line_1_11' title="bbox 53 1471 1402 1554; baseline 0.005 -26"><span class='ocrx_word' id='word_1_97' title='bbox 53 1491 79 1530; x_wconf 83' lang='grc' dir='ltr'><strong>ιο</strong></span> <span class='ocrx_word' id='word_1_98' title='bbox 95 1472 286 1552; x_wconf 76' lang='lat' dir='ltr'><strong>perfectam,</strong></span> <span class='ocrx_word' id='word_1_99' title='bbox 310 1480 415 1552; x_wconf 89' lang='lat' dir='ltr'><strong>quarto</strong></span> <span class='ocrx_word' id='word_1_100' title='bbox 437 1473 703 1553; x_wconf 77' lang='lat' dir='ltr'><strong>trequentatluam,</strong></span> <span class='ocrx_word' id='word_1_101' title='bbox 728 1471 797 1552; x_wconf 90' lang='lat' dir='ltr'><strong>qula</strong></span> <span class='ocrx_word' id='word_1_102' title='bbox 818 1475 947 1554; x_wconf 90' lang='lat' dir='ltr'><strong>primum</strong></span> <span class='ocrx_word' id='word_1_103' title='bbox 970 1475 1149 1537; x_wconf 86' lang='lat' dir='ltr'><strong>meditamur</strong></span> <span class='ocrx_word' id='word_1_104' title='bbox 1170 1472 1295 1551; x_wconf 88' lang='lat' dir='ltr'><strong>aliquid,</strong></span> <span class='ocrx_word' id='word_1_105' title='bbox 1319 1482 1402 1535; x_wconf 89' lang='lat' dir='ltr'><strong>ante·</strong></span> 
     </span>
     <span class='ocr_line' id='line_1_12' title="bbox 94 1572 1402 1658; baseline 0.002 -24"><span class='ocrx_word' id='word_1_106' title='bbox 94 1593 195 1654; x_wconf 85' lang='lat' dir='ltr'><strong>quarn</strong></span> <span class='ocrx_word' id='word_1_107' title='bbox 218 1575 371 1646; x_wconf 87' lang='lat' dir='ltr'><strong>iaciamus,</strong></span> <span class='ocrx_word' id='word_1_108' title='bbox 395 1573 502 1636; x_wconf 88' lang='lat' dir='ltr'><strong>deinde</strong></span> <span class='ocrx_word' id='word_1_109' title='bbox 524 1574 710 1644; x_wconf 81' lang='lat' dir='ltr'><strong>inchoamus,</strong></span> <span class='ocrx_word' id='word_1_110' title='bbox 735 1583 837 1654; x_wconf 87' lang='lat' dir='ltr'><strong>postea</strong></span> <span class='ocrx_word' id='word_1_111' title='bbox 860 1575 1031 1655; x_wconf 84' lang='lat' dir='ltr'><strong>perficimus</strong></span> <span class='ocrx_word' id='word_1_112' title='bbox 1047 1574 1058 1658; x_wconf 89' lang='grc' dir='ltr'><strong>ΙΙ</strong></span> <span class='ocrx_word' id='word_1_113' title='bbox 1077 1572 1136 1638; x_wconf 85' lang='grc'><strong>178</strong></span> <span class='ocrx_word' id='word_1_114' title='bbox 1153 1573 1182 1658; x_wconf 78' lang='lat' dir='ltr'><strong>ll,</strong></span> <span class='ocrx_word' id='word_1_115' title='bbox 1206 1575 1242 1637; x_wconf 92' lang='lat' dir='ltr'><strong>ad</strong></span> <span class='ocrx_word' id='word_1_116' title='bbox 1266 1573 1402 1636; x_wconf 90' lang='lat' dir='ltr'><strong>ultimum</strong></span> 
     </span>
     <span class='ocr_line' id='line_1_13' title="bbox 95 1675 1402 1756; baseline 0.001 -19"><span class='ocrx_word' id='word_1_117' title='bbox 95 1679 131 1738; x_wconf 92' lang='lat' dir='ltr'><strong>in</strong></span> <span class='ocrx_word' id='word_1_118' title='bbox 160 1695 217 1737; x_wconf 89' lang='lat' dir='ltr'><strong>usu</strong></span> <span class='ocrx_word' id='word_1_119' title='bbox 240 1678 385 1756; x_wconf 83' lang='lat' dir='ltr'><strong>ponimus.</strong></span> <span class='ocrx_word' id='word_1_120' title='bbox 431 1675 489 1737; x_wconf 84' lang='lat' dir='ltr'><strong>Sed</strong></span> <span class='ocrx_word' id='word_1_121' title='bbox 518 1675 568 1738; x_wconf 86' lang='lat' dir='ltr'><strong>ille</strong></span> <span class='ocrx_word' id='word_1_122' title='bbox 591 1679 722 1739; x_wconf 84' lang='lat' dir='ltr'><strong>imitatus</strong></span> <span class='ocrx_word' id='word_1_123' title='bbox 744 1684 880 1739; x_wconf 91' lang='lat' dir='ltr'><strong>naturam</strong></span> <span class='ocrx_word' id='word_1_124' title='bbox 903 1697 919 1738; x_wconf 92' lang='lat' dir='ltr'><strong>a</strong></span> <span class='ocrx_word' id='word_1_125' title='bbox 942 1679 1073 1756; x_wconf 88' lang='lat' dir='ltr'><strong>perlecta</strong></span> <span class='ocrx_word' id='word_1_126' title='bbox 1101 1677 1267 1746; x_wconf 88' lang='lat' dir='ltr'><strong>incboauit;</strong></span> <span class='ocrx_word' id='word_1_127' title='bbox 1297 1685 1402 1738; x_wconf 84' lang='lat' dir='ltr'><strong>natura</strong></span> 
     </span>
     <span class='ocr_line' id='line_1_14' title="bbox 95 1776 1402 1860; baseline 0 -21"><span class='ocrx_word' id='word_1_128' title='bbox 95 1781 189 1840; x_wconf 88' lang='lat' dir='ltr'><strong>enim</strong></span> <span class='ocrx_word' id='word_1_129' title='bbox 210 1779 230 1838; x_wconf 92' lang='lat' dir='ltr'><strong>i·</strong></span> <span class='ocrx_word' id='word_1_130' title='bbox 254 1776 329 1839; x_wconf 87' lang='lat' dir='ltr'><strong>deus</strong></span> <span class='ocrx_word' id='word_1_131' title='bbox 356 1797 372 1840; x_wconf 89' lang='lat' dir='ltr'><strong>a</strong></span> <span class='ocrx_word' id='word_1_132' title='bbox 401 1781 542 1858; x_wconf 84' lang='lat' dir='ltr'><strong>perlectis</strong></span> <span class='ocrx_word' id='word_1_133' title='bbox 570 1780 667 1840; x_wconf 87' lang='lat' dir='ltr'><strong>omnia</strong></span> <span class='ocrx_word' id='word_1_134' title='bbox 696 1780 810 1859; x_wconf 87' lang='lat' dir='ltr'><strong>coepit:</strong></span> <span class='ocrx_word' id='word_1_135' title='bbox 843 1780 913 1840; x_wconf 83' lang='lat' dir='ltr'><strong>lecit</strong></span> <span class='ocrx_word' id='word_1_136' title='bbox 941 1779 1093 1842; x_wconf 88' lang='lat' dir='ltr'><strong>bominem</strong></span> <span class='ocrx_word' id='word_1_137' title='bbox 1122 1779 1288 1860; x_wconf 86' lang='lat' dir='ltr'><strong>perlectum</strong></span> <span class='ocrx_word' id='word_1_138' title='bbox 1316 1780 1402 1858; x_wconf 86' lang='lat' dir='ltr'><strong>quasi</strong></span> 
     </span>
     <span class='ocr_line' id='line_1_15' title="bbox 95 1879 1415 1970; baseline 0 -30"><span class='ocrx_word' id='word_1_139' title='bbox 95 1883 131 1941; x_wconf 92' lang='lat' dir='ltr'><strong>in</strong></span> <span class='ocrx_word' id='word_1_140' title='bbox 159 1888 256 1942; x_wconf 82' lang='lat' dir='ltr'><strong>aetate</strong></span> <span class='ocrx_word' id='word_1_141' title='bbox 285 1880 405 1958; x_wconf 80' lang='lat' dir='ltr'><strong>triginta</strong></span> <span class='ocrx_word' id='word_1_142' title='bbox 428 1898 590 1970; x_wconf 68' lang='lat' dir='ltr'><strong>annorum</strong></span> <span class='ocrx_word' id='word_1_143' title='bbox 620 1879 691 1941; x_wconf 86' lang='lat' dir='ltr'><strong>lecit</strong></span> <span class='ocrx_word' id='word_1_144' title='bbox 720 1887 750 1940; x_wconf 91' lang='lat' dir='ltr'><strong>et</strong></span> <span class='ocrx_word' id='word_1_145' title='bbox 777 1879 915 1943; x_wconf 81' lang='lat' dir='ltr'><strong>arborem</strong></span> <span class='ocrx_word' id='word_1_146' title='bbox 945 1897 1003 1941; x_wconf 91' lang='lat' dir='ltr'><strong>non</strong></span> <span class='ocrx_word' id='word_1_147' title='bbox 1028 1883 1168 1942; x_wconf 82' lang='lat' dir='ltr'><strong>fructum.</strong></span> <span class='ocrx_word' id='word_1_148' title='bbox 1213 1879 1283 1940; x_wconf 90' lang='lat' dir='ltr'><strong>ldeo</strong></span> <span class='ocrx_word' id='word_1_149' title='bbox 1304 1879 1415 1941; x_wconf 87' lang='lat' dir='ltr'><strong>Dona·-</strong></span> 
     </span>
     <span class='ocr_line' id='line_1_16' title="bbox 55 1978 1402 2063; baseline 0.001 -23"><span class='ocrx_word' id='word_1_150' title='bbox 55 2001 80 2040; x_wconf 71' lang='grc' dir='ltr'><strong>ιι</strong></span> <span class='ocrx_word' id='word_1_151' title='bbox 96 1991 154 2044; x_wconf 89' lang='lat' dir='ltr'><strong>tus</strong></span> <span class='ocrx_word' id='word_1_152' title='bbox 180 2001 195 2042; x_wconf 89' lang='lat' dir='ltr'><strong>a</strong></span> <span class='ocrx_word' id='word_1_153' title='bbox 218 1983 349 2062; x_wconf 86' lang='lat' dir='ltr'><strong>perlecta</strong></span> <span class='ocrx_word' id='word_1_154' title='bbox 373 1981 550 2044; x_wconf 86' lang='lat' dir='ltr'><strong>inchoauit.&#39;</strong></span> <span class='ocrx_word' id='word_1_155' title='bbox 572 1981 635 2044; x_wconf 90' lang='lat' dir='ltr'><strong>lloe</strong></span> <span class='ocrx_word' id='word_1_156' title='bbox 653 1999 770 2062; x_wconf 87' lang='lat' dir='ltr'><strong>quoque</strong></span> <span class='ocrx_word' id='word_1_157' title='bbox 785 1981 955 2054; x_wconf 86' lang='lat' dir='ltr'><strong>sciendum,</strong></span> <span class='ocrx_word' id='word_1_158' title='bbox 979 1985 1047 2063; x_wconf 90' lang='lat' dir='ltr'><strong>qula</strong></span> <span class='ocrx_word' id='word_1_159' title='bbox 1068 1982 1287 2063; x_wconf 77' lang='lat' dir='ltr'><strong>frequentetiua</strong></span> <span class='ocrx_word' id='word_1_160' title='bbox 1309 1978 1402 2042; x_wconf 89' lang='lat' dir='ltr'><strong>uerba</strong></span> 
     </span>
     <span class='ocr_line' id='line_1_17' title="bbox 94 2082 1402 2164; baseline 0 -20"><span class='ocrx_word' id='word_1_161' title='bbox 94 2085 222 2164; x_wconf 87' lang='lat' dir='ltr'><strong>primae</strong></span> <span class='ocrx_word' id='word_1_162' title='bbox 249 2084 466 2162; x_wconf 81' lang='lat' dir='ltr'><strong>coniugationis</strong></span> <span class='ocrx_word' id='word_1_163' title='bbox 488 2092 571 2154; x_wconf 85' lang='lat' dir='ltr'><strong>sunt,</strong></span> <span class='ocrx_word' id='word_1_164' title='bbox 599 2090 632 2145; x_wconf 87' lang='lat' dir='ltr'><strong>ut</strong></span> <span class='ocrx_word' id='word_1_165' title='bbox 653 2082 755 2144; x_wconf 87' lang='lat' dir='ltr'><strong>lectito</strong></span> <span class='ocrx_word' id='word_1_166' title='bbox 778 2102 826 2152; x_wconf 84' lang='lat' dir='ltr'><strong>os;</strong></span> <span class='ocrx_word' id='word_1_167' title='bbox 857 2083 1025 2146; x_wconf 85' lang='lat' dir='ltr'><strong>inchoetiua</strong></span> <span class='ocrx_word' id='word_1_168' title='bbox 1055 2085 1176 2160; x_wconf 84' lang='lat' dir='ltr'><strong>tertiae,</strong></span> <span class='ocrx_word' id='word_1_169' title='bbox 1205 2091 1238 2144; x_wconf 96' lang='lat' dir='ltr'><strong>ut</strong></span> <span class='ocrx_word' id='word_1_170' title='bbox 1265 2083 1402 2144; x_wconf 85' lang='lat' dir='ltr'><strong>lerueseo</strong></span> 
     </span>
     <span class='ocr_line' id='line_1_18' title="bbox 94 2183 1402 2266; baseline -0.001 -20"><span class='ocrx_word' id='word_1_171' title='bbox 94 2189 164 2252; x_wconf 83' lang='lat' dir='ltr'><strong>cis:</strong></span> <span class='ocrx_word' id='word_1_172' title='bbox 194 2184 365 2246; x_wconf 78' lang='lat' dir='ltr'><strong>meditatim</strong></span> <span class='ocrx_word' id='word_1_173' title='bbox 395 2194 466 2246; x_wconf 88' lang='lat' dir='ltr'><strong>suot</strong></span> <span class='ocrx_word' id='word_1_174' title='bbox 493 2191 631 2266; x_wconf 86' lang='lat' dir='ltr'><strong>quartae,</strong></span> <span class='ocrx_word' id='word_1_175' title='bbox 661 2191 693 2246; x_wconf 91' lang='lat' dir='ltr'><strong>ut</strong></span> <span class='ocrx_word' id='word_1_176' title='bbox 720 2183 855 2248; x_wconf 89' lang='lat' dir='ltr'><strong>lecturio.</strong></span> <span class='ocrx_word' id='word_1_177' title='bbox 902 2183 996 2246; x_wconf 86' lang='lat' dir='ltr'><strong>llerba</strong></span> <span class='ocrx_word' id='word_1_178' title='bbox 1020 2203 1093 2246; x_wconf 88' lang='lat' dir='ltr'><strong>uero</strong></span> <span class='ocrx_word' id='word_1_179' title='bbox 1116 2186 1266 2266; x_wconf 86' lang='lat' dir='ltr'><strong>perlectae</strong></span> <span class='ocrx_word' id='word_1_180' title='bbox 1289 2187 1402 2247; x_wconf 88' lang='lat' dir='ltr'><strong>lormae</strong></span> 
     </span>
     <span class='ocr_line' id='line_1_19' title="bbox 95 2282 1545 2368; baseline -0.001 -20"><span class='ocrx_word' id='word_1_181' title='bbox 95 2289 241 2349; x_wconf 90' lang='lat' dir='ltr'><strong>omnium</strong></span> <span class='ocrx_word' id='word_1_182' title='bbox 263 2298 333 2348; x_wconf 85' lang='lat' dir='ltr'><strong>sunt</strong></span> <span class='ocrx_word' id='word_1_183' title='bbox 355 2288 605 2366; x_wconf 66' lang='lat' dir='ltr'><strong>coniunctionum.</strong></span> <span class='ocrx_word' id='word_1_184' title='bbox 650 2282 820 2348; x_wconf 88' lang='lat' dir='ltr'><strong>locboatina</strong></span> <span class='ocrx_word' id='word_1_185' title='bbox 843 2305 903 2348; x_wconf 93' lang='lat' dir='ltr'><strong>non</strong></span> <span class='ocrx_word' id='word_1_186' title='bbox 924 2285 1037 2348; x_wconf 88' lang='lat' dir='ltr'><strong>babent</strong></span> <span class='ocrx_word' id='word_1_187' title='bbox 1057 2288 1251 2367; x_wconf 86' lang='lat' dir='ltr'><strong>praeteritum</strong></span> <span class='ocrx_word' id='word_1_188' title='bbox 1274 2296 1402 2368; x_wconf 82' lang='lat' dir='ltr'><strong>tempus,</strong></span> <span class='ocrx_word' id='word_1_189' title='bbox 1417 2303 1545 2358; x_wconf 58' lang='lat' dir='ltr'><strong>censen</strong></span> 
     </span>
     <span class='ocr_line' id='line_1_20' title="bbox 95 2387 1528 2471; baseline -0.002 -21"><span class='ocrx_word' id='word_1_190' title='bbox 95 2391 193 2471; x_wconf 84' lang='lat' dir='ltr'><strong>quia,</strong></span> <span class='ocrx_word' id='word_1_191' title='bbox 220 2407 294 2469; x_wconf 89' lang='lat' dir='ltr'><strong>quae</strong></span> <span class='ocrx_word' id='word_1_192' title='bbox 323 2388 518 2459; x_wconf 86' lang='lat' dir='ltr'><strong>inchoantur,</strong></span> <span class='ocrx_word' id='word_1_193' title='bbox 548 2407 608 2451; x_wconf 94' lang='lat' dir='ltr'><strong>non</strong></span> <span class='ocrx_word' id='word_1_194' title='bbox 637 2395 761 2468; x_wconf 90' lang='lat' dir='ltr'><strong>possunt</strong></span> <span class='ocrx_word' id='word_1_195' title='bbox 789 2387 899 2450; x_wconf 87' lang='lat' dir='ltr'><strong>babere</strong></span> <span class='ocrx_word' id='word_1_196' title='bbox 928 2390 1130 2467; x_wconf 87' lang='lat' dir='ltr'><strong>praeteritum.</strong></span> <span class='ocrx_word' id='word_1_197' title='bbox 1175 2389 1270 2451; x_wconf 88' lang='lat' dir='ltr'><strong>Sunt</strong></span> <span class='ocrx_word' id='word_1_198' title='bbox 1290 2389 1528 2462; x_wconf 52' lang='lat' dir='ltr'><strong>etiamnunc</strong></span> 
     </span>
     <span class='ocr_line' id='line_1_21' title="bbox 55 2489 1403 2572; baseline 0.001 -24"><span class='ocrx_word' id='word_1_199' title='bbox 55 2507 82 2548; x_wconf 76' lang='lat'><strong>20</strong></span> <span class='ocrx_word' id='word_1_200' title='bbox 98 2491 409 2569; x_wconf 75' lang='lat' dir='ltr'><strong>frequentatino,</strong></span> <span class='ocrx_word' id='word_1_201' title='bbox 432 2509 506 2572; x_wconf 88' lang='lat' dir='ltr'><strong>quae</strong></span> <span class='ocrx_word' id='word_1_202' title='bbox 530 2509 547 2551; x_wconf 85' lang='lat' dir='ltr'><strong>a</strong></span> <span class='ocrx_word' id='word_1_203' title='bbox 569 2491 689 2551; x_wconf 90' lang='lat' dir='ltr'><strong>nomine</strong></span> <span class='ocrx_word' id='word_1_204' title='bbox 712 2490 845 2551; x_wconf 89' lang='lat' dir='ltr'><strong>ueniunt.</strong></span> <span class='ocrx_word' id='word_1_205' title='bbox 890 2489 996 2552; x_wconf 82' lang='lat' dir='ltr'><strong>‘Etiam</strong></span> <span class='ocrx_word' id='word_1_206' title='bbox 1020 2490 1057 2552; x_wconf 89' lang='lat' dir='ltr'><strong>de</strong></span> <span class='ocrx_word' id='word_1_207' title='bbox 1074 2491 1207 2552; x_wconf 88' lang='lat' dir='ltr'><strong>nomine’</strong></span> <span class='ocrx_word' id='word_1_208' title='bbox 1231 2490 1312 2561; x_wconf 88' lang='lat' dir='ltr'><strong>dicit,</strong></span> <span class='ocrx_word' id='word_1_209' title='bbox 1335 2491 1403 2570; x_wconf 87' lang='lat' dir='ltr'><strong>quia</strong></span> 
     </span>
     <span class='ocr_line' id='line_1_22' title="bbox 96 2590 1404 2674; baseline -0.002 -20"><span class='ocrx_word' id='word_1_210' title='bbox 96 2593 247 2674; x_wconf 85' lang='lat' dir='ltr'><strong>superius</strong></span> <span class='ocrx_word' id='word_1_211' title='bbox 269 2591 344 2652; x_wconf 83' lang='lat' dir='ltr'><strong>nim</strong></span> <span class='ocrx_word' id='word_1_212' title='bbox 366 2593 399 2652; x_wconf 78' lang='lat' dir='ltr'><strong>‘a</strong></span> <span class='ocrx_word' id='word_1_213' title='bbox 422 2592 551 2663; x_wconf 87' lang='lat' dir='ltr'><strong>uerbo&#39;;</strong></span> <span class='ocrx_word' id='word_1_214' title='bbox 575 2610 635 2652; x_wconf 92' lang='lat' dir='ltr'><strong>non</strong></span> <span class='ocrx_word' id='word_1_215' title='bbox 657 2591 752 2652; x_wconf 87' lang='lat' dir='ltr'><strong>solum</strong></span> <span class='ocrx_word' id='word_1_216' title='bbox 774 2611 790 2653; x_wconf 90' lang='lat' dir='ltr'><strong>a</strong></span> <span class='ocrx_word' id='word_1_217' title='bbox 813 2590 920 2662; x_wconf 87' lang='lat' dir='ltr'><strong>uerbo,</strong></span> <span class='ocrx_word' id='word_1_218' title='bbox 949 2592 1001 2654; x_wconf 88' lang='lat' dir='ltr'><strong>sed</strong></span> <span class='ocrx_word' id='word_1_219' title='bbox 1025 2594 1111 2656; x_wconf 87' lang='lat' dir='ltr'><strong>etiam</strong></span> <span class='ocrx_word' id='word_1_220' title='bbox 1135 2610 1151 2653; x_wconf 90' lang='lat' dir='ltr'><strong>a</strong></span> <span class='ocrx_word' id='word_1_221' title='bbox 1174 2593 1309 2663; x_wconf 83' lang='lat' dir='ltr'><strong>nomine,</strong></span> <span class='ocrx_word' id='word_1_222' title='bbox 1334 2598 1404 2652; x_wconf 88' lang='lat' dir='ltr'><strong>uta</strong></span> 
     </span>
     <span class='ocr_line' id='line_1_23' title="bbox 98 2690 1403 2774; baseline -0.002 -18"><span class='ocrx_word' id='word_1_223' title='bbox 98 2695 244 2763; x_wconf 88' lang='lat' dir='ltr'><strong>nomine,</strong></span> <span class='ocrx_word' id='word_1_224' title='bbox 267 2693 346 2772; x_wconf 86' lang='lat' dir='ltr'><strong>quod</strong></span> <span class='ocrx_word' id='word_1_225' title='bbox 369 2701 416 2754; x_wconf 88' lang='lat' dir='ltr'><strong>cst</strong></span> <span class='ocrx_word' id='word_1_226' title='bbox 438 2702 536 2773; x_wconf 84' lang='lat' dir='ltr'><strong>pater,</strong></span> <span class='ocrx_word' id='word_1_227' title='bbox 560 2693 724 2772; x_wconf 78' lang='lat' dir='ltr'><strong>‘patrisso&#39;</strong></span> <span class='ocrx_word' id='word_1_228' title='bbox 747 2693 772 2752; x_wconf 90' lang='lat' dir='ltr'><strong>i·</strong></span> <span class='ocrx_word' id='word_1_229' title='bbox 796 2710 879 2754; x_wconf 88' lang='lat' dir='ltr'><strong>more</strong></span> <span class='ocrx_word' id='word_1_230' title='bbox 909 2695 1003 2774; x_wconf 87' lang='lat' dir='ltr'><strong>patris</strong></span> <span class='ocrx_word' id='word_1_231' title='bbox 1031 2712 1103 2772; x_wconf 78' lang='lat' dir='ltr'><strong>ago,</strong></span> <span class='ocrx_word' id='word_1_232' title='bbox 1132 2701 1163 2756; x_wconf 89' lang='lat' dir='ltr'><strong>et</strong></span> <span class='ocrx_word' id='word_1_233' title='bbox 1184 2693 1222 2754; x_wconf 82' lang='lat' dir='ltr'><strong>ab</strong></span> <span class='ocrx_word' id='word_1_234' title='bbox 1245 2711 1294 2763; x_wconf 85' lang='lat' dir='ltr'><strong>eo,</strong></span> <span class='ocrx_word' id='word_1_235' title='bbox 1324 2690 1403 2772; x_wconf 89' lang='lat' dir='ltr'><strong>quod</strong></span> 
     </span>
     <span class='ocr_line' id='line_1_24' title="bbox 98 2793 1493 2876; baseline -0.002 -18"><span class='ocrx_word' id='word_1_236' title='bbox 98 2807 153 2858; x_wconf 87' lang='lat' dir='ltr'><strong>est</strong></span> <span class='ocrx_word' id='word_1_237' title='bbox 178 2795 321 2864; x_wconf 86' lang='lat' dir='ltr'><strong>Graccus.</strong></span> <span class='ocrx_word' id='word_1_238' title='bbox 351 2795 534 2874; x_wconf 79' lang='lat' dir='ltr'><strong>‘graecisso’</strong></span> <span class='ocrx_word' id='word_1_239' title='bbox 562 2796 588 2856; x_wconf 94' lang='lat' dir='ltr'><strong>i·</strong></span> <span class='ocrx_word' id='word_1_240' title='bbox 612 2811 695 2856; x_wconf 89' lang='lat' dir='ltr'><strong>more</strong></span> <span class='ocrx_word' id='word_1_241' title='bbox 724 2794 908 2856; x_wconf 87' lang='lat' dir='ltr'><strong>Graecorum</strong></span> <span class='ocrx_word' id='word_1_242' title='bbox 930 2795 1046 2876; x_wconf 86' lang='lat' dir='ltr'><strong>loquor.</strong></span> <span class='ocrx_word' id='word_1_243' title='bbox 1091 2795 1184 2856; x_wconf 92' lang='lat' dir='ltr'><strong>Sunt</strong></span> <span class='ocrx_word' id='word_1_244' title='bbox 1212 2793 1269 2856; x_wconf 86' lang='lat' dir='ltr'><strong>alia</strong></span> <span class='ocrx_word' id='word_1_245' title='bbox 1297 2794 1493 2874; x_wconf 68' lang='lat' dir='ltr'><strong>quesitam</strong></span> 
     </span>
     <span class='ocr_line' id='line_1_25' title="bbox 98 2896 1403 2978; baseline -0.005 -19"><span class='ocrx_word' id='word_1_246' title='bbox 98 2898 348 2966; x_wconf 84' lang='lat' dir='ltr'><strong>diminution.</strong></span> <span class='ocrx_word' id='word_1_247' title='bbox 382 2899 449 2978; x_wconf 87' lang='lat' dir='ltr'><strong>quie</strong></span> <span class='ocrx_word' id='word_1_248' title='bbox 478 2899 509 2959; x_wconf 93' lang='lat' dir='ltr'><strong>in</strong></span> <span class='ocrx_word' id='word_1_249' title='bbox 536 2898 565 2958; x_wconf 95' lang='lat' dir='ltr'><strong>io</strong></span> <span class='ocrx_word' id='word_1_250' title='bbox 593 2897 733 2958; x_wconf 89' lang='lat' dir='ltr'><strong>desinunt</strong></span> <span class='ocrx_word' id='word_1_251' title='bbox 761 2903 791 2957; x_wconf 90' lang='lat' dir='ltr'><strong>et</strong></span> <span class='ocrx_word' id='word_1_252' title='bbox 818 2915 834 2957; x_wconf 92' lang='lat' dir='ltr'><strong>a</strong></span> <span class='ocrx_word' id='word_1_253' title='bbox 863 2896 994 2977; x_wconf 83' lang='lat' dir='ltr'><strong>perlecta</strong></span> <span class='ocrx_word' id='word_1_254' title='bbox 1029 2897 1123 2958; x_wconf 77' lang='lat' dir='ltr'><strong>forms</strong></span> <span class='ocrx_word' id='word_1_255' title='bbox 1157 2897 1296 2966; x_wconf 88' lang='lat' dir='ltr'><strong>ueniunt,</strong></span> <span class='ocrx_word' id='word_1_256' title='bbox 1332 2897 1357 2954; x_wconf 89' lang='lat' dir='ltr'><strong>i·</strong></span> <span class='ocrx_word' id='word_1_257' title='bbox 1387 2911 1403 2954; x_wconf 91' lang='lat' dir='ltr'><strong>a</strong></span> 
     </span>
     <span class='ocr_line' id='line_1_26' title="bbox 57 2995 1402 3080; baseline -0.001 -23"><span class='ocrx_word' id='word_1_258' title='bbox 57 3017 84 3057; x_wconf 78' lang='lat' dir='ltr'><strong>es</strong></span> <span class='ocrx_word' id='word_1_259' title='bbox 100 2999 243 3080; x_wconf 88' lang='lat' dir='ltr'><strong>perlecto</strong></span> <span class='ocrx_word' id='word_1_260' title='bbox 273 2996 381 3068; x_wconf 85' lang='lat' dir='ltr'><strong>uerbo,</strong></span> <span class='ocrx_word' id='word_1_261' title='bbox 410 3007 449 3058; x_wconf 90' lang='lat' dir='ltr'><strong>nt</strong></span> <span class='ocrx_word' id='word_1_262' title='bbox 470 2997 633 3060; x_wconf 83' lang='lat' dir='ltr'><strong>sorbillo</strong></span> <span class='ocrx_word' id='word_1_263' title='bbox 655 2998 828 3078; x_wconf 78' lang='lat' dir='ltr'><strong>frequenter</strong></span> <span class='ocrx_word' id='word_1_264' title='bbox 850 2998 973 3068; x_wconf 87' lang='lat' dir='ltr'><strong>sorbeo;</strong></span> <span class='ocrx_word' id='word_1_265' title='bbox 1002 2998 1182 3077; x_wconf 77' lang='lat' dir='ltr'><strong>suggillo,</strong></span> <span class='ocrx_word' id='word_1_266' title='bbox 1205 3001 1226 3059; x_wconf 91' lang='lat' dir='ltr'><strong>i·</strong></span> <span class='ocrx_word' id='word_1_267' title='bbox 1250 2995 1402 3074; x_wconf 76' lang='lat' dir='ltr'><strong>strangulo</strong></span> 
     </span>
     <span class='ocr_line' id='line_1_27' title="bbox 99 3091 1403 3181; baseline -0.004 -18"><span class='ocrx_word' id='word_1_268' title='bbox 99 3123 116 3163; x_wconf 82' lang='lat' dir='ltr'><strong>a</strong></span> <span class='ocrx_word' id='word_1_269' title='bbox 144 3100 243 3162; x_wconf 89' lang='lat' dir='ltr'><strong>uerbo</strong></span> <span class='ocrx_word' id='word_1_270' title='bbox 264 3117 393 3180; x_wconf 79' lang='lat' dir='ltr'><strong>suggero</strong></span> <span class='ocrx_word' id='word_1_271' title='bbox 415 3101 440 3159; x_wconf 92' lang='lat' dir='ltr'><strong>i·</strong></span> <span class='ocrx_word' id='word_1_272' title='bbox 464 3101 632 3179; x_wconf 84' lang='lat' dir='ltr'><strong>interrogo;</strong></span> <span class='ocrx_word' id='word_1_273' title='bbox 663 3091 1009 3181; x_wconf 77' lang='lat' dir='ltr'><strong>‘suggillare’l&#39;proprie</strong></span> <span class='ocrx_word' id='word_1_274' title='bbox 1040 3108 1086 3161; x_wconf 88' lang='lat' dir='ltr'><strong>est</strong></span> <span class='ocrx_word' id='word_1_275' title='bbox 1107 3099 1213 3161; x_wconf 89' lang='lat' dir='ltr'><strong>erebra</strong></span> <span class='ocrx_word' id='word_1_276' title='bbox 1236 3100 1403 3176; x_wconf 84' lang='lat' dir='ltr'><strong>interroga-</strong></span> 
     </span>
     <span class='ocr_line' id='line_1_28' title="bbox 99 3199 1489 3282; baseline -0.005 -16"><span class='ocrx_word' id='word_1_277' title='bbox 99 3207 190 3266; x_wconf 86' lang='lat' dir='ltr'><strong>tione</strong></span> <span class='ocrx_word' id='word_1_278' title='bbox 218 3205 300 3282; x_wconf 86' lang='lat' dir='ltr'><strong>qnasi</strong></span> <span class='ocrx_word' id='word_1_279' title='bbox 329 3199 524 3281; x_wconf 80' lang='lat' dir='ltr'><strong>strangulare.</strong></span> <span class='ocrx_word' id='word_1_280' title='bbox 569 3201 633 3264; x_wconf 80' lang='lat' dir='ltr'><strong>blla</strong></span> <span class='ocrx_word' id='word_1_281' title='bbox 660 3203 741 3262; x_wconf 88' lang='lat' dir='ltr'><strong>sine</strong></span> <span class='ocrx_word' id='word_1_282' title='bbox 770 3203 931 3280; x_wconf 77' lang='lat' dir='ltr'><strong>origine,</strong></span> <span class='ocrx_word' id='word_1_283' title='bbox 966 3205 990 3263; x_wconf 93' lang='lat' dir='ltr'><strong>i·</strong></span> <span class='ocrx_word' id='word_1_284' title='bbox 1014 3219 1089 3282; x_wconf 85' lang='lat' dir='ltr'><strong>quae</strong></span> <span class='ocrx_word' id='word_1_285' title='bbox 1111 3220 1128 3263; x_wconf 86' lang='lat' dir='ltr'><strong>a</strong></span> <span class='ocrx_word' id='word_1_286' title='bbox 1150 3219 1183 3262; x_wconf 90' lang='lat' dir='ltr'><strong>so</strong></span> <span class='ocrx_word' id='word_1_287' title='bbox 1206 3201 1343 3274; x_wconf 84' lang='lat' dir='ltr'><strong>ueniunt,</strong></span> <span class='ocrx_word' id='word_1_288' title='bbox 1367 3209 1489 3275; x_wconf 59' lang='lat' dir='ltr'><strong>atnam</strong></span> 
     </span>
     <span class='ocr_line' id='line_1_29' title="bbox 99 3302 1402 3387; baseline -0.003 -21"><span class='ocrx_word' id='word_1_289' title='bbox 99 3306 261 3387; x_wconf 81' lang='lat' dir='ltr'><strong>pitisso,</strong></span> <span class='ocrx_word' id='word_1_290' title='bbox 285 3306 304 3364; x_wconf 89' lang='lat' dir='ltr'><strong>i·</strong></span> <span class='ocrx_word' id='word_1_291' title='bbox 327 3302 500 3382; x_wconf 75' lang='lat' dir='ltr'><strong>frequenter</strong></span> <span class='ocrx_word' id='word_1_292' title='bbox 523 3302 593 3364; x_wconf 87' lang='lat' dir='ltr'><strong>bibo</strong></span> <span class='ocrx_word' id='word_1_293' title='bbox 617 3303 664 3364; x_wconf 86' lang='lat' dir='ltr'><strong>uel</strong></span> <span class='ocrx_word' id='word_1_294' title='bbox 687 3321 777 3384; x_wconf 86' lang='lat' dir='ltr'><strong>spuo,</strong></span> <span class='ocrx_word' id='word_1_295' title='bbox 801 3304 869 3365; x_wconf 90' lang='lat' dir='ltr'><strong>inde</strong></span> <span class='ocrx_word' id='word_1_296' title='bbox 891 3305 1019 3384; x_wconf 86' lang='lat' dir='ltr'><strong>‘pituita’</strong></span> <span class='ocrx_word' id='word_1_297' title='bbox 1038 3303 1147 3364; x_wconf 86' lang='lat' dir='ltr'><strong>dieitur</strong></span> <span class='ocrx_word' id='word_1_298' title='bbox 1164 3305 1276 3380; x_wconf 69' lang='lat' dir='ltr'><strong>minuta</strong></span> <span class='ocrx_word' id='word_1_299' title='bbox 1300 3303 1402 3364; x_wconf 83' lang='lat' dir='ltr'><strong>saliua.</strong></span> 
     </span>
     <span class='ocr_line' id='line_1_30' title="bbox 99 3402 1403 3482; baseline -0.003 -14"><span class='ocrx_word' id='word_1_300' title='bbox 99 3405 267 3474; x_wconf 80' lang='lat' dir='ltr'><strong>Vecillo,</strong></span> <span class='ocrx_word' id='word_1_301' title='bbox 303 3407 328 3466; x_wconf 89' lang='lat' dir='ltr'><strong>i·</strong></span> <span class='ocrx_word' id='word_1_302' title='bbox 359 3404 453 3468; x_wconf 88' lang='lat' dir='ltr'><strong>titubo</strong></span> <span class='ocrx_word' id='word_1_303' title='bbox 484 3423 590 3468; x_wconf 90' lang='lat' dir='ltr'><strong>moneo</strong></span> <span class='ocrx_word' id='word_1_304' title='bbox 623 3405 741 3467; x_wconf 91' lang='lat' dir='ltr'><strong>dubito:</strong></span> <span class='ocrx_word' id='word_1_305' title='bbox 775 3405 914 3467; x_wconf 75' lang='lat' dir='ltr'><strong>‘uacillat</strong></span> <span class='ocrx_word' id='word_1_306' title='bbox 946 3407 1061 3482; x_wconf 76' lang='lat' dir='ltr'><strong>enimus</strong></span> <span class='ocrx_word' id='word_1_307' title='bbox 1089 3407 1189 3466; x_wconf 85' lang='lat' dir='ltr'><strong>meue&#39;</strong></span> <span class='ocrx_word' id='word_1_308' title='bbox 1222 3407 1248 3464; x_wconf 90' lang='lat' dir='ltr'><strong>i·</strong></span> <span class='ocrx_word' id='word_1_309' title='bbox 1277 3402 1403 3466; x_wconf 86' lang='lat' dir='ltr'><strong>dubitet.</strong></span> 
     </span>
     <span class='ocr_line' id='line_1_31' title="bbox 60 3506 1406 3586; baseline 0.001 -22"><span class='ocrx_word' id='word_1_310' title='bbox 60 3511 204 3572; x_wconf 77' lang='lat' dir='ltr'><strong>ooSunt</strong></span> <span class='ocrx_word' id='word_1_311' title='bbox 232 3515 265 3568; x_wconf 92' lang='lat' dir='ltr'><strong>et</strong></span> <span class='ocrx_word' id='word_1_312' title='bbox 292 3509 580 3584; x_wconf 84' lang='lat' dir='ltr'><strong>ireqttcntatiua</strong></span> <span class='ocrx_word' id='word_1_313' title='bbox 607 3509 643 3569; x_wconf 94' lang='lat' dir='ltr'><strong>in</strong></span> <span class='ocrx_word' id='word_1_314' title='bbox 672 3513 748 3568; x_wconf 86' lang='lat' dir='ltr'><strong>tres</strong></span> <span class='ocrx_word' id='word_1_315' title='bbox 776 3506 929 3586; x_wconf 80' lang='lat' dir='ltr'><strong>gradus.</strong></span> <span class='ocrx_word' id='word_1_316' title='bbox 959 3509 1120 3569; x_wconf 74' lang='lat' dir='ltr'><strong>lintres</strong></span> <span class='ocrx_word' id='word_1_317' title='bbox 1148 3506 1344 3582; x_wconf 84' lang='lat' dir='ltr'><strong>litteraturae,</strong></span> <span class='ocrx_word' id='word_1_318' title='bbox 1369 3513 1406 3566; x_wconf 83' lang='lat' dir='ltr'><strong>ut</strong></span> 
     </span>
     <span class='ocr_line' id='line_1_32' title="bbox 101 3607 1493 3688; baseline -0.004 -14"><span class='ocrx_word' id='word_1_319' title='bbox 101 3627 223 3674; x_wconf 89' lang='lat' dir='ltr'><strong>curro</strong></span> <span class='ocrx_word' id='word_1_320' title='bbox 246 3609 360 3688; x_wconf 90' lang='lat' dir='ltr'><strong>primus</strong></span> <span class='ocrx_word' id='word_1_321' title='bbox 381 3609 504 3687; x_wconf 70' lang='lat' dir='ltr'><strong>gradum</strong></span> <span class='ocrx_word' id='word_1_322' title='bbox 535 3627 647 3671; x_wconf 86' lang='lat' dir='ltr'><strong>curso</strong></span> <span class='ocrx_word' id='word_1_323' title='bbox 668 3611 830 3680; x_wconf 75' lang='lat' dir='ltr'><strong>secundus:</strong></span> <span class='ocrx_word' id='word_1_324' title='bbox 854 3610 998 3671; x_wconf 89' lang='lat' dir='ltr'><strong>cursito</strong></span> <span class='ocrx_word' id='word_1_325' title='bbox 1021 3611 1138 3681; x_wconf 67' lang='lat' dir='ltr'><strong>tertium</strong></span> <span class='ocrx_word' id='word_1_326' title='bbox 1162 3607 1214 3670; x_wconf 87' lang='lat' dir='ltr'><strong>sed</strong></span> <span class='ocrx_word' id='word_1_327' title='bbox 1237 3612 1351 3670; x_wconf 79' lang='lat' dir='ltr'><strong>‘curso’</strong></span> <span class='ocrx_word' id='word_1_328' title='bbox 1375 3615 1493 3669; x_wconf 68' lang='lat' dir='ltr'><strong>etum</strong></span> 
     </span>
     <span class='ocr_line' id='line_1_33' title="bbox 102 3709 1493 3791; baseline -0.004 -16"><span class='ocrx_word' id='word_1_329' title='bbox 102 3713 246 3775; x_wconf 77' lang='lat' dir='ltr'><strong>‘cursito’</strong></span> <span class='ocrx_word' id='word_1_330' title='bbox 269 3712 348 3772; x_wconf 87' lang='lat' dir='ltr'><strong>idem</strong></span> <span class='ocrx_word' id='word_1_331' title='bbox 372 3718 427 3772; x_wconf 85' lang='lat' dir='ltr'><strong>est.</strong></span> <span class='ocrx_word' id='word_1_332' title='bbox 473 3709 588 3791; x_wconf 88' lang='lat' dir='ltr'><strong>Saepe</strong></span> <span class='ocrx_word' id='word_1_333' title='bbox 616 3712 652 3770; x_wconf 92' lang='lat' dir='ltr'><strong>in</strong></span> <span class='ocrx_word' id='word_1_334' title='bbox 680 3711 786 3781; x_wconf 92' lang='lat' dir='ltr'><strong>duos,</strong></span> <span class='ocrx_word' id='word_1_335' title='bbox 814 3730 839 3772; x_wconf 91' lang='lat' dir='ltr'><strong>s.</strong></span> <span class='ocrx_word' id='word_1_336' title='bbox 863 3711 984 3789; x_wconf 83' lang='lat' dir='ltr'><strong>gradus.</strong></span> <span class='ocrx_word' id='word_1_337' title='bbox 1027 3712 1070 3771; x_wconf 90' lang='lat' dir='ltr'><strong>Vt</strong></span> <span class='ocrx_word' id='word_1_338' title='bbox 1097 3710 1183 3772; x_wconf 91' lang='lat' dir='ltr'><strong>uolo</strong></span> <span class='ocrx_word' id='word_1_339' title='bbox 1211 3709 1310 3779; x_wconf 83' lang='lat' dir='ltr'><strong>uoles,</strong></span> <span class='ocrx_word' id='word_1_340' title='bbox 1334 3709 1493 3770; x_wconf 67' lang='lat' dir='ltr'><strong>indecem</strong></span> 
     </span>
     <span class='ocr_line' id='line_1_34' title="bbox 103 3811 1462 3893; baseline -0.006 -15"><span class='ocrx_word' id='word_1_341' title='bbox 103 3815 201 3878; x_wconf 91' lang='lat' dir='ltr'><strong>nolito</strong></span> <span class='ocrx_word' id='word_1_342' title='bbox 229 3832 275 3875; x_wconf 82' lang='lat' dir='ltr'><strong>as:</strong></span> <span class='ocrx_word' id='word_1_343' title='bbox 306 3812 430 3874; x_wconf 83' lang='lat' dir='ltr'><strong>‘uolitat</strong></span> <span class='ocrx_word' id='word_1_344' title='bbox 457 3813 578 3891; x_wconf 87' lang='lat' dir='ltr'><strong>equilu&#39;,</strong></span> <span class='ocrx_word' id='word_1_345' title='bbox 612 3813 637 3872; x_wconf 91' lang='lat' dir='ltr'><strong>i·</strong></span> <span class='ocrx_word' id='word_1_346' title='bbox 662 3813 836 3892; x_wconf 75' lang='lat' dir='ltr'><strong>frequenter</strong></span> <span class='ocrx_word' id='word_1_347' title='bbox 866 3811 956 3874; x_wconf 86' lang='lat' dir='ltr'><strong>uolat.</strong></span> <span class='ocrx_word' id='word_1_348' title='bbox 1001 3813 1219 3893; x_wconf 81' lang='lat' dir='ltr'><strong>Compesce,</strong></span> <span class='ocrx_word' id='word_1_349' title='bbox 1253 3815 1279 3874; x_wconf 92' lang='lat' dir='ltr'><strong>i·</strong></span> <span class='ocrx_word' id='word_1_350' title='bbox 1303 3813 1405 3890; x_wconf 76' lang='lat' dir='ltr'><strong>mitigo</strong></span> <span class='ocrx_word' id='word_1_351' title='bbox 1417 3822 1462 3870; x_wconf 75' lang='lat' dir='ltr'><strong>tet,</strong></span> 
     </span>
    </p>
   </div>
   <div class='ocr_carea' id='block_1_3' title="bbox 101 3982 342 3996">
    <p class='ocr_par' dir='ltr' id='par_1_3' title="bbox 101 3982 342 3996">
     <span class='ocr_line' id='line_1_35' title="bbox 101 3982 342 3996; baseline -0.029 0"><span class='ocrx_word' id='word_1_352' title='bbox 101 3982 342 3996; x_wconf 70' lang='grc'><strong>.-...-----...-</strong></span> 
     </span>
    </p>
   </div>
   <div class='ocr_carea' id='block_1_4' title="bbox 102 4096 1407 4237">
    <p class='ocr_par' dir='ltr' id='par_1_4' title="bbox 102 4096 1407 4237">
     <span class='ocr_line' id='line_1_36' title="bbox 177 4096 1407 4169; baseline -0.003 -16"><span class='ocrx_word' id='word_1_353' title='bbox 177 4101 290 4169; x_wconf 69' lang='lat' dir='ltr'><strong>Netum</strong></span> <span class='ocrx_word' id='word_1_354' title='bbox 360 4103 421 4154; x_wconf 82' lang='lat' dir='ltr'><strong>3&#39;tn</strong></span> <span class='ocrx_word' id='word_1_355' title='bbox 439 4096 585 4167; x_wconf 80' lang='lat' dir='ltr'><strong>euangelio]</strong></span> <span class='ocrx_word' id='word_1_356' title='bbox 605 4099 662 4151; x_wconf 85' lang='lat' dir='ltr'><strong>lod.</strong></span> <span class='ocrx_word' id='word_1_357' title='bbox 676 4099 748 4150; x_wconf 87' lang='lat' dir='ltr'><strong>XVI</strong></span> <span class='ocrx_word' id='word_1_358' title='bbox 764 4103 798 4150; x_wconf 83' lang='lat'><strong>2!</strong></span> <span class='ocrx_word' id='word_1_359' title='bbox 867 4103 899 4152; x_wconf 85' lang='lat' dir='ltr'><strong>te</strong></span> <span class='ocrx_word' id='word_1_360' title='bbox 918 4103 944 4151; x_wconf 92' lang='lat' dir='ltr'><strong>in</strong></span> <span class='ocrx_word' id='word_1_361' title='bbox 964 4115 1038 4152; x_wconf 87' lang='lat' dir='ltr'><strong>usum</strong></span> <span class='ocrx_word' id='word_1_362' title='bbox 1107 4103 1140 4152; x_wconf 81' lang='lat'><strong>14</strong></span> <span class='ocrx_word' id='word_1_363' title='bbox 1157 4102 1183 4151; x_wconf 91' lang='lat' dir='ltr'><strong>in</strong></span> <span class='ocrx_word' id='word_1_364' title='bbox 1201 4101 1306 4168; x_wconf 78' lang='lat' dir='ltr'><strong>triginta</strong></span> <span class='ocrx_word' id='word_1_365' title='bbox 1324 4109 1407 4150; x_wconf 84' lang='lat' dir='ltr'><strong>aetate</strong></span> 
     </span>
     <span class='ocr_line' id='line_1_37' title="bbox 102 4166 1295 4237; baseline -0.003 -14"><span class='ocrx_word' id='word_1_366' title='bbox 102 4175 137 4223; x_wconf 76' lang='lat' dir='ltr'><strong>at</strong></span> <span class='ocrx_word' id='word_1_367' title='bbox 159 4166 291 4237; x_wconf 82' lang='lat' dir='ltr'><strong>superins]</strong></span> <span class='ocrx_word' id='word_1_368' title='bbox 314 4171 378 4222; x_wconf 86' lang='lat' dir='ltr'><strong>Don.</strong></span> <span class='ocrx_word' id='word_1_369' title='bbox 395 4187 423 4236; x_wconf 88' lang='lat' dir='ltr'><strong>p.</strong></span> <span class='ocrx_word' id='word_1_370' title='bbox 444 4173 539 4232; x_wconf 55' lang='lat'><strong>³821</strong></span> <span class='ocrx_word' id='word_1_371' title='bbox 607 4171 640 4219; x_wconf 73' lang='lat'><strong>2⁶2</strong></span> <span class='ocrx_word' id='word_1_372' title='bbox 658 4168 757 4235; x_wconf 83' lang='lat' dir='ltr'><strong>pntrlao</strong></span> <span class='ocrx_word' id='word_1_373' title='bbox 809 4171 895 4236; x_wconf 82' lang='lat' dir='ltr'><strong>patule</strong></span> <span class='ocrx_word' id='word_1_374' title='bbox 913 4183 963 4236; x_wconf 82' lang='lat' dir='ltr'><strong>ago</strong></span> <span class='ocrx_word' id='word_1_375' title='bbox 1031 4171 1064 4221; x_wconf 79' lang='lat' dir='ltr'><strong>‘ta</strong></span> <span class='ocrx_word' id='word_1_376' title='bbox 1082 4183 1175 4236; x_wconf 56' lang='lat' dir='ltr'><strong>menne</strong></span> <span class='ocrx_word' id='word_1_377' title='bbox 1191 4171 1295 4236; x_wconf 74' lang='lat' dir='ltr'><strong>greciao</strong></span> 
     </span>
    </p>
   </div>
   <div class='ocr_carea' id='block_1_5' title="bbox 103 4325 338 4334">
    <p class='ocr_par' dir='ltr' id='par_1_5' title="bbox 103 4325 338 4334">
     <span class='ocr_line' id='line_1_38' title="bbox 103 4325 338 4334; baseline 0 -2"><span class='ocrx_word' id='word_1_378' title='bbox 103 4325 338 4334; x_wconf 74' lang='lat'>—...-—-.--—-</span> 
     </span>
    </p>
   </div>
   <div class='ocr_carea' id='block_1_6' title="bbox 102 4441 1406 4918">
    <p class='ocr_par' dir='ltr' id='par_1_6' title="bbox 102 4441 1406 4918">
     <span class='ocr_line' id='line_1_39' title="bbox 179 4441 1405 4507; baseline -0.004 -12"><span class='ocrx_word' id='word_1_379' title='bbox 179 4443 194 4494; x_wconf 80' lang='grc'>8</span> <span class='ocrx_word' id='word_1_380' title='bbox 219 4442 310 4495; x_wconf 73' lang='lat' dir='ltr'><strong>Gletes</strong></span> <span class='ocrx_word' id='word_1_381' title='bbox 331 4443 428 4493; x_wconf 78' lang='lat' dir='ltr'><strong>codicis</strong></span> <span class='ocrx_word' id='word_1_382' title='bbox 449 4441 592 4492; x_wconf 77' lang='lat' dir='ltr'><strong>Beroensls</strong></span> <span class='ocrx_word' id='word_1_383' title='bbox 611 4442 633 4506; x_wconf 84' lang='lat' dir='ltr'><strong>f.</strong></span> <span class='ocrx_word' id='word_1_384' title='bbox 652 4443 700 4492; x_wconf 78' lang='lat'><strong>10⁴</strong></span> <span class='ocrx_word' id='word_1_385' title='bbox 722 4457 801 4507; x_wconf 81' lang='lat' dir='ltr'><strong>merp.</strong></span> <span class='ocrx_word' id='word_1_386' title='bbox 818 4441 894 4498; x_wconf 61' lang='lat' dir='ltr'><strong>dea:</strong></span> <span class='ocrx_word' id='word_1_387' title='bbox 931 4441 1068 4493; x_wconf 84' lang='lat' dir='ltr'><strong>Sciendum</strong></span> <span class='ocrx_word' id='word_1_388' title='bbox 1090 4453 1130 4493; x_wconf 89' lang='lat' dir='ltr'><strong>est</strong></span> <span class='ocrx_word' id='word_1_389' title='bbox 1151 4441 1212 4506; x_wconf 80' lang='lat' dir='ltr'><strong>qrtie</strong></span> <span class='ocrx_word' id='word_1_390' title='bbox 1236 4457 1286 4491; x_wconf 92' lang='lat' dir='ltr'><strong>non</strong></span> <span class='ocrx_word' id='word_1_391' title='bbox 1310 4451 1405 4490; x_wconf 91' lang='lat' dir='ltr'><strong>rectum</strong></span> 
     </span>
     <span class='ocr_line' id='line_1_40' title="bbox 103 4509 1405 4576; baseline -0.004 -13"><span class='ocrx_word' id='word_1_392' title='bbox 103 4511 225 4563; x_wconf 87' lang='lat' dir='ltr'><strong>ordinem</strong></span> <span class='ocrx_word' id='word_1_393' title='bbox 251 4511 331 4561; x_wconf 85' lang='lat' dir='ltr'><strong>tenuit</strong></span> <span class='ocrx_word' id='word_1_394' title='bbox 352 4510 467 4560; x_wconf 80' lang='lat' dir='ltr'><strong>Donatus</strong></span> <span class='ocrx_word' id='word_1_395' title='bbox 490 4511 515 4559; x_wconf 87' lang='lat' dir='ltr'><strong>in</strong></span> <span class='ocrx_word' id='word_1_396' title='bbox 540 4509 580 4560; x_wconf 86' lang='lat' dir='ltr'><strong>lris</strong></span> <span class='ocrx_word' id='word_1_397' title='bbox 599 4509 702 4572; x_wconf 85' lang='lat' dir='ltr'><strong>lormis;</strong></span> <span class='ocrx_word' id='word_1_398' title='bbox 729 4525 788 4559; x_wconf 85' lang='lat' dir='ltr'><strong>nem</strong></span> <span class='ocrx_word' id='word_1_399' title='bbox 815 4511 925 4575; x_wconf 89' lang='lat' dir='ltr'><strong>primum</strong></span> <span class='ocrx_word' id='word_1_400' title='bbox 953 4511 1074 4561; x_wconf 83' lang='lat' dir='ltr'><strong>debueret</strong></span> <span class='ocrx_word' id='word_1_401' title='bbox 1100 4525 1196 4576; x_wconf 84' lang='lat' dir='ltr'><strong>ponere</strong></span> <span class='ocrx_word' id='word_1_402' title='bbox 1221 4509 1405 4572; x_wconf 72' lang='lat' dir='ltr'><strong>meditulium,</strong></span> 
     </span>
     <span class='ocr_line' id='line_1_41' title="bbox 102 4577 1404 4645; baseline -0.003 -15"><span class='ocrx_word' id='word_1_403' title='bbox 102 4579 202 4630; x_wconf 86' lang='lat' dir='ltr'><strong>deinde</strong></span> <span class='ocrx_word' id='word_1_404' title='bbox 228 4579 414 4638; x_wconf 83' lang='lat' dir='ltr'><strong>incbontiunm‚</strong></span> <span class='ocrx_word' id='word_1_405' title='bbox 442 4589 532 4645; x_wconf 84' lang='lat' dir='ltr'><strong>postea</strong></span> <span class='ocrx_word' id='word_1_406' title='bbox 563 4577 714 4644; x_wconf 83' lang='lat' dir='ltr'><strong>perlectam,</strong></span> <span class='ocrx_word' id='word_1_407' title='bbox 742 4579 775 4628; x_wconf 83' lang='lat' dir='ltr'><strong>nd</strong></span> <span class='ocrx_word' id='word_1_408' title='bbox 803 4577 919 4629; x_wconf 89' lang='lat' dir='ltr'><strong>ultimum</strong></span> <span class='ocrx_word' id='word_1_409' title='bbox 947 4577 1174 4642; x_wconf 63' lang='lat' dir='ltr'><strong>frequentationem</strong></span> <span class='ocrx_word' id='word_1_410' title='bbox 1208 4592 1267 4627; x_wconf 83' lang='lat' dir='ltr'><strong>nem</strong></span> <span class='ocrx_word' id='word_1_411' title='bbox 1293 4577 1404 4642; x_wconf 86' lang='lat' dir='ltr'><strong>primurn</strong></span> 
     </span>
     <span class='ocr_line' id='line_1_42' title="bbox 103 4645 1405 4713; baseline -0.002 -15"><span class='ocrx_word' id='word_1_412' title='bbox 103 4647 263 4698; x_wconf 84' lang='lat' dir='ltr'><strong>meditemur</strong></span> <span class='ocrx_word' id='word_1_413' title='bbox 284 4661 337 4698; x_wconf 84' lang='lat' dir='ltr'><strong>rem</strong></span> <span class='ocrx_word' id='word_1_414' title='bbox 360 4661 450 4712; x_wconf 80' lang='lat' dir='ltr'><strong>egere,</strong></span> <span class='ocrx_word' id='word_1_415' title='bbox 473 4646 565 4696; x_wconf 85' lang='lat' dir='ltr'><strong>deinde</strong></span> <span class='ocrx_word' id='word_1_416' title='bbox 587 4645 751 4708; x_wconf 84' lang='lat' dir='ltr'><strong>inchoemus,</strong></span> <span class='ocrx_word' id='word_1_417' title='bbox 775 4657 866 4712; x_wconf 79' lang='lat' dir='ltr'><strong>posteat</strong></span> <span class='ocrx_word' id='word_1_418' title='bbox 883 4661 944 4696; x_wconf 88' lang='lat' dir='ltr'><strong>uero</strong></span> <span class='ocrx_word' id='word_1_419' title='bbox 962 4646 1124 4712; x_wconf 84' lang='lat' dir='ltr'><strong>perficimus,</strong></span> <span class='ocrx_word' id='word_1_420' title='bbox 1146 4645 1284 4713; x_wconf 83' lang='lat' dir='ltr'><strong>perlectam</strong></span> <span class='ocrx_word' id='word_1_421' title='bbox 1303 4658 1364 4695; x_wconf 87' lang='lat' dir='ltr'><strong>uero</strong></span> <span class='ocrx_word' id='word_1_422' title='bbox 1379 4645 1405 4696; x_wconf 88' lang='lat' dir='ltr'><strong>in</strong></span> 
     </span>
     <span class='ocr_line' id='line_1_43' title="bbox 103 4712 1405 4782; baseline -0.005 -14"><span class='ocrx_word' id='word_1_423' title='bbox 103 4715 235 4778; x_wconf 77' lang='lat' dir='ltr'><strong>frequenti</strong></span> <span class='ocrx_word' id='word_1_424' title='bbox 253 4731 302 4766; x_wconf 85' lang='lat' dir='ltr'><strong>usn</strong></span> <span class='ocrx_word' id='word_1_425' title='bbox 320 4727 444 4766; x_wconf 85' lang='lat' dir='ltr'><strong>tenemus.</strong></span> <span class='ocrx_word' id='word_1_426' title='bbox 479 4712 530 4764; x_wconf 86' lang='lat' dir='ltr'><strong>Sed</strong></span> <span class='ocrx_word' id='word_1_427' title='bbox 548 4715 573 4764; x_wconf 94' lang='lat' dir='ltr'><strong>in</strong></span> <span class='ocrx_word' id='word_1_428' title='bbox 596 4715 702 4764; x_wconf 87' lang='lat' dir='ltr'><strong>exordio</strong></span> <span class='ocrx_word' id='word_1_429' title='bbox 724 4715 813 4765; x_wconf 89' lang='lat' dir='ltr'><strong>mnndi</strong></span> <span class='ocrx_word' id='word_1_430' title='bbox 840 4716 925 4764; x_wconf 84' lang='lat' dir='ltr'><strong>omnia</strong></span> <span class='ocrx_word' id='word_1_431' title='bbox 951 4714 1062 4782; x_wconf 79' lang='lat' dir='ltr'><strong>perlecta</strong></span> <span class='ocrx_word' id='word_1_432' title='bbox 1087 4714 1147 4764; x_wconf 86' lang='lat' dir='ltr'><strong>lecit</strong></span> <span class='ocrx_word' id='word_1_433' title='bbox 1172 4714 1249 4776; x_wconf 82' lang='lat' dir='ltr'><strong>deus,</strong></span> <span class='ocrx_word' id='word_1_434' title='bbox 1277 4713 1405 4764; x_wconf 87' lang='lat' dir='ltr'><strong>bominem</strong></span> 
     </span>
     <span class='ocr_line' id='line_1_44' title="bbox 103 4781 1406 4850; baseline -0.003 -13"><span class='ocrx_word' id='word_1_435' title='bbox 103 4783 206 4837; x_wconf 79' lang='lat' dir='ltr'><strong>scilieet</strong></span> <span class='ocrx_word' id='word_1_436' title='bbox 222 4783 360 4850; x_wconf 83' lang='lat' dir='ltr'><strong>perlectum</strong></span> <span class='ocrx_word' id='word_1_437' title='bbox 380 4785 404 4832; x_wconf 92' lang='lat' dir='ltr'><strong>in</strong></span> <span class='ocrx_word' id='word_1_438' title='bbox 423 4792 505 4832; x_wconf 84' lang='lat' dir='ltr'><strong>oetote</strong></span> <span class='ocrx_word' id='word_1_439' title='bbox 524 4784 628 4848; x_wconf 77' lang='lat' dir='ltr'><strong>triginta</strong></span> <span class='ocrx_word' id='word_1_440' title='bbox 645 4797 782 4846; x_wconf 85' lang='lat' dir='ltr'><strong>annornm,</strong></span> <span class='ocrx_word' id='word_1_441' title='bbox 802 4798 853 4834; x_wconf 92' lang='lat' dir='ltr'><strong>non</strong></span> <span class='ocrx_word' id='word_1_442' title='bbox 871 4798 988 4849; x_wconf 88' lang='lat' dir='ltr'><strong>puerum,</strong></span> <span class='ocrx_word' id='word_1_443' title='bbox 1008 4783 1135 4843; x_wconf 81' lang='lat' dir='ltr'><strong>uolatilin‚</strong></span> <span class='ocrx_word' id='word_1_444' title='bbox 1154 4796 1206 4833; x_wconf 93' lang='lat' dir='ltr'><strong>non</strong></span> <span class='ocrx_word' id='word_1_445' title='bbox 1224 4797 1282 4843; x_wconf 84' lang='lat' dir='ltr'><strong>ouo,</strong></span> <span class='ocrx_word' id='word_1_446' title='bbox 1301 4781 1406 4833; x_wconf 77' lang='lat' dir='ltr'><strong>arbores</strong></span> 
     </span>
     <span class='ocr_line' id='line_1_45' title="bbox 103 4850 1406 4918; baseline -0.001 -15"><span class='ocrx_word' id='word_1_447' title='bbox 103 4867 218 4918; x_wconf 73' lang='lat' dir='ltr'><strong>magnae</strong></span> <span class='ocrx_word' id='word_1_448' title='bbox 236 4867 294 4902; x_wconf 88' lang='lat' dir='ltr'><strong>cum</strong></span> <span class='ocrx_word' id='word_1_449' title='bbox 312 4851 381 4902; x_wconf 82' lang='lat' dir='ltr'><strong>loliis</strong></span> <span class='ocrx_word' id='word_1_450' title='bbox 400 4862 424 4902; x_wconf 90' lang='lat' dir='ltr'><strong>et</strong></span> <span class='ocrx_word' id='word_1_451' title='bbox 440 4851 578 4902; x_wconf 76' lang='lat' dir='ltr'><strong>fructibus:</strong></span> <span class='ocrx_word' id='word_1_452' title='bbox 600 4850 668 4901; x_wconf 88' lang='lat' dir='ltr'><strong>hunc</strong></span> <span class='ocrx_word' id='word_1_453' title='bbox 691 4851 806 4902; x_wconf 89' lang='lat' dir='ltr'><strong>ordinem</strong></span> <span class='ocrx_word' id='word_1_454' title='bbox 830 4866 940 4915; x_wconf 88' lang='lat' dir='ltr'><strong>sequens</strong></span> <span class='ocrx_word' id='word_1_455' title='bbox 963 4850 1081 4903; x_wconf 78' lang='lat' dir='ltr'><strong>Donatus</strong></span> <span class='ocrx_word' id='word_1_456' title='bbox 1099 4867 1114 4902; x_wconf 89' lang='lat' dir='ltr'><strong>e</strong></span> <span class='ocrx_word' id='word_1_457' title='bbox 1131 4850 1251 4918; x_wconf 83' lang='lat' dir='ltr'><strong>perlectis</strong></span> <span class='ocrx_word' id='word_1_458' title='bbox 1268 4850 1406 4902; x_wconf 77' lang='lat' dir='ltr'><strong>inoboenit.</strong></span> 
     </span>
    </p>
   </div>
   <div class='ocr_carea' id='block_1_7' title="bbox 0 0 1682 5580">
    <p class='ocr_par' dir='ltr' id='par_1_7' title="bbox 0 0 1682 5580">
     <span class='ocr_line' id='line_1_46' title="bbox 0 0 1682 5580; baseline 0 0"><span class='ocrx_word' id='word_1_459' title='bbox 0 0 1682 5580; x_wconf 95' lang='lat' dir='ltr'><strong> </strong></span> 
     </span>
    </p>
   </div>
  </div>
 </body>
</html>
