3316 5566
621 369 834 423 annueram.
1315 367 1376 436 133

88 559 166 620 item:

231 661 417 742 Conplexa
457 679 583 724 somno
616 679 777 742 corpora
812 662 1036 743 operiuntur
1069 677 1111 722 ae
1147 663 1252 724 suant
1286 663 1375 740 quie

887 761 1072 834 dieantur,

87 870 147 944 goie
166 885 219 947 pro
241 868 341 946 quiete
370 865 453 928 dixit.
499 865 571 927 inde
599 874 629 928 et
656 867 776 948 requies
803 864 840 928 ab
871 883 906 926 eo
934 867 1121 945 conpositum
1151 867 1265 948 requiei
1295 865 1373 930 iacit.

62 969 161 1030 sicine
188 977 286 1030 autern
314 966 472 1038 debemus,
501 968 581 1048 quod
610 976 729 1030 ueteres
750 968 779 1028 in
803 967 849 1028 bis
878 965 1061 1036 nominibus,
1091 969 1167 1028 siout
1194 966 1374 1030 Claudius

87 1070 217 1139 ostendit,
251 1071 423 1150 genetiuum
457 1067 653 1148 singularem·
671 1068 797 1133 similem
830 1070 1014 1132 nomluatiuo
1046 1067 1249 1149 proferebant.
1298 1069 1374 1134 llius

87 1169 218 1252 †illius
241 1172 342 1234 ‘buius
365 1173 527 1252 pernicies'
550 1171 634 1242 dixit,
658 1171 850 1252 quiquidem
873 1170 1006 1250 reguiam
1029 1180 1148 1234 secutus
1163 1179 1215 1242 esi,
1232 1189 1321 1252 quam
1337 1172 1374 1234 do

87 1274 194 1336 casibus
221 1275 293 1336 dant
320 1276 570 1354 grammatici.
606 1273 686 1354 quod
719 1273 935 1336 nominatiuum
964 1269 1108 1354 pluralem
1136 1281 1165 1336 ei
1192 1272 1373 1353 singularem

87 1379 247 1454 genetiuum
279 1377 434 1438 enuntiant
462 1373 512 1438 uel
538 1392 612 1436 sono
640 1373 689 1436 uel
716 1373 836 1457 syllabis
857 1393 945 1454 pares
967 1381 997 1436 et
1019 1376 1147 1438 maxime
1170 1378 1200 1436 iu
1222 1377 1374 1438 leminiuls

55 1491 75 1530 ¹⁰
87 1481 195 1558 quintae
216 1477 435 1540 declinationis:
459 1479 503 1538 sie
523 1477 739 1539 auomiuatiuo
760 1475 868 1556 plurali
889 1474 972 1572 illum
995 1479 1169 1557 gauslinum
1192 1476 1374 1558 singularem

86 1582 219 1642 lormasse
242 1579 397 1649 uidentem
421 1578 560 1642 dicebant
581 1580 661 1641 enim
684 1578 758 1639 baec
781 1579 930 1657 pernicies
953 1586 982 1641 et
1004 1577 1092 1640 buius
1114 1580 1272 1659 pernicies.
1310 1579 1374 1642 Hoc

87 1689 175 1744 aurern
202 1684 280 1744 seire
308 1681 416 1750 debes,
455 1680 534 1758 quod
562 1679 634 1742 illud
664 1697 789 1751 nomen,
824 1680 902 1760 quod
927 1689 972 1742 est
993 1679 1105 1752 ‘dies',
1128 1681 1234 1744 incerti
1256 1683 1375 1762 generis

89 1784 98 1815 ''
114 1785 157 1846 tol.
176 1781 252 1848 113·
275 1781 287 1866 ΙΙ
308 1786 338 1846 in
362 1783 505 1862 singulari
533 1799 659 1844 numeru
687 1783 766 1844 inter
795 1782 990 1845 masculinum
1014 1789 1043 1844 ot
1064 1782 1239 1845 femininum
1262 1791 1320 1853 esi,
1346 1789 1376 1844 et

87 1886 253 1950 alterutrum
288 1902 382 1964 genus
415 1883 559 1965 exemplis
587 1884 752 1946 ostenditur
778 1885 810 1946 in
842 1887 1046 1966 scripture,
1082 1884 1293 1956 masculinum,
1321 1877 1373 1948 ut:

55 1987 154 2050 libem
177 1996 212 2050 et
236 1990 313 2050 erit
335 1987 445 2049 uobis
468 1988 530 2049 hio
553 1984 632 2046 dies
654 1987 689 2046 in
713 1987 942 2057 memoriam,
966 1993 1010 2048 et:
1034 1987 1129 2050 diem
1151 1988 1289 2050 lustum
1313 2005 1372 2050 ee·

85 2090 278 2153 lebrabitis
305 2088 428 2157 illum:
459 2096 488 2149 et
518 2088 574 2150 boo
602 2087 770 2149 ostenditur
798 2089 828 2151 in
857 2087 998 2150 adoerbio
1021 2087 1058 2150 ab
1080 2087 1137 2150 hue
1160 2089 1279 2150 uomlne
1302 2087 1373 2150 dlrl·

86 2201 145 2252 uato
167 2200 198 2254 et
219 2192 390 2272 conposito,
413 2191 490 2252 idest
513 2189 616 2259 hodie,
640 2187 718 2269 quod
741 2189 814 2252 nihil
837 2189 916 2251 aliud
932 2191 1093 2270 signifieat,
1117 2191 1173 2252 nisl
1189 2189 1226 2251 ab
1243 2190 1299 2252 boe
1314 2189 1372 2254 die.

87 2293 148 2356 ltenr
170 2295 201 2354 in
224 2294 367 2355 feminino
390 2311 502 2372 genere
525 2289 643 2370 legitur,
667 2291 745 2352 sieut
767 2292 796 2352 iu
820 2292 980 2372 Virgilio
1002 2289 1126 2372 legitur:

279 2396 387 2456 Venit
409 2412 546 2456 summa
570 2391 649 2454 dies
672 2402 708 2454 et
729 2393 990 2456 lureuooabile
1013 2403 1169 2475 tempus.

54 2497 149 2560 utun
179 2499 210 2558 iu
239 2495 451 2574 euangelio:
483 2495 542 2556 die
569 2495 684 2556 tertia
712 2497 866 2575 nuptiae
893 2496 1020 2568 iactae
1048 2504 1134 2558 sunt
1161 2497 1196 2557 in
1225 2493 1373 2560 channa

87 2599 253 2662 Galileae.
298 2599 330 2659 ln
353 2597 462 2679 plurali
484 2606 583 2660 autem
606 2615 731 2660 numero
753 2616 873 2678 sempor
895 2598 1051 2661 masculini
1072 2599 1191 2679 generis
1214 2605 1273 2669 est,
1297 2599 1374 2660 sieut

86 2701 197 2778 legitur:
227 2701 307 2762 dies
335 2698 425 2760 iesti
454 2700 574 2762 uestri
602 2707 878 2762 cooperientur
906 2702 942 2761 in
972 2699 1110 2762 laetum
1134 2709 1168 2762 et
1191 2698 1373 2762 lamenta·

87 2805 226 2866 tionem:
251 2801 318 2863 iesti
343 2801 416 2862 dixit
437 2801 601 2864 masculino
622 2819 748 2882 genere,
772 2820 831 2863 non
855 2803 961 2870 lestae;
984 2802 1041 2863 boe
1064 2807 1160 2872 autem
1184 2819 1292 2863 nomen
1316 2802 1371 2864 sub

86 2907 191 2968 incerto
211 2923 323 2984 genere
345 2905 375 2965 in
397 2903 540 2984 singulari
561 2921 686 2965 numero
709 2905 748 2965 ita
772 2901 950 2966 declinatur:
975 2903 1023 2966 bic
1039 2903 1087 2966 uel
1103 2901 1176 2964 baec
1192 2901 1264 2972 dies,
1281 2902 1370 2966 buius

14 2989 19 3000 ⁵
56 3013 76 3052 ²⁵
87 3006 147 3082 diei,
162 3008 229 3069 bulo
245 3007 314 3077 diei,
331 2995 412 3068 buno
427 3004 474 3067 uel
490 3006 565 3067 bano
580 3006 670 3077 diem,
687 3026 705 3066 o
720 3004 799 3075 dies,
822 3004 859 3068 ab
875 3005 932 3067 boe
952 3004 1000 3068 nel
1016 3003 1052 3068 ob
1068 3006 1123 3067 hae
1138 3005 1201 3075 die,
1226 3013 1256 3066 et
1271 3003 1370 3084 plura·

85 3108 146 3170 liter
166 3110 197 3171 bi
218 3109 297 3180 dies,
321 3107 426 3170 burum
449 3108 580 3176 dierum,
604 3106 793 3179 hisdiebus,
817 3107 873 3168 lios
896 3108 973 3180 dies,
996 3127 1014 3170 o
1036 3107 1114 3179 dies,
1137 3107 1175 3169 ab
1191 3106 1237 3168 bis
1253 3106 1369 3170 diebus.

161 3245 328 3307 Pronumeu
343 3243 491 3324 quomodo
506 3243 663 3306 delinitor?
687 3245 849 3306 Donatus
871 3243 1007 3306 deliniuit
1021 3244 1137 3307 dicens:
1163 3244 1369 3306 l’rononren

1 3337 2 3340 '
87 3356 239 3428 estpars
262 3347 460 3418 orationis,
485 3363 575 3424 quae
597 3365 661 3426 pru
684 3347 831 3407 nomine
859 3349 981 3427 posita
1010 3345 1229 3409 tantundem
1253 3365 1370 3427 praeno

87 3449 270 3528 signiiioat
304 3465 578 3530 personamque
612 3447 800 3510 interdum
834 3449 982 3529 recipit.
1028 3449 1100 3510 item
1131 3449 1371 3512 Conrinianus

1 3597 2 3628 p
57 3557 112 3611 aet
131 3551 332 3612 Flauianus
360 3567 524 3629 pronomen
548 3550 693 3611 deliniunt
715 3551 768 3612 ita:
803 3551 1010 3612 Pronomen
1034 3560 1087 3612 est
1112 3569 1198 3632 pars
1226 3552 1369 3611 oratio·

87 3654 147 3723 nis,
169 3671 262 3734 quae
285 3669 351 3732 pro
374 3653 518 3713 nomine
541 3653 664 3733 posita
688 3652 970 3734 minusquidem
987 3652 1222 3734 plene,idem
1246 3660 1369 3714 tannen

86 3757 282 3834 significat.
327 3755 507 3834 Asperius
535 3771 653 3832 quoque
682 3754 719 3816 de
747 3757 924 3836 pronomine
947 3757 987 3817 ita
1010 3755 1144 3816 deduiuit
1166 3755 1284 3816 dicens:
1325 3753 1371 3816 lle

86 3859 299 3935 pronomine
326 3875 417 3916 uero
444 3855 538 3917 nibil
568 3857 740 3936 apertius
767 3856 855 3918 lieri
884 3865 1025 3937 potest,
1055 3875 1159 3936 quarn
1189 3856 1371 3935 quomodo

1 3995 2 4026 o
86 3961 116 4021 in
142 3961 278 4048 Donati
302 3967 382 4020 arte
412 3958 580 4037 legimus
625 3957 705 4020 lnter
734 3975 842 4020 nomen
871 3967 902 4020 et
928 3977 1092 4040 pronomen
1127 3959 1195 4038 quid
1229 3959 1368 4021 interest?

1 4059 2 4122 ζ
58 4061 156 4122 iillaeo
185 4063 353 4122 dilierentia
381 4069 440 4130 esi.
475 4059 553 4140 quud
583 4079 690 4122 nomen
718 4061 805 4141 plena
834 4060 986 4142 eloquulio
1015 4068 1074 4132 est,
1103 4078 1268 4142 pronomen
1299 4080 1372 4122 uero

89 4216 304 4226 --—..--—·

87 4385 171 4447 imai,
181 4389 228 4436 aed
238 4385 273 4447 es.
285 4384 384 4435 ceno.
396 4399 424 4448 p.
436 4387 479 4442 31.
493 4386 538 4434 18:
556 4385 602 4434 sed
616 4395 713 4434 ueteres
727 4387 752 4434 in
765 4385 812 4436 bae
824 4388 910 4452 speeie
921 4387 1100 4436 declinationis
1117 4387 1263 4452 genetiuum
1282 4385 1372 4452 singu-

88 4451 156 4502 larem
167 4453 273 4504 similem
287 4453 445 4502 nominatiuo
457 4453 581 4502 dieeboot.
633 4455 851 4517 'iseouturquam
903 4455 1064 4518 8goametiei
1099 4453 1220 4522 pluralem
1233 4451 1373 4516 singularis

1 4553 2 4564 a
88 4521 217 4572 denuntiet
249 4521 348 4571 sillabis
400 4520 554 4570 liutbuius
608 4524 639 4572 13
650 4521 676 4570 iu
688 4521 820 4589 singulare
855 4524 996 4574 estaddidl
1048 4517 1372 4588 llelterutrum]b'ntrum

89 4591 115 4639 tt
130 4588 205 4656 quod]
225 4603 252 4640 ut
313 4590 345 4639 18
357 4586 479 4654 Virgilio]
499 4590 565 4643 Aen.
584 4589 618 4639 11
637 4593 691 4640 324
749 4593 783 4642 20
795 4591 820 4640 in
839 4586 1003 4658 euuangelio]
1019 4591 1076 4644 Iob.
1088 4591 1148 4640 111
1203 4589 1290 4654 nuptie
1308 4589 1373 4640 laete

87 4657 226 4708 mouent
277 4657 503 4708 nimentatione
552 4658 662 4709 23ieste
713 4661 746 4709 26
758 4659 783 4708 in
796 4659 837 4710 die
849 4659 938 4709 luorum
951 4661 1048 4712 dierum
1086 4655 1159 4724 o]lro
1205 4657 1372 4714 itttttntnn.

86 4727 136 4784 sere
151 4743 247 4792 reaper
298 4721 427 4792 Donatus]
444 4729 590 4791 paim
659 4729 693 4778 28
709 4742 775 4792 pene
843 4730 877 4778 29
895 4743 1030 4794 personam
1049 4741 1126 4792 quum
1178 4725 1373 4776 eomrnnniauos

116 4793 274 4845 Comirriauus
293 4807 318 4844 et
336 4792 484 4859 Flauianus]
503 4795 538 4858 ef,
558 4795 658 4845 Cim-is.
675 4813 703 4860 p.
722 4799 784 4856 157,
803 4799 839 4847 u
856 4806 883 4847 et
900 4797 980 4848 Keilii
996 4797 1194 4847 adnotationem.
1272 4797 1302 4846 dl
1323 4811 1373 4858 que

89 4865 255 4924 pronominum
324 4864 356 4912 32
374 4860 511 4928 Asperius]
530 4865 614 4914 Heius
629 4863 690 4914 libri
706 4879 732 4930 p.
752 4865 831 4926 im.
901 4867 935 4917 33
953 4865 1033 4934 aperti

1 4218 2 4243 o

145 4313 306 4382 lquieane
353 4329 472 4380 pro‚ooe.
486 4317 546 4377 quie
597 4313 752 4380 5sieutlole
797 4314 930 4384 Claudius]
951 4317 985 4368 In
997 4319 1107 4370 editione
1120 4316 1312 4368 Vindoboneml
1323 4333 1372 4368 nure

1 4465 2 4496 l
