3316 5566
286 357 347 422 128
804 361 873 414 aas
892 363 1075 415 suenrus.

283 547 412 608 tluctus’.
444 546 517 608 ltem
534 547 760 610 Priscianus
775 549 858 610 dicit:
883 549 1000 610 ‘omues
1022 558 1120 612 autem
1144 550 1369 628 declinationes,
1393 553 1467 613 idest
1485 554 1565 631 prima

284 650 415 712 secunda
443 657 546 730 quarta
575 651 690 730 quinta,
719 650 890 730 producunt
912 659 1073 712 extremam
1096 651 1237 732 syllabam
1267 653 1414 732 genetiui,
1443 662 1474 722 ut
1493 652 1568 714 buius

283 760 390 830 poetae
408 751 493 812 buius
509 751 588 812 docti
611 751 699 814 buius
722 771 827 813 mantas
849 752 936 813 huius
951 751 1031 812 diei’.
1071 753 1143 814 ltem
1167 755 1407 816 animaduertere
1429 754 1566 820 debemus,

285 861 317 913 ut
345 853 502 930 Sergius
530 852 620 923 dicit,
650 853 728 931 quod
758 855 886 916 maiores
916 855 1009 915 nostri
1038 861 1136 916 omnia
1167 858 1288 918 uomina
1310 863 1434 937 quartae
1456 854 1568 918 decina-

285 955 373 1014 tionis
396 953 545 1016 secundae
569 954 730 1030 iaciebant,
754 965 786 1017 ut
808 954 916 1016 ‘buius
938 957 1038 1016 tlucti’
1061 965 1091 1018 et
1115 957 1219 1018 ‘buius
1241 959 1364 1019 senati’.
1410 955 1597 1017 Valeriuss

286 1054 374 1116 dicit:
400 1056 468 1116 boc
491 1058 614 1118 senati
637 1055 851 1118 consultum
874 1058 981 1138 prius
1003 1059 1141 1122 lactum
1164 1067 1229 1120 est.
1273 1058 1346 1120 ltem
1368 1035 1573 1121 Priscianus

286 1157 370 1220 dicit:
395 1158 510 1218 ‘fructi’
533 1176 589 1237 pro
612 1159 761 1228 ‘tructus’,
785 1159 924 1236 ‘quaesti’
947 1177 1003 1239 pro
1025 1160 1200 1240 fquaestus',
1222 1159 1368 1222 ‘aduenti’
1386 1179 1442 1239 pro
1463 1159 1574 1220 ‘aduen-

285 1263 348 1320 tus’
373 1268 491 1321 ueteres
514 1259 666 1330 dicebant,
691 1261 810 1321 ‘senati’
825 1279 881 1340 pro
897 1262 1051 1330 ‘senatus',
1076 1263 1182 1324 ‘uersi’
1199 1280 1254 1342 pro
1269 1261 1411 1324 tuorem.
1448 1260 1574 1322 Tereu-

287 1361 362 1421 tius
385 1360 472 1421 dicit:

616 1463 715 1526 Nibil
739 1465 865 1525 ornati
887 1462 983 1524 nibil
1005 1463 1169 1534 tumulti,
1590 1485 1614 1522 ιι

285 1584 341 1645 pro
362 1565 509 1626 ‘ornatus’
532 1571 562 1626 et
584 1563 774 1634 ‘tumultus‘;
798 1565 893 1628 idem:

328 1666 528 1748 Numquam
549 1668 706 1728 animum
730 1669 878 1746 quaesti
900 1670 1021 1746 gratia
1046 1667 1087 1728 ad
1111 1667 1427 1731 malasodducum
1446 1673 1577 1747 partes;

286 1768 379 1830 idem:

327 1871 474 1933 Patrem
498 1878 537 1933 ut
560 1871 815 1940 extimescam,
840 1869 903 1932 ubi
927 1873 1009 1933 eius
1031 1870 1185 1933 aduecti
1208 1873 1311 1933 uenit
1333 1873 1369 1932 in
1392 1877 1550 1932 mentem.

286 1972 481 2035 Salustius
502 1972 587 2033 dicit:
616 1973 738 2033 senati
762 1971 953 2034 decretum
976 1973 1036 2042 iit,
1059 1975 1159 2034 sicut
1180 1970 1248 2033 ille
1270 1979 1479 2035 censuerat
1510 1968 1579 2030 ltem
1595 1992 1616 2032 n

287 2075 510 2136 Priscianus
532 2074 569 2134 de
592 2081 695 2152 quarta
719 2073 919 2134 declinatione
944 2075 980 2142 in
1004 2076 1145 2136 minore
1168 2081 1248 2135 arte
1270 2075 1309 2134 ita
1334 2074 1518 2152 pronuntiat:
1544 2069 1582 2129 lu

288 2196 329 2238 us
357 2182 572 2256 correptam
594 2193 608 2234 s
631 2174 691 2236 uel
714 2184 727 2236 t
749 2174 808 2236 uel
830 2193 848 2235 x
871 2175 1188 2238 antecedentibus
1216 2177 1247 2236 si
1275 2176 1351 2236 sint
1380 2192 1502 2236 rerum
1529 2173 1581 2232 iu-

288 2276 545 2359 corporalium
570 2275 767 2348 uocabula,
791 2285 875 2338 sunt
897 2276 1102 2340 masculina
1126 2285 1161 2339 et
1183 2284 1337 2358 quartae
1360 2274 1580 2338 declinatio·

288 2383 363 2451 uis,
394 2387 431 2440 ut
463 2378 521 2439 bic
554 2379 657 2440 risus
687 2378 750 2438 bic
780 2397 867 2441 usus
900 2379 1011 2441 buius
1044 2398 1135 2441 usus
1168 2380 1228 2440 bic
1260 2377 1447 2440 tumultus
1480 2375 1584 2438 buius

288 2480 472 2543 tumultus
500 2478 560 2540 bio
588 2488 707 2541 metus
735 2479 846 2542 buius
875 2490 996 2543 metus
1027 2481 1088 2542 bic
1120 2479 1230 2543 luxus
1258 2479 1367 2543 buius
1394 2477 1504 2540 luxus
1529 2477 1616 2538 bieco

290 2601 401 2644 sexus
438 2579 547 2642 buius
583 2599 702 2642 sexus
754 2582 946 2644 Similiter
982 2591 1136 2664 quartae
1173 2581 1452 2644 declinationis
1490 2587 1583 2646 suut,

290 2701 384 2763 quae
412 2699 456 2743 ex
484 2681 541 2744 bis
571 2691 853 2762 conponuntur,
888 2693 926 2745 ut
955 2693 1108 2748 senatus
1136 2703 1151 2746 a
1180 2683 1335 2746 senibus
1363 2693 1451 2745 natu
1479 2681 1584 2744 buius
1651 2659 1652 2749 i

290 2793 445 2848 senatus
468 2792 618 2865 atquae
647 2783 941 2864 cognominatim
964 2786 1019 2848 his
1041 2785 1203 2867 prolatis
1230 2785 1306 2847 lixa
1335 2793 1436 2856 suut,
1465 2793 1504 2846 ut
1530 2783 1584 2844 bic

290 2889 535 2967 magistratus
556 2879 577 2968 ἡ
600 2875 701 2967 ἀρχὴ
725 2882 793 2947 καὶ
816 2879 834 2947 ὁ
857 2880 994 2968 ἄρχων
1022 2888 1131 2949 buius
1160 2887 1418 2965 magistratus,
1447 2885 1508 2946 bic
1528 2901 1584 2944 ex-

291 2981 661 3070 ercitusdoapordc
683 2982 751 3048 coi
772 2980 793 3070 ἡ
815 2988 1022 3068 γυμνασία
1044 2991 1154 3052 buius
1176 2991 1381 3058 exercitus,
1399 2986 1616 3048 bicsaltusn
1650 3061 1651 3070 ἵ

289 3085 513 3172 ἡπήδησις
535 3087 603 3152 καὶ
624 3083 646 3171 ἡ
669 3086 776 3171 νάπη
799 3090 910 3152 huius
939 3090 1064 3152 saltus.
1109 3089 1281 3153 Eiusdem
1303 3071 1506 3170 praeterea
1527 3087 1584 3148 dc·
1650 3075 1651 3156 l

292 3191 520 3254 clinatiouis
552 3199 637 3254 sunt
668 3209 860 3271 quaecum
884 3192 1075 3263 siutlixa,
1109 3193 1145 3253 iu
1173 3199 1233 3254 tus
1261 3191 1440 3253 desinunt
1467 3188 1585 3268 aliqua

292 3301 528 3356 consonante
555 3295 592 3354 iu
621 3294 744 3356 eadem
772 3293 917 3374 syllaba
934 3291 945 3374 ll
962 3291 1011 3354 lol.
1031 3290 1110 3353 111·
1126 3289 1140 3376 ΙΙ
1160 3301 1248 3356 ante
1271 3302 1283 3353 t
1304 3293 1443 3373 posita,
1474 3299 1511 3352 ut
1531 3289 1585 3349 bic

293 3395 438 3458 iluctus
460 3394 571 3457 buius
593 3395 752 3465 iluctus,
780 3396 839 3456 bic
867 3402 1025 3473 questus
1047 3393 1156 3455 buius
1179 3403 1351 3473 questus,
1379 3393 1440 3454 bic
1470 3395 1586 3454 rictus
1649 3469 1650 3478 ἵ

293 3498 403 3560 buius
430 3499 560 3559 rictus.
606 3497 803 3577 Excipitur
836 3498 959 3558 lectus
987 3488 1008 3575 ἡ
1042 3494 1165 3577 κλίνη
1197 3495 1304 3566 lecti;
1335 3513 1418 3556 uam
1449 3502 1616 3558 mustusso
1649 3479 1650 3548 j

295 3599 387 3662 lacit
409 3607 541 3661 musta.
587 3597 775 3661 Similiter
803 3605 960 3678 quartae
987 3596 1263 3659 declinationis
1284 3605 1387 3667 sunt,
1410 3615 1503 3676 quae
1524 3612 1585 3675 per

294 3719 495 3782 syncopam
518 3719 534 3761 a
557 3719 670 3781 supra
693 3699 806 3761 dictis
827 3697 1134 3778 incorporalibus
1156 3699 1419 3778 proteruntur,
1444 3705 1482 3758 ut
1502 3713 1585 3777 por·

295 3811 396 3864 tatus
418 3809 563 3882 portus,
587 3809 733 3864 artatus
754 3809 877 3870 artus;
900 3801 990 3860 item
1014 3801 1161 3862 arcitus
1183 3799 1226 3862 ab
1249 3819 1361 3862 arceo
1383 3817 1510 3868 arcus;
1538 3799 1585 3858 sic

296 3937 522 3947 ..a—...—

366 4023 378 4070 1
397 4021 544 4072 Priscianus
578 4021 654 4082 Queat
670 4023 712 4073 bic
723 4023 877 4103 potissimam
889 4017 1019 4072 meunt
1033 4023 1114 4074 locum
1131 4029 1223 4074 auctor
1240 4022 1408 4084 intellexerit,
1420 4033 1471 4070 non
1483 4018 1585 4068 inuersa.

294 4087 464 4156 iseregius]
488 4090 522 4153 es.
555 4087 651 4155 Serpit]
675 4090 790 4154 Emptos.
813 4091 839 4140 in
857 4090 952 4140 Donat.
971 4088 1032 4154 lp.
1050 4093 1114 4152 515,
1134 4093 1168 4141 tt
1188 4091 1227 4140 K:
1264 4091 1373 4140 maiores
1401 4088 1484 4138 nosui
1508 4085 1585 4136 cannia

297 4160 401 4210 uomina
418 4169 524 4221 quartae
541 4157 718 4208 declinationis
737 4158 863 4207 secundae
881 4155 1020 4213 iaciebant,
1039 4155 1116 4207 liuius
1135 4159 1204 4208 llucti
1223 4158 1300 4208 buius
1314 4156 1394 4207 ornati
1407 4157 1485 4206 bttius
1498 4153 1586 4204 senatu

297 4225 373 4276 bodie
395 4239 500 4288 quartae
522 4237 583 4274 sum
604 4237 700 4274 tanmm
723 4225 915 4283 declinationis,
939 4224 1014 4274 liuius
1038 4225 1129 4274 berctus
1152 4225 1229 4276 ltulus
1251 4235 1356 4276 ornatus
1378 4223 1456 4274 huius
1479 4233 1585 4272 senatus.

296 4290 462 4360 bValerius]
483 4293 542 4342 Hoc
559 4297 699 4358 exemplum
716 4295 787 4358 opud
802 4301 903 4344 ceteros
918 4295 1098 4356 prammott'eos
1115 4309 1164 4344 non
1182 4300 1265 4346 extat
1334 4293 1432 4358 6prior
1484 4288 1586 4339 Priscia-

297 4359 404 4426 nus]cf
405 4360 490 4426 ..Ip
508 4364 569 4422 257,
588 4363 629 4411 21.
650 4365 701 4418 23,
721 4363 781 4422 258,
801 4362 827 4414 3.
848 4365 863 4409 7
932 4361 1048 4421 iquesti
1066 4373 1113 4426 pro
1131 4371 1238 4424 questus
1289 4360 1407 4410 addentis
1476 4355 1586 4408 Ssunati

297 4439 468 4495 prostratus
528 4427 675 4494 terrentius]
695 4429 729 4492 ef.
748 4427 830 4478 Praise.
851 4427 868 4476 I
882 4443 909 4491 p.
929 4429 988 4490 257,
1001 4429 1035 4478 25
1105 4431 1135 4478 11
1154 4424 1232 4495 idem]
1251 4431 1287 4494 cf.
1301 4429 1385 4481 Prisc.
1404 4428 1458 4493 lp.
1451 4428 1531 4486 .,258
1542 4423 1586 4474 tt

299 4499 330 4546 12
348 4498 434 4559 questi
484 4497 517 4548 sd
536 4497 602 4546 mala
621 4511 715 4562 partes,
734 4512 780 4546 ora
799 4495 924 4546 adducam
942 4495 1008 4544 idest
1026 4507 1121 4560 partem
1143 4509 1170 4544 ut
1186 4497 1322 4546 exestimes
1341 4513 1373 4546 ea
1440 4496 1473 4544 14
1490 4489 1586 4544 adueut't

297 4566 421 4614 memoria
439 4566 509 4615 uenit
579 4567 611 4616 15
628 4559 767 4628 Salusuus]
787 4565 822 4628 cf.
834 4563 918 4614 Prisc.
937 4563 954 4612 1
969 4579 997 4627 p.
1008 4566 1095 4628 258,5
1146 4566 1180 4612 ιιι
1231 4576 1366 4614 consuerat
1435 4563 1467 4613 to
1485 4560 1586 4611 Priscia-

299 4627 360 4696 nus]
380 4633 420 4683 De
438 4634 535 4683 nomine
552 4640 636 4697 etcp
664 4635 716 4682 444
745 4632 831 4684 7511.
912 4633 944 4682 tt
962 4645 989 4680 es
1009 4633 1076 4680 uelt
1131 4633 1362 4698 incorporabilibus
1430 4633 1462 4682 tu
1480 4627 1585 4680 tumulus

297 4700 332 4748 ιι
350 4695 509 4752 aesalon
585 4702 618 4751 ιι
619 4649 831 4758 ”ocularet
841 4697 882 4751 κε
902 4693 1071 4751 mnata
1155 4701 1188 4750 sc
1208 4699 1337 4753 arrasa
1357 4715 1385 4750 ω
1455 4691 1583 4754 tenone

299 4765 356 4816 18·
350 4781 376 4814 ιιι
394 4767 465 4817 mem
534 4771 567 4818 29
585 4763 704 4832 questus]
723 4779 824 4816 caestus
842 4769 926 4818 Prior.
944 4769 1015 4832 opud
1031 4767 1140 4818 Keiliuna
1156 4785 1185 4833 p.
1204 4772 1265 4835 444,
1279 4772 1314 4820 35
1382 4770 1414 4818 31
1433 4765 1494 4817 lecit
1558 4765 1585 4814 32

300 4834 453 4899 sinagopnm
507 4847 622 4900 portatur
690 4837 746 4886 33'
742 4847 801 4884 rtem
819 4836 909 4884 artitus
