3354 5580
259 317 322 384 248
662 315 1163 371 couroaurvnnrusmnnnsn

156 527 245 574 soom
343 511 487 572 Genera
512 505 811 588 pronominibus,
836 509 886 568 ita
912 514 950 569 ut
972 504 1204 576 nominibus,
1234 505 1412 568 accidunt
1434 524 1563 586 paene

259 613 381 673 omnio
408 613 427 670 ι.
452 612 550 670 omnia
579 627 704 688 genera,
735 627 811 689 quae
839 611 868 668 in
898 610 1018 670 nomina
1047 615 1133 676 sunt,
1163 616 1232 670 sunt
1261 614 1291 670 et
1317 611 1347 668 in
1376 611 1563 689 pronomine

260 721 384 792 excepto
418 711 564 792 epiboeno
596 729 723 790 genera,
755 711 833 788 quod
862 713 892 772 in
921 711 1100 791 pronomine
1129 728 1188 770 raon
1223 717 1284 781 est,
1316 714 1402 790 quia,
1436 709 1564 790 quando

260 815 442 876 constructio
465 813 497 874 tit
520 831 554 873 ex
578 813 635 874 iixo
658 813 778 874 nomine
801 822 831 873 ει
852 813 999 874 adiectiuo
1022 820 1051 873 et
1073 813 1259 892 pronomine,
1282 820 1351 872 ante
1374 829 1462 890 quam
1488 829 1563 891 per·

259 918 397 978 ueniatur
419 914 454 976 ad
477 931 658 996 pronomen,
683 915 740 974 iam
764 915 953 992 cognoscitur
975 931 1029 994 per
1052 914 1247 986 adiectiuum,
1271 916 1355 974 cuius
1377 914 1502 992 generis
1525 915 1589 972 sits

260 1019 359 1078 didm.
393 1015 482 1078 verbi
497 1018 605 1094 gratia:
629 1013 740 1093 ‘aquiia
757 1033 875 1094 magum
901 1033 934 1076 ea
958 1023 1016 1086 est,
1041 1031 1117 1092 quae
1140 1015 1220 1078 uolat
1235 1017 1265 1076 in
1282 1023 1383 1094 partes
1398 1018 1565 1076 orientis’:

260 1118 381 1198 ‘aquila’
404 1119 495 1179 fixum
518 1125 577 1187 εει,
601 1123 731 1195 ‘magna’
748 1118 941 1186 adiectiuum;
965 1126 1034 1178 ante
1049 1135 1136 1197 quam
1160 1117 1276 1179 dicatur
1297 1119 1356 1180 ‘ca’
1379 1134 1565 1194 pronomen,

260 1221 450 1298 cognoscitur
478 1236 532 1297 per
556 1217 748 1294 adiectiuum,
773 1219 851 1298 quod
875 1229 921 1280 est
943 1219 1094 1296 ‘magna’,
1129 1223 1213 1280 cuius
1241 1221 1359 1298 generis
1385 1221 1426 1280 sit
1452 1221 1562 1293 tirum,

262 1321 340 1398 quud
364 1329 407 1384 est
430 1320 568 1400 ‘aquiia’;
591 1320 659 1381 ideo
682 1321 712 1382 in
735 1323 912 1401 pronomine
935 1319 1101 1400 cpiboenon
1126 1337 1185 1381 non
1209 1327 1264 1380 est.
1301 1319 1564 1390 Mascuiinum,

261 1431 307 1484 est
328 1422 384 1493 ibi,
414 1424 490 1484 sicut
513 1430 542 1483 et
564 1423 594 1483 in
617 1425 750 1502 nomine.
795 1425 835 1484 Vt
863 1424 959 1500 quis,
990 1431 1019 1482 et
1045 1421 1241 1484 substantiam
1270 1423 1404 1500 requirit.
1429 1419 1440 1503 fl
1465 1417 1533 1482 172
1559 1421 1603 1504 ιιι

262 1523 509 1594 Femininum,
533 1532 571 1584 ut
593 1542 685 1603 quae
710 1531 738 1584 ct
760 1523 941 1604 reliqua...

107 1631 159 1680 ³⁸0,
173 1631 205 1671 ¹³·
224 1631 248 1670 1⁵
347 1625 507 1703 Vterque
530 1625 565 1685 de
589 1625 707 1688 duobus
730 1625 854 1688 dicitnr:
877 1625 940 1686 ‘ubi
964 1624 1022 1686 duo
1044 1626 1169 1701 tuerint,
1193 1633 1318 1706 uterque
1334 1624 1435 1704 iegat’.
1466 1627 1566 1688 Sunt

261 1727 480 1807 pronomina
504 1733 580 1788 tota
604 1727 829 1806 singularia,
854 1745 888 1788 cx
912 1735 995 1807 parte
1018 1730 1198 1807 possessoris
1222 1737 1251 1788 et
1273 1746 1308 1788 ex
1331 1735 1416 1808 parte
1437 1747 1565 1808 posses·

261 1831 362 1890 sionis.
392 1828 480 1895 Nam,
506 1835 642 1909 utsupra
659 1829 769 1890 dictum
792 1836 850 1898 est,
873 1830 904 1888 in
928 1831 1103 1908 pronomine
1125 1831 1292 1910 possession
1314 1830 1389 1892 duae
1412 1848 1567 1910 personae

262 1937 347 1992 sunt:
377 1947 504 2011 persona
533 1933 717 2010 possessoris
744 1931 921 1992 intrinsecus
945 1938 973 1991 et
1018 1949 1124 1993 ersona
1147 1932 1340 2010 possessionis
1363 1933 1604 2002 extrinsecos

262 2041 294 2094 ut
316 2037 412 2092 ‘meus
435 2033 571 2092 seruus’:
597 2049 650 2112 ego
674 2031 756 2094 scius
779 2038 809 2092 ει
831 2029 880 2092 iiie
903 1949 1092 2144 satissime
1109 2035 1218 2094 ‘meus’
1235 2035 1325 2094 trium
1348 2051 1492 2111 generum
1519 2043 1569 2096 εει

261 2135 453 2202 intrinsecus,
479 2135 555 2224 sieut
569 2135 754 2213 primitiuum
771 2136 852 2195 eius·
878 2135 1066 2196 extrinsecus
1083 2151 1155 2195 uero
1171 2133 1295 2204 mobile,
1318 2135 1396 2196 sicut
1410 2144 1440 2196 ει
1454 2137 1569 2198 ‘suus’.

159 2243 209 2292 ³⁸⁰.
223 2244 249 2284 ¹⁶
262 2235 338 2296 Sunt
359 2233 414 2296 alia
438 2219 517 2296 tota
539 2235 716 2314 pluralia,
739 2161 935 2304 intrinsbbus,
958 2241 991 2295 ut
1012 2237 1119 2297 ‘nostri
1142 2237 1236 2316 equi’:
1266 2255 1319 2297 nos
1342 2235 1443 2316 piures
1466 2244 1497 2297 et
1520 2235 1568 2299 iiii

261 2336 372 2416 piures.
417 2336 480 2399 Alia
504 2355 544 2398 ex
566 2346 671 2416 parte
695 2337 919 2414 singularia,
942 2337 961 2397 i.
986 2355 1021 2397 ex
1044 2344 1127 2416 parte
1143 2339 1333 2418 possessoris,
1357 2339 1474 2414 ut‘mei
1490 2337 1565 2398 iibri

159 2438 423 2500 ³⁸⁰21tsuntisti’:
447 2455 502 2516 ego
517 2437 599 2500 solus
616 2445 644 2498 et
660 2437 744 2500 multi
760 2438 829 2500 iibri
848 2447 926 2500 sunt.
972 2439 1019 2500 Ex
1042 2449 1149 2518 parte
1172 2439 1350 2519 piuraiia,
1375 2447 1413 2500 nt
1435 2449 1605 2502 nosteros

263 2545 404 2600 uester:
428 2542 541 2600 ‘noster
562 2542 669 2602 liber’:
706 2559 760 2602 nos
793 2558 897 2602 somus
930 2539 1033 2602 decem
1067 2549 1097 2601 et
1130 2541 1273 2604 babemus
1305 2559 1396 2602 unurn
1430 2538 1563 2610 librum:

263 2641 374 2703 ‘uester
394 2641 493 2702 tiber’:
517 2659 571 2702 uos
593 2645 664 2703 estis
686 2641 737 2702 xit
760 2650 791 2704 et
813 2641 928 2704 habetis
950 2661 1043 2703 unum
1065 2641 1185 2708 librum.

161 2753 250 2800 mult
349 2741 485 2821 Figura
508 2745 616 2804 etiam
638 2746 673 2804 iu
697 2745 986 2824 pronominibus
1009 2743 1145 2824 duplex
1170 2753 1240 2815 est,
1263 2746 1385 2806 sioutet
1407 2747 1438 2806 in
1463 2748 1564 2806 nomi·

161 2843 364 2905 ³⁸⁰.21nibus.
409 2843 604 2923 Quisquis,
628 2846 823 2926 compositum
848 2851 892 2906 est
914 2865 949 2906 ax
972 2845 1089 2907 dnobus
1112 2847 1318 2916 nominatiuis,
1342 2846 1410 2908 ideo
1427 2865 1463 2916 ex
1479 2855 1566 2909 utra·

264 2965 322 3026 qne
344 2953 429 3026 parte
452 2945 631 3014 declinatur:
655 2951 788 3009 ‘serratus
809 2947 978 3009 consultum
1001 2957 1121 3008 senatus
1137 2946 1275 3010 consuiti'
1298 2967 1334 3009 an
1357 2956 1442 3029 parte
1464 2949 1564 3011 nomi·
1578 2965 1603 3003 ss

161 3059 211 3108 ει),
225 3061 250 3100 ιε
264 3049 357 3110 natiui
381 3047 557 3111 declinatur.
600 3049 714 3119 idem,
738 3051 937 3128 compositum
952 3057 998 3110 εει
1013 3067 1049 3110 ex
1064 3048 1182 3110 duobus
1204 3051 1354 3129 corruptis
1377 3057 1417 3118 et,
1440 3049 1564 3130 qnando

265 3149 459 3212 masculinum
482 3159 542 3219 est,
566 3153 755 3230 producitur,
780 3159 826 3210 ut:

392 3253 483 3313 Viuo
506 3253 673 3314 nocendo
696 3251 855 3332 quidem,
880 3250 943 3312 sed
966 3269 1020 3312 me
1043 3261 1165 3314 nrartet
1187 3255 1312 3316 exitus
1335 3252 1447 3321 iduum

264 3354 295 3414 in
318 3361 426 3416 neutro
448 3355 618 3433 corripitur,
642 3362 689 3414 ut:

391 3455 499 3516 Esset
522 3474 584 3534 par
607 3463 711 3518 aetas
734 3466 769 3516 et
790 3456 885 3518 idem
909 3458 939 3518 si
962 3454 1078 3516 robur
1101 3457 1136 3517 in
1158 3458 1276 3517 annis.
1577 3475 1602 3513 so

162 3569 251 3618 teoto
350 3553 577 3618 Personae
614 3557 771 3618 finitis
808 3557 1158 3635 pronominibus
1195 3557 1418 3618 accidunt.
1477 3555 1565 3618 Bene

264 3658 337 3719 dixit
359 3660 492 3728 ‘tinitis’‚
517 3660 586 3737 quia
614 3659 759 3738 quaedam
787 3667 856 3720 sunt
882 3660 1057 3739 pronomina
1085 3659 1215 3727 infinita,
1246 3678 1322 3740 quae
1350 3659 1563 3738 impersonalia

162 3775 212 3823 am,
225 3775 251 3814 ιι
264 3769 421 3824 uocantur.
471 3761 682 3829 Persona,
712 3760 834 3821 uerbalc
863 3779 973 3822 nonren
1001 3779 1016 3820 a
1045 3759 1140 3820 uerbo
1169 3765 1316 3841 ‘persono
1344 3761 1504 3839 personas'
1535 3769 1566 3822 et

459 3935 491 3942 -a

333 4051 346 4098 l
367 4064 432 4115 pene
450 4050 474 4098 ·i·
494 4050 579 4098 omnia
598 4064 690 4114 genera
760 4052 776 4100 3
795 4063 845 4098 non
864 4059 903 4099 est
919 4064 1000 4113 supro
1017 4049 1107 4099 lineam
1178 4051 1206 4097 ll
1228 4059 1338 4111 atquae
1356 4047 1549 4112 etriuterqne

264 4120 395 4169 Lacunam
412 4119 539 4176 indicaui,
558 4125 618 4184 quta
635 4118 766 4182 expositio
783 4119 837 4168 eiua
854 4118 974 4168 lemmatis
992 4116 1121 4166 intercidit
1204 4119 1235 4166 14
1254 4129 1377 4182 utsupra
1396 4118 1491 4167 dietum
1510 4131 1549 4166 est

264 4189 322 4239 cod.
338 4203 366 4251 p.
387 4188 450 4242 170,·
467 4202 493 4250 p.
513 4187 572 4243 247,
591 4188 624 4235 10
698 4187 729 4235 16
747 4185 807 4235 iude
825 4201 864 4234 me
883 4185 958 4234 trium
1033 4185 1065 4233 21
1084 4193 1170 4234 noster
1189 4185 1250 4234 iiber
1268 4186 1360 4236 addidi
1426 4186 1459 4234 22
1478 4195 1563 4235 nester

266 4256 328 4304 iiber
345 4255 436 4304 addidi
504 4267 551 4302 uos
571 4251 618 4303 xit
693 4251 825 4318 sevino]
847 4254 1002 4318 Aentpnatts
1020 4267 1117 4314 uersus,
1137 4253 1172 4316 cs.
1189 4269 1216 4317 p.
1234 4255 1295 4315 205,
1314 4255 1347 4302 to
1426 4256 1459 4304 30
1476 4251 1563 4316 Esset]

269 4322 348 4388 Verp.
368 4322 435 4374 Aen.
453 4321 498 4372 XI
515 4323 565 4370 m

334 4595 367 4645 ³3
387 4593 478 4645 Glono
495 4594 553 4644 cod.
572 4591 653 4644 Bern.
672 4595 723 4644 386
740 4593 761 4655 s.
780 4595 812 4642 9·
829 4608 908 4658 uturp.
928 4593 1029 4644 dextra
1065 4592 1178 4642 Persona
1201 4592 1294 4643 dicitur
1315 4606 1360 4654 eo,
1384 4591 1452 4655 quod
1471 4606 1518 4656 per
1536 4607 1564 4642 sc

267 4671 353 4724 sonet,
377 4662 424 4712 sed
442 4678 474 4712 ne
489 4671 593 4728 putetur
611 4660 742 4728 (putentur
760 4660 828 4724 cod.)
852 4676 910 4712 essa
933 4661 1038 4710 uerbum
1057 4661 1201 4726 imperatiui
1219 4660 1297 4720 modi,
1315 4659 1520 4710 circumflectitur
1537 4661 1562 4708 in

285 4729 423 4780 senuitimo
442 4731 498 4780 ioco
516 4744 627 4795 persona
645 4739 669 4778 et
686 4729 779 4778 dicitur
796 4729 890 4780 Graece
908 4743 1031 4795 prosopa,
1051 4741 1113 4794 pros
1131 4728 1172 4787 ad,
1192 4743 1241 4794 ope
1259 4727 1347 4778 iacies.
1370 4728 1431 4778 Inda
1448 4741 1564 4793 prosopa

266 4744 360 4847 bretun
382 4813 412 4847 eo
435 4798 504 4861 qnod
526 4798 559 4848 ad
588 4796 677 4847 taciem
701 4796 851 4848 histrionum
873 4793 1020 4862 (istionnm)
1044 4796 1192 4860 ponebatur.
1228 4795 1335 4859 Antiqui
1357 4796 1424 4846 enim
1446 4793 1563 4848 indentes
