3352 5556
624 361 814 418 supultus.
1276 379 1367 429 cxcv

159 551 179 610 i.
203 549 266 613 28¹>
295 552 464 630 Sergius:
495 552 666 614 Coniunctis
694 551 769 614 dictu
794 561 853 630 est,
881 552 961 634 quod
990 555 1151 632 coniungat
1172 552 1364 616 elocutiones.

84 653 150 723 Quid
173 654 317 715 esthon?
361 655 398 714 Vt
419 655 444 714 si
466 654 546 718 dices
567 654 635 734 ‘ego
659 664 688 715 et
710 663 741 714 tu
757 673 859 716 eamus
873 655 909 717 sd
932 655 1058 717 iorum':
1082 673 1152 717 ecoe
1174 658 1365 719 coniunctum

9 817 10 840 χ
84 762 135 822 osu
158 756 236 836 quod
260 758 285 816 si
301 757 539 818 coniunctionem
556 775 614 818 non
630 757 780 837 posueris,
805 759 860 819 erit
883 756 978 820 solutu
1001 759 1109 820 oratio:
1133 759 1200 838 ‘ego
1215 768 1248 828 tu
1264 777 1365 820 eamus

9 887 10 906 ι
83 857 112 917 ui
134 858 256 920 iorum’.
300 856 358 921 Sed
382 859 479 930 etism,
503 860 528 918 si
550 867 684 921 naturam
709 859 818 921 habent
839 859 1036 940 disiungendi,
1060 879 1166 924 sensus
1181 871 1279 924 tumen
1295 881 1366 924 oon·

9 1009 10 1030 ,
63 962 168 1040 stongit
188 965 352 1028 sermonis,
375 971 408 1023 ut
430 963 454 1022 si
477 961 574 1023 dicas:
598 964 671 1040 ‘ego
694 971 743 1023 out
770 970 801 1024 tu
824 967 953 1031 eamus,
977 964 1167 1024 coniunctum
1189 963 1366 1035 columbis,

9 1151 11 1178 l

9 1179 10 1210 i

9 3883 11 3920 i

9 3989 11 4034 ι

9 4205 11 4306 Ι
82 4243 161 4308 atoue
181 4238 400 4297 intentationis
420 4236 734 4311 commentatiuncula,
757 4236 788 4294 in
811 4237 926 4310 aliquot
940 4234 1096 4294 codicibus
1111 4234 1260 4293 Parisinis
1275 4238 1368 4308 atque

9 4327 10 4342 ἶ
82 4337 136 4408 ipso
157 4337 310 4399 Bernmtsi
332 4345 391 4396 432
412 4335 534 4398 litterae
546 4338 682 4414 syllabae
697 4337 812 4413 padum
826 4342 881 4397 etc.
903 4337 1088 4412 expositioni
1100 4335 1272 4410 Serpianoa
1291 4337 1368 4394 artis

82 4439 199 4500 unedo
220 4435 387 4520 iuncta;*)
417 4455 495 4518 quoe
517 4442 654 4514 quomens
675 4437 879 4500 additamenti
898 4441 1028 4514 posteros
1055 4438 1237 4515 temporibus
1259 4437 1367 4511 adplu-

84 4543 162 4602 tinati
179 4546 308 4620 speciem
328 4541 574 4619 praeseferat,
599 4545 700 4601 tanuen
721 4557 761 4602 ex
783 4541 892 4602 eisdem
915 4540 1071 4602 doctrinae
1084 4540 1253 4614 Serpionae
1273 4539 1367 4612 sonti-

81 1061 143 1122 iicet
164 1062 343 1125 disiunctum
368 1071 413 1125 est
435 1081 533 1127 sensu.

157 1248 263 1312 129ιι
292 1252 461 1330 Sergius:
491 1252 718 1314 coniunctiones
745 1270 799 1330 pro
828 1255 1044 1330 significatione
1072 1273 1124 1315 suu
1154 1255 1225 1334 poni
1248 1253 1366 1324 debent,

81 1361 202 1432 utputa
231 1354 365 1416 causales
392 1357 422 1416 in
453 1372 555 1422 sousa.
583 1354 743 1416 rationales
771 1357 801 1417 in
830 1358 954 1418 notione.
1004 1355 1077 1418 Nom
1105 1364 1156 1418 out
1184 1364 1251 1418 anto
1278 1374 1367 1417 ceusu

82 1455 225 1532 praecedit
247 1467 277 1516 et
298 1457 340 1516 sic
362 1457 497 1536 sequitur
513 1457 596 1526 sntio,
619 1466 652 1517 ut
667 1465 752 1535 puls:
776 1457 884 1518 ‘occidi
899 1456 992 1528 illum,
1016 1459 1083 1538 quin
1104 1457 1195 1520 habet
1209 1459 1366 1520 lunicom’:

54 1572 163 1617 utsuse
188 1567 248 1628 est:
277 1560 393 1636 ‘itaque
418 1575 533 1619 ueneno
556 1557 656 1629 illurn,
681 1576 741 1620 non
769 1559 850 1620 iesro
873 1559 987 1640 occidi,
1018 1579 1054 1620 ne
1077 1561 1217 1638 cognosci
1239 1561 1366 1640 possit':

80 1661 147 1720 sntio
169 1668 225 1721 est.
263 1658 407 1723 Causeiis:
439 1660 480 1721 ‘si
504 1658 587 1722 illum
610 1660 765 1730 occidero,
789 1660 907 1723 habebo
929 1663 1081 1731 tunicem’,
1105 1660 1273 1723 rationalis:
1297 1663 1367 1722 ‘ite-

80 1779 130 1838 que
153 1779 272 1823 ueneno
293 1760 377 1824 illum
400 1781 461 1824 non
482 1762 571 1838 ferro
593 1761 699 1832 occidi,
723 1782 761 1824 ne
783 1765 903 1842 agnosci
927 1765 1042 1844 possii’.

156 1967 177 2026 1.
201 1964 262 2028 3οι
290 1967 458 2045 Sergius:
487 1966 670 2047 Praepositio
699 1966 776 2028 dicta
799 1976 859 2037 est,
888 1986 924 2028 eo
954 1966 1032 2045 quod
1056 1969 1249 2048 praeponitur
1270 1969 1301 2029 in
1324 1967 1367 2029 lo·

81 2068 201 2147 quondo,
224 2077 258 2128 ut
280 2075 349 2148 pute
371 2069 452 2129 ‘ante
473 2069 638 2148 templum’.

52 2283 69 2320 5
155 2271 229 2333 ibid.
258 2273 431 2351 Sergius:
461 2272 520 2334 Nos
548 2275 624 2333 scire
652 2271 809 2342 debemus,
839 2272 918 2354 quod
947 2275 970 2335 si
998 2276 1178 2355 praepositio
1209 2276 1363 2354 conposite

80 2373 160 2434 inerit
184 2383 213 2435 et
235 2378 397 2436 uiolauerit
418 2392 518 2436 casum
541 2373 589 2436 uel
612 2393 670 2436 non
694 2375 840 2446 habuerit,
865 2375 974 2438 desinit
996 2395 1061 2438 esse
1082 2379 1261 2458 praepositio
1283 2385 1313 2438 et
1335 2378 1368 2438 ut

80 2471 256 2548 aduersum,
280 2485 313 2538 ut
335 2475 462 2556 ‘longo
485 2485 572 2558 post
595 2485 761 2558 tempore
786 2479 925 2538 uenit':
950 2485 1172 2549 mutatcssutm
1197 2484 1366 2559 ‘positum-

79 2582 138 2658 pus'
161 2582 242 2642 enim
266 2579 369 2641 debuit
391 2580 509 2648 dicere:
534 2597 633 2641 cesum
658 2597 716 2641 non
739 2579 838 2650 hebet,
864 2587 896 2641 ui
918 2584 1000 2642 ‘ante
1023 2581 1116 2644 tecit’.

140 2873 154 2920 1
173 2871 209 2933 cs.
228 2867 344 2936 [Set-pii]
362 2873 433 2934 escpl.
450 2887 477 2935 p.
496 2873 559 2932 515,
579 2873 628 2926 36,-
654 2873 719 2934 516,
738 2875 753 2919 7
775 2877 800 2920 el
819 2871 890 2920 busim
907 2869 966 2920 libri
982 2887 1008 2936 p.
1028 2873 1091 2934 15⁶,
1112 2874 1146 2921 31
1163 2887 1218 2938 seq.
1286 2875 1304 2923 4
1321 2871 1366 2922 sed

80 2937 155 2988 iorum
230 2941 396 2990 bsensnoues
448 2953 536 2988 eamus
554 2939 645 2990 addidi
728 2940 796 3002 'lef-
815 2936 930 3005 [Serpii]
948 2942 1053 3004 explan
1070 2956 1098 3004 p.
1115 2942 1179 2997 sto.
1198 2943 1232 2990 20
1251 2947 1277 2988 et
1294 2941 1367 2990 lucius

78 3007 130 3056 libri
145 3025 171 3071 p.
193 3009 250 3066 157,
270 3009 369 3062 6-28,·
386 3007 420 3068 cs.
439 3008 514 3056 eliam
532 3006 628 3056 Iuliani
644 3009 722 3057 locum
740 3008 796 3058 cod.
809 3007 890 3060 Bern.
904 3010 954 3056 207
969 3007 991 3070 f.
1009 3010 1045 3057 13
1052 3005 1073 3070 b,
1092 3009 1124 3056 de
1142 3023 1191 3073 pua
1209 3009 1267 3058 divi
1284 3024 1367 3072 supra

78 3077 156 3138 praefi
175 3091 204 3140 p.
223 3073 304 3124 XCiV
356 3074 605 3140 persigniiicntione
648 3075 738 3126 'But
756 3085 816 3139 pute
884 3077 1040 3138 ilsequente
1058 3075 1121 3125 ustio
1141 3085 1247 3141 utpuue
1299 3077 1366 3125 toni-

78 3157 127 3192 cnm
199 3145 229 3194 to
247 3145 281 3192 isa
300 3157 397 3192 ueneno
450 3143 530 3192 occidi
548 3144 639 3194 addidi
705 3144 826 3208 cognosci
905 3146 934 3193 ll
953 3143 1069 3193 causales
1089 3169 1120 3179 -
1136 3141 1287 3208 rationales]
1307 3145 1367 3194 An:

78 3227 148 3260 ennon
166 3221 259 3260 est-
275 3212 339 3261 tutio
359 3211 416 3260 est?
493 3211 604 3260 ionicum
708 3213 738 3260 te
762 3225 886 3260 uenenum
910 3211 952 3259 illo
977 3211 1070 3273 occidi,
1093 3227 1140 3265 om.
1160 3226 1209 3260 uon
1229 3210 1311 3268 ierro,
1329 3212 1362 3274 cs.

78 3294 151 3344 supra
161 3283 231 3329 nto
284 3281 315 3330 13
333 3280 368 3342 cs.
388 3277 474 3328 Seruii
489 3281 710 3343 commodans·
737 3279 822 3329 Sentii
838 3275 953 3344 [Serpit]
971 3295 1058 3330 comm.
1075 3295 1093 3344 p
1113 3281 1173 3337 111.
1184 3283 1234 3333 35,·
1251 3275 1367 3345 [Serpit]

79 3351 177 3410 explan.
195 3365 221 3411 p.
242 3349 300 3404 tuo,
317 3351 348 3404 8,·
366 3350 426 3409 517,
445 3347 508 3396 21(
524 3356 550 3397 et
567 3348 639 3396 bulen
655 3347 716 3396 libri
728 3363 757 3410 p.
777 3349 840 3410 tau,
861 3351 934 3397 7-9.
1009 3349 1040 3398 15
1059 3345 1106 3412 tei]
1125 3348 1159 3410 cs.
1179 3347 1366 3399 Sennium.

79 3418 229 3530 ιέ120,10,·
247 3415 334 3465 Seruii
349 3411 465 3480 [Serpii]
482 3431 565 3466 comtn.
584 3432 610 3480 p.
625 3417 713 3480 113,6
765 3417 900 3464 monuerit
951 3415 1055 3464 dissicit
1124 3417 1154 3466 ll
1174 3412 1263 3482 longo]
1287 3415 1366 3480 Verp.

100 3487 161 3536 ucol.
181 3485 200 3532 I
218 3487 252 3534 30
303 3493 384 3532 motet

647 3838 729 3903 une.
753 3836 800 3904 11.

166 3973 315 4041 suuuu
343 3973 403 4039 DE
431 3973 608 4039 VLTIMIS
636 3973 843 4038 sYuuABIS
873 3971 1016 4038 OAPVT
1043 3973 1274 4039 luuuluvu.

156 4132 301 4194 Eiusdem
323 4130 426 4208 Serpit
445 4138 532 4193 extat
553 4134 590 4192 de
611 4133 722 4193 ultimis
743 4133 867 4210 syllabis
888 4133 1107 4193 coniunctionis
1133 4127 1367 4208 praepositionis

130 4697 304 4704 ...-.-...----

143 4794 170 4860 ¹¹)
189 4797 227 4850 Gi.
245 4798 318 4847 Keilii
337 4795 421 4862 praei.
441 4797 552 4848 Gratum.
571 4795 627 4850 Lot.
647 4796 698 4848 nol.
716 4797 750 4846 lV
769 4811 795 4862 p.
813 4798 859 4852 48,
890 4796 932 4858 qui
961 4807 985 4846 et
1011 4797 1081 4862 ipse,
1109 4805 1203 4859 quanta
1230 4795 1296 4844 inter
1321 4793 1370 4842 hoc

9 4859 10 4866 ³
86 4866 228 4928 opusculum
247 4877 272 4916 st
290 4865 373 4916 Seruii
392 4866 423 4915 de
442 4865 560 4915 filialibus
579 4865 653 4914 finem
673 4865 812 4915 similitudo
831 4865 1009 4922 intercederet.
1028 4865 1109 4930 probe
1126 4864 1269 4930 perspexit.

1128 4947 1167 4998 n*
