3378 5550
910 1046 990 1126 11.
1029 1119 1034 1134 ,

483 1205 1402 1310 33333333133331333133.

870 1417 1021 1426 ..—.....--

879 1549 962 1614 033.
985 1547 1013 1614 Ι.

563 1665 621 1732 DE
645 1665 814 1733 ASPERO
834 1655 937 1734 'EIVS
960 1667 1089 1734 ARTIS
1110 1667 1325 1735 AVCTORE.

385 1812 430 1870 lle
451 1811 569 1886 Aspero
588 1812 788 1884 prammatico
809 1811 874 1869 cias
894 1811 1021 1870 nominis
1049 1812 1152 1884 tertio,
1183 1810 1268 1870 cuins
1290 1817 1387 1870 artem
1416 1811 1459 1869 ad
1479 1811 1598 1870 Donati

301 1915 471 1990 exemplum
493 1914 638 1987 scriptam
660 1911 711 1971 bic
727 1915 859 1987 primum
875 1912 995 1987 publici
1015 1913 1091 1972 iuris
1108 1911 1257 1985 facimus,
1290 1913 1500 1988 disputaturum
1527 1915 1595 1988 ipso

300 2017 484 2092 quaestionis
506 2016 592 2073 initio
613 2031 674 2074 non
691 2030 815 2090 possum
838 2029 897 2074 non
920 2015 1013 2073 libere
1030 2013 1143 2088 soteri,
1164 2013 1250 2087 salso
1264 2031 1311 2074 me
1330 2020 1400 2073 anic
1419 2015 1474 2074 bos
1496 2031 1596 2074 annos

300 2126 360 2178 tres
382 2120 414 2178 in
440 2117 621 2178 scholiorum
644 2113 843 2176 Hennensium
866 2117 908 2176 ad
935 2117 1066 2191 Korpilii
1095 2115 1240 2176 Bucolica
1266 2123 1296 2175 31
1325 2117 1475 2190 Georpica
1497 2119 1595 2192 pcrti-

300 2223 432 2280 nenlium
450 2218 652 2294 praefatione
667 2235 702 2292 p.
729 2225 796 2292 727,
822 2225 861 2276 24
884 2218 1012 2294 Asprum
1034 2234 1119 2292 quem
1141 2224 1255 2279 nocant
1275 2219 1428 2280 Iuniorem
1452 2213 1499 2300 (p.
1518 2225 1596 2276 1725

300 2321 476 2389 -1731Ρ,·
496 2337 625 2396 promm.
649 2319 717 2380 Lai.
748 2320 812 2379 Vol.
837 2320 864 2378 V
876 2337 912 2395 p.
938 2327 1104 2380 547-551
1125 2316 1171 2402 ll)
1194 2321 1322 2382 eunclem
1344 2338 1407 2381 esse
1428 2321 1597 2381 credidisse

301 2431 391 2500 atque
412 2424 506 2495 bunc,
531 2439 572 2482 cx
593 2438 651 2497 qno
665 2421 758 2482 sebol.
776 2420 868 2481 Rern.
887 2422 996 2498 Georp.
1013 2423 1087 2484 IIII
1103 2417 1306 2504 23301911)
1325 2426 1453 2500 [licuisse
1468 2424 1594 2483 ostendi.

302 2527 394 2586 Recte
424 2527 501 2584 enim
534 2525 684 2584 Hensicns
712 2523 828 2584 Keilins
860 2525 892 2583 in
922 2524 1121 2600 praefatione
1152 2528 1251 2602 Aspro
1277 2527 1400 2586 Iuniori
1423 2528 1597 2602 praemissa

297 2646 331 2704 p.
349 2634 407 2688 531
429 2627 584 2701 utriusque
605 2627 740 2686 auctoris
760 2626 895 2686 babilam
917 2628 996 2687 adeo
1018 2630 1097 2686 inter
1117 2645 1150 2688 se
1168 2629 1321 2688 diuersum
1343 2645 1406 2688 esse
1426 2629 1593 2701 contendit,

302 2737 335 2791 nt
356 2732 483 2790 alierum
509 2745 550 2788 13
577 2731 674 2788 altero
692 2730 820 2804 fluxisse
841 2730 960 2788 minime
985 2732 1074 2790 credi
1095 2733 1199 2806 possit.
1245 2731 1326 2790 boos
1347 2733 1442 2804 ipitur
1464 2732 1595 2805 asperos

300 2833 435 2892 iuniores
448 2837 614 2891 statuamus
629 2836 761 2906 oportet,
786 2847 912 2905 quornm
934 2835 975 2906 is,
1000 2848 1086 2907 quem
1100 2832 1150 2892 bic
1165 2834 1262 2911 edidi,
1285 2849 1463 2907 quamquam
1483 2849 1596 2908 porum

302 2936 333 2995 in
355 2951 391 2994 eo
413 2933 572 2992 doctrinae
593 2934 758 3007 inuenitur,
782 2941 895 3008 tamen,
921 2936 993 3009 quia
1016 2935 1051 2995 ob
1079 2935 1216 2994 codicum
1243 2937 1484 3009 scriptorumque
1510 2935 1592 2994 banc

302 3043 398 3097 artem
425 3035 616 3122 laudantium
644 3041 819 3095 3113313133
847 3053 906 3097 non
928 3044 1001 3112 post
1026 3039 1182 3112 septimum
1205 3035 1278 3109 scre
1303 3039 1455 3098 socculum
1484 3038 1597 3096 uixisse

297 3138 455 3216 putandus
477 3143 534 3211 est,
559 3137 645 3197 baud
664 3138 808 3213 indigenas
828 3140 903 3198 mibi
923 3140 1093 3212 uidebatur,
1118 3140 1172 3214 qui
1184 3155 1225 3198 ex
1246 3138 1493 3199 bibliothecarum
1515 3145 1595 3198 tene-

302 3243 364 3302 bris
385 3247 506 3316 creptus
527 3241 557 3300 in
579 3241 674 3300 lucem
702 3241 869 3315 aliquando
889 3243 1047 3317 prodiret,
1073 3243 1253 3315 pracsertim
1281 3257 1348 3300 cum
1374 3257 1442 3302 eum
1465 3257 1485 3298 α
1506 3241 1600 3300 medii

304 3345 376 3403 aeui
395 3343 586 3418 arliprapbis
602 3344 720 3417 passim
742 3346 774 3403 in
797 3346 944 3404 auxilinm
971 3345 1082 3404 uocari
1102 3343 1390 3403 animaduertissem.
1435 3341 1598 3402 Laudatur

303 3447 381 3505 enim
403 3445 441 3503 ab
464 3445 540 3503 ortis
562 3443 726 3504 Beruensis
747 3461 918 3524 anonymae
939 3453 1065 3506 auctore
1086 3445 1131 3505 bis
1145 3463 1181 3522 p.
1208 3451 1278 3520 133,
1305 3451 1342 3502 22
1363 3451 1392 3504 11
1407 3462 1443 3521 p.
1469 3450 1533 3518 133,
1559 3451 1598 3502 32

303 3563 398 3622 neque
414 3547 512 3622 parui
527 3544 728 3622 faciendum.
747 3550 828 3623 quod
849 3549 1064 3610 ascboliorum
1081 3548 1279 3608 Beruensinm
1302 3563 1418 3622 qnoque
1439 3547 1597 3606 collectore

304 3650 348 3710 ad
368 3649 603 3726 interpretanda
633 3649 761 3724 Verpilii
781 3652 874 3712 uerba
897 3653 1052 3713 adbibitus
1074 3659 1127 3712 est.

874 3901 958 3968 Cau.
981 3902 1027 3968 11.

666 4000 725 4085 aa
747 4019 889 4086 Jassffls
912 4017 1244 4088 MANVSORIPTIS.

390 4161 487 4248 Atque
509 4163 546 4222 de
567 4163 695 4223 nominis
715 4165 870 4240 scriptura
891 4179 960 4224 eum
982 4180 1043 4223 non
1066 4164 1239 4238 discrepent
1259 4164 1338 4222 inter
1353 4179 1384 4222 se
1402 4161 1476 4221 libri
1495 4179 1597 4221 mann·

305 4267 415 4342 scripti
434 4282 454 4324 a
475 4267 575 4326 Kellia
591 4283 626 4342 p.
652 4271 708 4324 523
730 4268 872 4326 recensiti
893 4265 951 4341 (cs.
969 4266 1094 4326 Hermes
1115 4266 1136 4326 I
1157 4267 1329 4342 213331),
1353 4265 1385 4323 13
1406 4266 1512 4339 quibua
1534 4267 1598 4323 ‘ars

305 4369 411 4444 Aspri’
434 4370 483 4428 uel
505 4366 635 4444 ‘Aspen'
658 4370 884 4444 scriptumest,
909 4369 1025 4428 dnobus
1047 4371 1124 4428 ortis
1146 4365 1312 4426 Beruensis
1335 4382 1507 4445 anonymae
1526 4369 1598 4426 locis

306 4487 401 4546 supra
430 4470 520 4529 dictis
546 4477 575 4530 ct
603 4473 633 4530 in
661 4471 766 4531 codice
787 4473 938 4530 Bernensi
959 4477 1016 4529 207
1038 4470 1091 4529 sub
1113 4469 1226 4528 calcem
1253 4475 1404 4542 tractatus
1425 4472 1519 4545 ipsius
1540 4487 1599 4530 non

307 4573 439 4648 ‘Asper’,
468 4573 522 4630 sed
543 4573 724 4648 ‘Asperius'
748 4574 870 4647 dicitur,
895 4572 938 4646 cs.
957 4589 991 4648 p.
1018 4579 1069 4646 bl,
1096 4578 1130 4630 11
1152 4571 1256 4631 adnot.
1266 4565 1299 4650 *)
1345 4570 1540 4640 Quamobrem
1563 4575 1600 4631 dc

392 4755 419 4822 *)
438 4758 598 4823 ‘Asperius’
622 4767 727 4808 uocatur
752 4760 777 4808 in
804 4755 1204 4823 31133113333311111311331313ιί
1224 4771 1261 4807 nr.
1281 4757 1362 4816 ⁷660,
1390 4757 1598 4810 1113331333

308 4827 391 4879 Herm.
410 4827 421 4874 1
439 4842 465 4894 p.
484 4829 541 4886 331,
561 4837 586 4876 et
603 4825 630 4882 C.
648 4827 787 4877 Thurotum
805 4827 930 4878 ‘Extrnits
947 4828 992 4877 des
1011 4827 1175 4878 manuscrits’
1195 4835 1256 4879 tom.
1277 4823 1350 4873 xxa
1369 4837 1434 4890 paru
1452 4829 1468 4877 2
1487 4843 1512 4893 p.
1525 4829 1566 4881 be.
