3316 5566
279 359 321 425 78
797 361 866 413 aas
885 359 1062 414 aooarua
1157 437 1161 445 Ι

279 547 557 630 conparatiuus
585 549 731 628 ‘grados
768 547 940 609 ablatiuo
978 549 1084 610 casui
1120 546 1342 629 adiungitur
1379 551 1574 629 utriusque

278 653 433 713 numeri.
479 651 610 713 Dicimus
631 651 724 711 enim:
753 649 879 711 ‘Hector
902 651 1009 712 tortior
1037 647 1179 712 Diomede
1206 649 1254 712 uel
1277 649 1418 711 audacior
1444 649 1574 712 Troianis

280 752 356 815 ioit’.
401 753 522 825 Quoties
544 750 673 830 aliquem
696 750 791 813 alieno
814 752 918 831 generi
940 770 1146 831 cooperamus,
1171 760 1241 814 tunc
1264 753 1474 832 conparatiuos
1493 749 1573 812 abla-

279 856 341 917 tioo
356 853 501 933 singulari
517 855 658 933 iungitur,
676 860 706 914 ut
722 853 844 915 ‘flector
860 853 965 914 lortior
979 852 1145 916 Diomede’.
1183 853 1307 926 Quando
1329 861 1430 915 autem
1452 851 1573 932 aliquem

278 975 333 1018 suo
364 957 467 1034 generi
499 973 712 1036 conputamus,
750 963 820 1016 tunc
853 958 1065 1035 conparatione
1097 955 1227 1018 ablatiuo
1259 955 1367 1036 plurali
1401 958 1507 1022 seruit.
1540 965 1601 1014 uts

279 1057 402 1120 ‘Hector
424 1059 564 1120 audacior
586 1058 722 1120 Troianis
744 1057 822 1118 iuit'.
868 1055 1032 1137 Aliquando
1056 1059 1270 1137 conparatiuus
1291 1059 1390 1120 minus
1413 1076 1429 1118 a
1452 1056 1574 1136 position

280 1159 441 1237 signillcat,
464 1161 600 1240 quamuis
623 1160 747 1239 recipiat
769 1159 1029 1238 conparationem,
1053 1169 1086 1222 ut
1108 1164 1202 1222 ‘mare
1218 1161 1373 1222 Ponticum
1396 1157 1509 1220 dulcius
1527 1167 1575 1219 est

279 1279 366 1340 quam
390 1271 489 1324 cetera
513 1263 628 1322 maria’.
664 1261 761 1322 Minus
783 1262 862 1322 euim
885 1261 1032 1339 significat
1053 1263 1264 1342 conparatiuos
1286 1259 1431 1324 neutralis
1452 1259 1573 1328 dulcius,

279 1382 367 1444 quam
390 1365 416 1425 si
438 1365 560 1426 dixisset
582 1363 709 1443 position
731 1361 828 1424 dolce.
873 1361 944 1424 lude
965 1361 1184 1425 Priscianus
1211 1363 1298 1425 dicit:
1344 1364 1408 1425 Est
1429 1361 1574 1444 quaudo

279 1466 550 1546 conparatiuus
572 1473 799 1543 conparatur
815 1465 988 1526 etminus
1011 1465 1223 1544 significat,
1241 1473 1292 1526 ut:
1316 1469 1434 1528 ‘mare
1450 1465 1614 1544 Ponti-n

280 1585 358 1629 cum
375 1565 594 1628 duloiosest
616 1585 722 1646 quam
745 1567 898 1626 cetera'.
920 1565 1072 1628 ilicnon
1088 1566 1129 1628 ad
1146 1565 1285 1638 dulcia,
1302 1567 1366 1628 sed
1390 1566 1432 1627 ad
1455 1583 1576 1627 amara

279 1669 376 1731 lacta
412 1669 682 1749 conparatione
716 1667 756 1728 ad
794 1669 989 1729 contraria
1026 1667 1209 1740 ostendit,
1246 1686 1347 1730 mare
1384 1669 1577 1730 Ponticum

279 1789 432 1851 paruum
461 1768 603 1850 aliquid
633 1768 864 1838 dulcedinis,
893 1786 1000 1848 quam
1030 1778 1155 1832 cetera
1184 1768 1334 1830 babere.
1385 1769 1460 1831 item
1489 1770 1576 1838 scias,

279 1875 504 1954 conparatiuum
528 1890 585 1935 uua
608 1869 720 1951 syllaba
743 1871 865 1932 uincere
881 1872 1052 1949 genetiuom
1067 1872 1202 1952 positiui,
1227 1889 1242 1932 a
1259 1889 1317 1949 quo
1334 1874 1417 1933 uenit
1434 1869 1476 1954 lli.
1487 1866 1576 1948 87¹¹„

279 1977 336 2037 nisi
359 1977 419 2037 sint
440 1972 590 2042 anomala;
614 1974 638 2033 si
661 1990 732 2051 ergo
755 1971 888 2034 dicamus
903 1973 1004 2052 ‘plior’
1028 1975 1201 2052 ‘egregior’,
1225 1973 1337 2035 blatum
1361 1971 1577 2034 intolerabilem
1593 1985 1616 2024 1⁵

281 2075 375 2139 tribus
398 2074 550 2138 uocalibus
572 2075 701 2136 lecisset.
746 2073 818 2136 inde
841 2075 1058 2136 Priscianus
1081 2074 1165 2136 dicit:
1189 2074 1265 2137 illud
1281 2091 1400 2153 quoque
1416 2074 1578 2136 nomadum

280 2188 340 2247 est,
369 2177 448 2258 qood
471 2178 569 2239 omnia
592 2177 782 2256 conparatiua
804 2177 949 2254 positioos
971 2195 1028 2238 ona
1053 2174 1162 2256 syllaba
1186 2177 1334 2239 excedunt
1356 2184 1386 2237 et
1407 2175 1581 2256 superlatioi

280 2279 489 2360 conparatiuos
512 2296 569 2340 una
592 2274 703 2356 syllaba
725 2285 883 2358 superant,
912 2285 946 2339 ut
969 2276 1038 2340 ditis
1061 2277 1149 2340 ditior
1172 2279 1350 2370 ditissimos,
1373 2279 1447 2340 clari
1469 2278 1580 2339 clarior

281 2379 474 2450 clarissimus,
503 2381 580 2458 nigri
604 2376 719 2457 nigrior
741 2381 936 2456 nigerrimus,
966 2378 1071 2442 similis
1093 2381 1219 2442 similior
1241 2380 1423 2452 simillimus,
1448 2381 1581 2460 exceptis

280 2483 364 2562 prior
385 2481 502 2561 primus
525 2491 553 2542 et
576 2481 723 2543 anomalis
746 2482 844 2542 minor
867 2481 960 2543 maior
982 2480 1059 2562 plus.
1103 2482 1155 2543 Est
1183 2483 1303 2562 quando
1325 2501 1379 2564 par
1401 2489 1448 2545 est
1470 2500 1579 2562 coupa·
1593 2495 1617 2532 2⁰

280 2584 393 2646 ratious
420 2580 617 2662 superlatioo,
646 2589 680 2644 ut
705 2581 812 2662 agilior
839 2583 1000 2662 agillimus,
1030 2583 1144 2646 facilior
1173 2584 1339 2646 facillimus.
1385 2584 1438 2648 Est
1460 2583 1581 2665 quando

282 2686 410 2747 uincitur
438 2683 637 2766 superlatiuus
665 2703 722 2747 una
753 2683 878 2765 syllaba,
909 2693 942 2746 ut
971 2685 1096 2747 inlerior
1125 2687 1258 2756 iniimus,
1295 2685 1420 2748 ulterior
1447 2686 1581 2756 ultimos,

281 2789 411 2849 exterior
427 2798 578 2850 exuemus
592 2787 640 2848 uel
657 2789 794 2860 estimas.
824 2789 1019 2867 Conparatioa
1044 2795 1141 2848 autem
1165 2791 1274 2860 omnia,
1297 2797 1330 2850 ut
1352 2790 1393 2849 ait
1414 2786 1581 2850 Priscia-

281 2908 362 2962 nus,
387 2893 396 2950 i
421 2889 543 2951 breuem
565 2887 700 2951 uocalem
724 2888 835 2952 babent
858 2896 926 2950 ante
949 2907 993 2958 or,
1017 2897 1049 2950 ot
1072 2889 1187 2952 doctior
1202 2892 1344 2970 grandior
1359 2889 1467 2952 melior
1481 2892 1581 2952 minor

279 2993 388 3062 iunior,
411 3010 466 3072 pro
488 2993 633 3061 iuuenior,
663 2993 732 3069 quia
754 2993 784 3052 iu
808 2990 888 3052 nollo
915 2993 1108 3070 conparatiuo
1130 2994 1138 3052 i
1161 3003 1229 3056 ante
1253 3012 1288 3054 or
1309 2992 1434 3074 produci
1464 2999 1580 3073 potest;
1594 3003 1617 3044 2³

281 3094 424 3174 quaedam
448 3096 458 3154 i
481 3092 547 3155 loco
569 3095 760 3155 consonantis
782 3091 901 3162 babent,
926 3101 960 3154 ut
981 3095 1076 3156 maior
1098 3096 1192 3174 peior.
1239 3095 1398 3156 Sciendum
1422 3103 1478 3166 est,
1501 3093 1580 3174 quod

190 3259 191 3262 ,
280 3197 379 3258 omnia
402 3197 593 3276 conparatiua
615 3197 645 3256 io
665 3214 699 3255 or
715 3194 882 3255 desinentia
906 3197 1073 3256 communis
1095 3204 1165 3258 sunt
1187 3198 1314 3275 generis,
1329 3196 1408 3258 idest
1423 3195 1581 3256 masculini

280 3307 310 3360 et
332 3299 483 3368 feminini,
518 3306 551 3359 ut
579 3297 627 3358 bic
655 3304 685 3357 ct
713 3297 786 3357 baec
813 3296 942 3367 doctior,
971 3296 1020 3358 lric
1042 3306 1071 3358 et
1094 3297 1167 3359 baec
1196 3299 1374 3378 sapientior;
1408 3299 1451 3358 sic
1479 3295 1531 3360 hic
1553 3307 1583 3358 et

280 3400 354 3462 baec
383 3400 481 3461 acrior
510 3397 614 3460 melior
641 3399 736 3460 maior
758 3399 842 3477 peior
865 3399 989 3460 inertior
1010 3401 1169 3480 pauperior
1192 3399 1332 3461 audacior
1356 3407 1387 3460 et
1407 3407 1523 3470 cetera,
1554 3405 1584 3459 et

280 3509 393 3564 motata
416 3520 450 3562 or
473 3503 503 3563 iu
527 3519 561 3562 us
583 3502 696 3564 iaciunt
718 3502 944 3580 conparatiuum
968 3503 1066 3562 neutri
1088 3502 1208 3580 generis
1230 3509 1260 3562 et
1282 3501 1432 3572 adoerbii,
1461 3507 1496 3563 ot
1524 3499 1619 3562 horto

281 3606 400 3684 sapiens
428 3603 591 3684 sapientius
614 3610 644 3664 et
663 3603 814 3682 sapienter
843 3604 1016 3682 sapientius,
1046 3611 1077 3664 ct
1104 3603 1160 3664 boc
1187 3602 1282 3664 audax
1311 3603 1453 3666 audacius
1477 3612 1507 3664 et
1530 3623 1582 3664 ao-

280 3705 382 3767 dacter
410 3703 458 3767 oel
487 3704 640 3766 audaciter
667 3704 815 3766 audacius.
865 3703 938 3764 item
967 3704 1023 3766 boc
1052 3723 1120 3768 acre
1148 3707 1246 3767 acrius
1275 3715 1304 3766 ct
1332 3707 1442 3767 acriter
1470 3707 1582 3767 acrius.

280 3806 354 3867 item
377 3805 433 3867 boc
461 3807 594 3886 prudens
623 3806 801 3887 prudentius
824 3813 853 3866 et
875 3807 1039 3886 prudenter
1066 3806 1261 3886 prudentius,
1284 3806 1342 3870 hoc
1364 3805 1497 3868 clemens
1521 3807 1582 3868 cle-

281 3909 409 3970 mentius
433 3916 462 3969 et
484 3908 646 3970 clementer
675 3906 850 3980 clementius
877 3909 960 3976 lacit:
992 3915 1021 3969 et
1048 3910 1123 3970 sicut
1156 3911 1343 3989 conparatiui
1365 3928 1469 3971 omnes
1490 3911 1524 3970 in
1549 3929 1584 3972 or

348 4166 460 4216 Plector
511 4163 629 4214 audatior
697 4163 857 4215 {sublatione
925 4163 1039 4215 dicator
1107 4164 1294 4231 occupatione
1363 4165 1476 4216 dicetur
1531 4179 1582 4216 tro-

280 4235 354 4284 lanua
423 4233 622 4300 aeonparaooa
691 4233 854 4299 9possitiu0
905 4229 1064 4296 Priscianus]
1085 4231 1200 4298 Ipsa,
1219 4234 1308 4286 1111,
1377 4235 1409 4284 10
1427 4247 1585 4299 conparatur

280 4313 305 4352 et
321 4304 410 4352 minen
463 4312 502 4352 est
519 4301 622 4365 quando
641 4300 673 4351 od
691 4301 819 4351 contrarie
837 4308 992 4366 conparatur
1010 4309 1035 4350 et
1052 4300 1136 4350 minus
1156 4301 1269 4368 positiuo
1289 4301 1585 4366 significatPn'cca'nrnn

281 4368 435 4421 11¹¹¹dutria
504 4371 537 4420 ad
555 4383 633 4432 mare,
652 4385 720 4420 corr.
739 4384 810 4419 mara
896 4371 928 4419 18
946 4368 1083 4418 dulcidinis
1164 4370 1197 4419 lt
1214 4385 1229 4418 a
1246 4384 1277 4419 co
1347 4372 1379 4421 15
1396 4368 1583 4420 intolerabilem

281 4441 312 4490 19
330 4435 490 4506 Priscianus]
510 4437 530 4489 I
542 4455 571 4503 p.
591 4440 653 4501 100,
673 4441 702 4488 1:
737 4437 801 4487 Illud
824 4449 927 4500 quoque
950 4437 1095 4500 sciendum,
1119 4438 1189 4500 quod
1212 4439 1298 4487 omnia
1315 4448 1340 4488 et
1357 4439 1538 4504 conparatiua
1561 4450 1585 4488 et

280 4507 437 4572 super-latius
455 4507 562 4557 duarum
581 4506 708 4556 excedunt
726 4520 858 4555 nonrarum
877 4505 1031 4570 syllabarum
1051 4507 1167 4570 exceptis
1185 4507 1257 4571 prior
1268 4515 1296 4556 ct
1307 4507 1405 4572 primus
1418 4516 1443 4556 ct
1454 4508 1585 4558 anomalis

279 4573 334 4626 lais:
357 4575 441 4625 minor
458 4587 483 4625 et
500 4577 582 4625 maior
600 4585 627 4625 ct
643 4575 717 4641 peior
735 4585 760 4624 et
777 4574 844 4640 plna.
915 4575 947 4624 li
971 4573 1100 4639 positione
1168 4575 1201 4624 20
1218 4575 1310 4639 primia
1379 4571 1528 4642 estquam]
1551 4577 1584 4640 os.

279 4641 556 4708 Prlre.l.l.p.100‚
577 4645 609 4692 11
677 4645 709 4692 21
729 4641 775 4692 Est
792 4639 906 4708 quando]
928 4641 962 4704 rs.
981 4641 1064 4691 Prisc.
1082 4644 1099 4690 l.
1117 4644 1134 4692 l.
1153 4645 1186 4692 12
1254 4645 1287 4692 22
1306 4643 1416 4692 uincitur
1484 4645 1585 4694 2301-

281 4709 392 4760 ttrnimus
462 4710 609 4777 conparatio
627 4719 711 4760 autem
780 4707 938 4775 Priscianus]
958 4709 992 4773 cf.
1011 4709 1028 4760 I
1045 4725 1071 4774 p.
1091 4713 1138 4774 91,
1158 4712 1204 4768 10,·
1227 4728 1254 4775 p.
1274 4713 1355 4770 89,1
1441 4711 1475 4760 28
1492 4709 1586 4762 lentini

280 4776 314 4826 29
331 4775 438 4827 inercior
506 4779 646 4844 pauperius
664 4778 782 4827 audatior
862 4781 895 4830 00
914 4777 1033 4826 rrrotatior
1050 4778 1075 4826 in
1096 4793 1125 4826 us
1194 4780 1227 4830 30
1245 4779 1380 4845 audatius,
1398 4778 1436 4829 dia
1506 4783 1542 4831 31
1563 4792 1585 4830 et

280 4844 371 4895 acriter
387 4846 471 4894 acrius
489 4859 513 4895 et
530 4846 621 4895 acriter
638 4847 721 4894 aerios
