3308 5542
303 365 387 414 xulv
712 350 763 400 Du
782 349 904 402 LIBRIS
922 347 1182 400 Bussuuuslssvs.

296 541 402 616 prima
425 545 454 600 ct
476 542 508 600 in
531 539 638 600 ultima
655 540 776 614 popina
797 541 918 613 lepitur.
950 539 1050 599 Huius
1070 537 1145 598 libri
1164 538 1246 612 quod
1265 537 1369 612 Seruii
1388 539 1601 598 commentaria

302 643 340 700 dc
360 643 463 702 littera
485 649 541 702 ete.
563 643 725 702 subiectum
748 649 791 701 est
813 642 852 700 de
873 641 984 702 ultimis
1012 641 1232 700 coniunctionis
1249 641 1487 716 praepositionis
1508 642 1600 700 inter-

301 745 436 804 iectionis
456 743 581 820 spllulris
602 749 708 818 caput,
732 741 820 816 infra
838 741 945 820 prees.
964 744 1067 817 partis
1088 743 1200 802 tertiae
1219 757 1290 817 cap.
1320 742 1367 802 Vl
1385 741 1540 802 edidimus.

888 999 927 1002 —
947 997 1039 1004 ------.-

757 1218 798 1310 4)
827 1219 916 1292 cod.
942 1221 1058 1292 Rern.
1085 1219 1142 1292 16.

384 1388 424 1447 ln
445 1391 578 1448 marimo
600 1391 653 1448 illo
671 1391 823 1463 plassario
846 1388 995 1448 Beroensi
1016 1394 1052 1447 tc·
1074 1403 1154 1448 suec.
1178 1387 1229 1447 lll
1249 1391 1377 1463 scripto,
1407 1390 1460 1448 cui
1485 1389 1604 1447 similli-

300 1506 378 1550 mum
399 1496 442 1550 est
465 1491 556 1563 illud,
581 1506 621 1550 ec
643 1508 702 1565 quo
717 1493 754 1550 Α.
773 1491 875 1550 Maius
889 1491 958 1550 olim
979 1491 1127 1550 nonnulla
1148 1491 1226 1550 scitu
1247 1491 1425 1564 dipnissime
1447 1493 1604 1565 excerpsit

186 1589 190 1596 ’
300 1593 388 1652 deret.
412 1592 550 1651 Vaticon.
575 1593 634 1652 uol.
658 1593 703 1652 Vl
718 1609 752 1669 p.
770 1599 934 1652 575—600
956 1587 1014 1673 (cs.
1030 1593 1260 1652 Wilmanrtsium
1281 1608 1355 1652 mus.
1372 1593 1468 1652 Bhen.
1486 1592 1517 1650 Χ
1521 1592 1569 1651 XI
1575 1593 1606 1652 V

295 1709 332 1768 p.
356 1699 415 1752 363
435 1711 471 1767 s.,
501 1695 663 1756 Vscnerum
686 1695 756 1755 ibici.
779 1713 810 1770 p.
836 1701 894 1753 382
914 1711 949 1768 s.,
972 1695 1011 1754 H.
1035 1695 1212 1756 liettnerum
1229 1710 1339 1770 propr.
1363 1693 1495 1754 liosstch.
1524 1701 1600 1752 titis

294 1811 329 1870 p.
357 1801 393 1853 25
415 1791 507 1876 sep),
531 1797 673 1870 plurilus
700 1798 775 1858 locis
796 1797 834 1856 de
853 1799 1057 1872 prammutiea
1085 1811 1200 1872 quoquc
1227 1797 1330 1870 apitur
1352 1798 1413 1865 ita,
1442 1803 1475 1856 ut
1496 1813 1603 1856 omnes

298 1897 353 1956 lros
380 1899 464 1958 lacos
490 1899 667 1958 accuratius
695 1905 895 1974 pertractare
922 1915 1034 1975 operae
1061 1901 1194 1974 pretium
1222 1897 1373 1958 uidentur.
1425 1897 1602 1958 demerem

299 1999 373 2060 locis
391 1997 463 2071 sere
478 2000 623 2074 plurimis
643 2017 727 2060 mera
748 2000 864 2061 Isidori
883 2002 978 2061 ucria
997 2007 1221 2076 proponantur,
1245 2015 1304 2060 non
1323 2016 1426 2075 pauca
1440 2001 1602 2060 inueniun-

299 2108 351 2160 tur
373 2101 565 2171 isidorianis,
590 2111 744 2164 auctorum
759 2103 928 2164 nominibus
946 2103 1176 2178 praetermissis,
1198 2103 1371 2170 subiuncta,
1395 2117 1473 2176 quac
1487 2109 1540 2162 out
1555 2105 1605 2162 ad

300 2203 451 2262 Donatum
473 2209 527 2264 out
549 2205 592 2263 ad
613 2201 752 2265 Seruim
775 2212 828 2265 aut
849 2206 892 2265 od
912 2207 1006 2265 ulium
1027 2202 1244 2280 urtiprapltum
1258 2201 1426 2276 reformida
1439 2211 1517 2264 suut.
1548 2205 1605 2264 Ea

298 2305 406 2380 quibus
427 2321 465 2363 ca
487 2306 625 2380 inprimis
646 2310 927 2368 commemoratione
954 2309 1052 2382 dipna
1079 2306 1231 2379 uidentur,
1261 2321 1353 2380 uuae,
1383 2305 1455 2366 dum
1485 2305 1608 2366 Dentati

299 2407 393 2466 uerba
416 2407 482 2482 ipsa
504 2415 650 2468 accurate
670 2411 856 2485 exprimunt,
880 2411 945 2468 aliu
966 2408 1029 2470 illis
1051 2409 1191 2468 admixta
1213 2409 1262 2468 uel
1282 2409 1395 2467 inserta
1418 2409 1467 2467 uel
1486 2425 1604 2482 super—

298 2509 406 2569 addita
433 2508 552 2568 habent.
599 2510 731 2580 tinorum
758 2527 838 2586 quae
871 2513 914 2572 ad
942 2514 1115 2585 fiporurum
1141 2511 1333 2585 poeticarum
1365 2511 1605 2586 explicationem

295 2613 464 2686 pertinent,
497 2611 540 2696 ad
567 2627 657 2672 unum
681 2610 753 2684 sere
781 2613 880 2672 omnia
907 2615 939 2673 in
968 2613 1103 2688 quadam
1126 2619 1195 2670 arte
1215 2611 1329 2671 codicis
1351 2611 1516 2672 Beruensis
1540 2619 1604 2670 207

300 2715 419 2790 insumi,
443 2729 532 2786 quom
553 2730 593 2772 esc
616 2713 734 2788 iisdem,
758 2731 798 2774 ex
820 2714 925 2790 quibus
946 2715 1065 2775 Iuliani
1085 2714 1227 2774 doctrina
1246 2715 1354 2790 fluxit,
1374 2699 1512 2786 sontibus
1534 2731 1604 2773 nerr-

300 2831 388 2874 rutsse
410 2814 500 2888 infra
518 2813 624 2889 praes.
641 2816 696 2875 lli
710 2832 779 2892 cap.
801 2823 815 2874 7
839 2819 1015 2878 accuratius
1036 2817 1298 2877 demonstraturus
1318 2831 1393 2876 sum.

382 2917 421 2976 In
444 2917 637 2992 excerpendo
658 2923 758 2978 autem
781 2935 840 2979 non
863 2935 929 2980 cum
952 2920 1102 2986 ordinem,
1131 2934 1188 2992 quo
1217 2918 1274 2976 ista
1302 2919 1331 2977 in
1354 2919 1459 2978 codice
1479 2921 1607 2994 scripta

297 3026 382 3086 sunt,
411 3019 508 3079 secuti
532 3035 650 3093 sumus,
679 3020 733 3080 scd
759 3037 860 3082 rerum
888 3023 1024 3097 ipsorum
1046 3022 1169 3090 seriem,
1198 3037 1258 3096 qua
1285 3023 1316 3079 in
1345 3021 1605 3096 artipraplroruni

296 3122 420 3196 serr'ptis
446 3123 581 3180 tractari
607 3118 718 3190 solent,
752 3121 912 3183 obseruari
941 3126 1037 3182 satius
1064 3123 1220 3192 duximus,
1255 3129 1303 3196 ut,
1334 3137 1533 3198 quaecunque
1563 3125 1608 3182 de

295 3225 497 3296 prummatico
516 3229 644 3298 praeter
665 3225 844 3284 isidoriana
865 3227 896 3284 in
918 3225 1024 3285 codice
1045 3223 1196 3285 Beruensi
1214 3227 1331 3301 scriptu
1353 3229 1436 3298 sunt,
1460 3224 1513 3283 suo
1538 3243 1607 3284 uno

298 3325 399 3383 omnia
426 3331 588 3400 conspectu
621 3325 740 3400 dipestu
774 3335 865 3402 utque
891 3327 1054 3387 secuudum
1084 3327 1220 3386 ordinem
1250 3328 1397 3404 disposita
1423 3333 1610 3401 percenseri

295 3433 424 3501 possent.

382 3527 427 3586 lie
449 3529 551 3588 metris
572 3531 668 3604 ipitur
689 3529 765 3590 haec
786 3533 901 3606 scriptu
923 3539 1009 3592 suut:

383 3651 400 3706 i.
419 3649 478 3706 20⁸
494 3651 545 3706 coi.
563 3651 581 3706 2
606 3651 741 3708 Alaricum
758 3659 956 3726 pentametrum
973 3662 1078 3709 constet
1095 3653 1308 3727 penthemimere
1324 3651 1468 3726 spondaico
1484 3661 1513 3708 et
1530 3653 1607 3712 duo-

298 3734 349 3790 hus
374 3734 510 3791 trochaeis
535 3744 564 3791 ut
586 3744 629 3791 cst
651 3738 718 3793 hoc:

609 3821 747 3878 Carmen
771 3821 907 3878 scisset
931 3823 1044 3879 toedio
1068 3825 1238 3897 pectoris.

382 3903 519 3961 Alcaicum
534 3913 723 3963 tetrametrum
738 3915 846 3963 constet
861 3907 967 3965 duobus
982 3907 1096 3984 dactylis
1109 3917 1136 3965 et
1148 3907 1255 3964 duobus
1267 3907 1414 3981 trochaeis,
1430 3917 1461 3966 ut
1471 3919 1515 3967 est
1529 3909 1605 3968 iroe:

605 3989 698 4048 Luna
721 3991 848 4048 rubeus
871 3993 1045 4068 zephyros
1067 3995 1229 4050 minetur.
1625 4011 1638 4048 s

382 4073 402 4130 i.
417 4071 479 4128 42·
493 4073 545 4131 coi.
565 4077 579 4131 1
601 4076 806 4150 Asclepiodeum
829 4085 1026 4152 pentametrum
1050 4079 1131 4135 hahet
1153 4077 1269 4152 primum
1293 4076 1449 4151 spondium,
1472 4082 1608 4136 secundo

297 4159 433 4233 dactylum
455 4177 516 4216 cum
539 4159 670 4218 catalecto
693 4179 724 4218 rc
745 4161 842 4218 deinde
863 4164 932 4220 duos
955 4162 1079 4238 dactylos
1102 4165 1160 4220 sine
1183 4162 1313 4219 catalecto
1337 4161 1390 4219 hoc
1412 4162 1555 4238 exemplo:

607 4246 773 4302 iuuentor
795 4247 895 4304 rutili
919 4249 981 4304 dux
1003 4247 1093 4305 hone
1116 4247 1266 4304 ittrrtinis.

297 4329 364 4385 iiuie
386 4339 473 4386 metro
497 4341 561 4404 post
584 4333 705 4405 quinque
729 4348 827 4388 uersus
850 4332 970 4390 eluusuiu
993 4334 1081 4390 datur.

366 4599 379 4646 1
398 4584 495 4648 Creuit
513 4599 571 4662 (ltoc
588 4601 689 4650 librarii
706 4601 767 4651 uitio
782 4601 850 4664 salse
868 4603 1054 4668 praescriptum
1072 4601 1122 4666 est)
1142 4597 1269 4667 hlnicum]
1289 4602 1323 4666 cf.
1342 4601 1429 4654 Seruii
1445 4603 1477 4654 de
1495 4613 1610 4656 centrum

296 4699 383 4749 ntetrt‘s
399 4715 425 4763 p.
445 4703 502 4758 tou,
521 4705 552 4750 17
570 4703 607 4756 Κ,
660 4705 802 4768 pentomiue
855 4704 1023 4769 respoudaica
1109 4703 1252 4756 uttrroceis
1306 4701 1373 4752 tedio
1440 4705 1607 4758 triricum

347 4767 454 4830 dactylis
507 4769 616 4819 trocheis
685 4767 965 4836 6secuu⁶⁰doesyiuro
985 4787 1042 4822 euro
1061 4773 1184 4823 cutssieeto
1205 4767 1511 4840 [iiiiiiiililiyiiiluodeiude
1592 4781 1610 4828 'l

296 4835 403 4886 ductiles
455 4835 531 4886 huius
550 4837 667 4904 exemplo
736 4840 898 4890 Sinceritor
