3378 5550
493 331 542 382 DE
561 331 804 384 DISSONANTIA
823 331 1013 385 SERMONIS.
1316 351 1400 401 cxxi

192 521 262 620 lum
277 523 351 596 quiin
365 521 404 580 de
417 523 571 582 codicibus
585 523 693 583 butrium
709 523 951 598 differentiarum
966 541 986 582 u
997 527 1154 600 prioribus
1169 527 1331 588 editoribus
1346 529 1399 587 ced·

108 625 209 684 bibitis
231 623 310 683 nibil
330 627 450 685 omnino
471 630 598 699 constat,
622 626 680 686 boc
701 627 816 686 dixisse
834 625 961 701 suflicit,
986 627 1153 689 Breuilium
1176 629 1325 690 interdum
1348 647 1400 690 au-

13 755 15 768 r
108 729 269 788 ducissime
289 728 474 802 corripeudo
494 729 679 804 scripturam
701 731 863 788 inmutasse
877 730 992 802 uideri,
1018 730 1237 803 Gotbosredum
1260 749 1332 792 uero
1354 734 1402 792 uel

13 813 14 878 Ι
108 835 272 905 corruptas
293 829 408 888 caelicis
430 827 593 890 Bernaisis
613 832 756 891 lectiones
772 831 952 906 plerumque
972 849 1086 892 stimma
1107 851 1175 893 cum
1194 833 1257 906 fide
1277 851 1400 910 expres-

108 935 178 992 sisse
202 931 299 1002 (unde
319 933 409 991 simul
422 929 592 1006 Bonparsii
610 925 766 1011 ἀκρίβεια
785 936 930 1007 capnosci
944 937 1069 1009 potest),
1094 937 1259 996 Arecmlum
1274 937 1403 1012 denique

110 1035 279 1094 Iirera'lium
306 1040 439 1094 secutum
469 1035 620 1094 interdum
650 1036 699 1094 uel
719 1033 897 1095 deteriorem
919 1037 1096 1110 reddidisse,
1122 1040 1212 1112 quad,
1237 1045 1269 1098 ut
1290 1055 1326 1098 eo
1348 1055 1401 1098 ea·

13 1185 14 1212 ,
108 1139 206 1212 empto
227 1142 311 1206 sciar,
335 1154 384 1195 nr.
412 1141 462 1194 199
479 1134 598 1208 facturn
621 1144 679 1210 est,
707 1154 767 1212 auo
788 1138 856 1198 loca
876 1154 943 1198 cum
965 1144 995 1198 ct
1016 1137 1171 1200 Breuilins
1191 1147 1220 1200 ct
1242 1140 1401 1212 Gatbosrc-

13 1215 14 1234 Ι
108 1241 163 1299 dus
192 1254 258 1298 una
284 1255 351 1297 cum
372 1239 450 1298 libro
473 1236 622 1299 Bernerusi
641 1245 722 1300 recte
742 1239 920 1300 exhiberent
941 1242 1033 1300 ‘uires
1056 1243 1223 1314 uiriosum',
1255 1243 1404 1302 rtrcaialus

109 1344 187 1400 aule
207 1341 331 1416 scripsit
352 1341 524 1414 ‘uitiosum',
548 1357 610 1416 pau
632 1342 663 1400 in
685 1355 720 1400 rc
741 1341 914 1401 nuendum
934 1351 987 1415 est,
1016 1343 1099 1417 quod
1119 1343 1402 1421 Reifferscheidium

109 1445 215 1503 babuit
237 1443 383 1503 asseclam
406 1441 532 1503 Saetoni
551 1445 618 1503 rell.
636 1459 671 1518 p.
699 1449 764 1502 aue.
813 1443 870 1515 (lici
888 1461 954 1514 cum
978 1445 1197 1516 Gotbosredum
1215 1463 1248 1522 p.
1267 1453 1325 1504 274
1339 1465 1400 1521 seq.

109 1555 211 1606 testem
233 1545 378 1604 adbibere
398 1557 433 1604 se
451 1546 573 1618 diceret,
598 1561 708 1606 catera
724 1546 897 1620 Arcuulum,
922 1546 978 1607 boc
999 1553 1044 1607 est
1059 1545 1228 1608 Breuilium
1242 1551 1401 1624 expressit.

110 1649 172 1721 (mo
200 1645 409 1721 factumest,
445 1653 479 1706 ut
504 1649 654 1708 editorum
686 1649 874 1708 nouellorum
907 1651 1152 1722 eccopitumenlo
1180 1667 1243 1725 pro
1275 1653 1402 1725 antipam

107 1753 223 1812 codun
245 1751 444 1826 manuscripti
465 1749 672 1825 Bonparsiuai
690 1752 818 1812 lectione
836 1752 1012 1826 pierumque
1034 1751 1273 1811 uenditurcatur.

196 1853 287 1911 lianc
309 1851 441 1911 Breuilii
459 1860 489 1911 et
510 1851 694 1924 Gotliosrcdi
718 1851 936 1926 collectionem,
966 1869 1147 1928 qrcompuam
1175 1860 1297 1928 reperto
1323 1855 1403 1914 libro

107 1956 316 2030 naamatpio
336 1956 411 2014 satis
432 1961 547 2014 uetusto
569 1951 669 2014 maior
690 1957 720 2014 ci
740 1956 770 2013 in
789 1962 943 2030 pasterum
962 1957 1038 2026 fides
1053 1957 1111 2014 erit
1125 1954 1281 2033 babendo,
1304 1963 1401 2015 tamen

108 2061 208 2116 denuo
231 2059 311 2134 typis
332 2053 505 2116 describere
525 2057 615 2130 nolui,
640 2053 714 2132 quia
730 2055 858 2116 ,trcualc'
872 2054 1005 2116 editione
1027 2054 1189 2132 uMipnao
1211 2075 1309 2134 rtrcpcr
1323 2075 1404 2118 annii

111 2167 189 2218 155⁰
215 2161 246 2219 ia
269 2159 467 2234 patrolopiae
493 2165 561 2218 tom.
591 2156 768 2219 LXXXIII
799 2155 929 2234 repetitu
955 2158 1030 2220 suta
1057 2159 1219 2234 diuulpota
1245 2167 1298 2218 est.
1344 2158 1406 2220 Sed

108 2258 227 2322 codicis
255 2257 418 2334 diliaeater
445 2263 567 2321 ecstasi
591 2259 767 2337 scripturae
798 2261 842 2319 ad
870 2260 1051 2334 Gotbosredi
1077 2258 1236 2322 editionem
1264 2264 1401 2336 alteram,

108 2381 189 2439 puae
210 2379 241 2422 a.
267 2369 343 2421 1602
364 2361 397 2422 S.
423 2360 564 2424 Geruusii
587 2363 756 2437 (Geneuue)
771 2359 946 2445 prodiit*),
969 2365 1111 2423 conlatae
1132 2360 1314 2424 uarietatem
1330 2365 1403 2425 rire-

108 2464 174 2526 nali
188 2461 324 2526 numeris
337 2465 485 2540 adpositis
498 2466 653 2526 doctorum
663 2467 800 2525 uiromrm
814 2463 978 2526 memoriae
992 2467 1076 2526 trudi
1089 2464 1292 2527 necessarium
1308 2465 1404 2527 duaci:

198 2617 229 2677 P.
255 2613 294 2677 79
324 2617 464 2690 Galliasr.
491 2616 504 2676 l
535 2616 608 2678 {utet
632 2615 771 2698 polticerc
791 2614 796 2697 Ι
816 2617 984 2696 polticimur
1003 2615 1007 2698 Ι
1026 2616 1048 2678 4
1070 2627 1100 2680 et
1122 2617 1197 2681 iusta
1221 2628 1375 2698 correptae
1399 2620 1403 2702 Ι

107 2717 127 2780 6
150 2717 295 2795 intellegi.
317 2717 363 2780 sic
384 2736 501 2796 semper
518 2714 524 2802 Ι
544 2717 562 2780 7
586 2737 672 2799 asper
695 2719 730 2778 ad
755 2717 933 2798 tempus18
955 2718 1054 2780 hieme
1076 2716 1260 2804 intumiscitl

196 2841 226 2901 p.
250 2817 304 2891 80,
333 2818 354 2882 8
377 2819 531 2899 accipietur
556 2819 561 2902 Ι
588 2819 627 2882 12
648 2831 731 2882 caret
752 2822 852 2882 metiti
872 2820 1035 2903 {retensi}
1056 2819 1095 2881 14
1117 2822 1195 2902 quod
1219 2821 1402 2885 demonstra·

109 2943 193 2992 nius,
222 2923 261 2983 de
281 2941 361 2984 eras.
387 2921 392 3003 Ι
416 2925 518 3003 sepius
542 2920 547 3002 Ι
574 2919 613 2985 15
639 2921 819 3004 locupletum
844 2920 1040 3006 opulentipum
1073 2923 1159 3002 duit:
1181 2924 1371 3004 opulentiam)
1399 2935 1403 3022 Ι

108 3037 259 3107 tamquam
279 3024 284 3107 Ι

196 3148 225 3208 p.
243 3125 293 3192 91.
318 3123 358 3189 16
373 3126 535 3196 itouninum,
558 3127 669 3188 niinnm
685 3131 716 3188 in
731 3145 794 3190 rus.
814 3125 819 3208 Ι
841 3125 880 3188 19
895 3145 1055 3206 numquam
1076 3126 1081 3209 Ι
1100 3125 1142 3189 20
1156 3145 1243 3206 greca
1264 3127 1268 3208 Ι
1289 3127 1403 3189 discen-

110 3231 153 3291 dit
172 3227 178 3314 Ι
198 3215 283 3291 cadet
302 3232 307 3306 Ι
326 3229 473 3290 discendit
496 3225 501 3309 Ι
525 3227 646 3307 inpulsu
672 3225 677 3310 Ι
702 3239 804 3301 uentu,
826 3247 908 3292 corr.
933 3231 1012 3290 itacui
1032 3229 1037 3310 Ι
1058 3229 1196 3292 lacrimae
1215 3225 1221 3312 Ι
1241 3229 1373 3309 Nymbns
1397 3227 1401 3312 Ι

109 3335 243 3411 erumpit
263 3332 410 3412 natiquam
433 3333 506 3420 (sic)¹
525 3328 530 3412 Ι
550 3329 623 3391 caeli
643 3329 648 3412 Ι
667 3327 706 3391 21
730 3334 837 3393 sentiat
856 3330 860 3412 Ι
879 3329 921 3392 22
943 3332 981 3411 qil
998 3341 1078 3408 terga
1099 3330 1105 3414 Ι
1123 3329 1165 3393 23
1187 3333 1372 3411 conpositum
1397 3330 1402 3414 Ι

13 3515 14 3520 ,
109 3448 151 3513 25
173 3447 367 3532 continebitur
386 3445 392 3533 Ι
410 3447 452 3510 26
474 3423 522 3512 d¹ei
541 3447 545 3531 Ι
565 3446 605 3510 21
629 3449 773 3512 incundae
792 3447 797 3531 Ι
816 3449 1033 3540 ουιιιῃεϋᾳυειη
1054 3451 1058 3534 Ι
1077 3447 1119 3512 28
1142 3449 1335 3531 accipimus}

196 3589 226 3650 p.
250 3565 299 3638 92,
322 3565 363 3630 29
385 3587 461 3649 quae
483 3569 569 3648 iongp
590 3563 594 3649 Ι
614 3573 743 3630 uisemus
763 3567 768 3651 Ι
787 3566 829 3632 30
852 3578 881 3630 et
894 3543 1019 3633 ''saniam
1040 3566 1045 3652 Ι
1064 3566 1105 3633 32
1127 3577 1226 3631 rectae
1245 3567 1250 3652 Ι
1270 3568 1311 3632 33
1326 3569 1403 3632 dona

111 3673 149 3732 db
168 3671 220 3749 (=
244 3671 308 3750 deo)
332 3670 440 3732 dantur
460 3668 465 3751 Ι
482 3667 525 3734 34
547 3679 646 3732 uestes
668 3670 869 3750 feminarum!
889 3669 931 3733 35
953 3673 1090 3752 poenitus
1109 3669 1114 3753 Ι
1133 3668 1175 3734 36
1198 3675 1402 3752 conparatur*
1415 3679 1435 3741 ’,ἶ

110 3773 151 3836 36
166 3774 216 3854 qui
233 3775 370 3835 arcteris
388 3767 394 3855 Ι
413 3775 477 3835 sine
489 3774 596 3835 caeteris
613 3769 619 3856 Ι
638 3769 681 3836 39
692 3771 859 3854 apheresim
880 3770 884 3841 Ι
904 3775 1046 3853 sincopen
1067 3771 1071 3853 Ι
1091 3774 1244 3854 apheresis
1264 3772 1269 3855 Ι
1289 3770 1390 3836 temni.

113 3885 156 3936 tes
174 3875 179 3956 Ι
199 3893 268 3936 rare
291 3883 395 3936 nantes
417 3893 471 3952 pro
494 3882 630 3937 natantes
649 3873 654 3956 Ι
673 3871 713 3936 41
737 3873 912 3955 reliquimur
932 3872 936 3956 Ι
956 3873 997 3936 42
1020 3877 1189 3937 miserimus
1209 3876 1215 3956 Ι
1232 3873 1274 3938 cm
1296 3877 1404 3937 dicitur

113 3971 182 4058 qn'rir
213 3977 269 4054 (=
291 3976 445 4058 quoniam)
474 3977 534 4040 oris
568 3979 651 4039 racio
676 3975 681 4060 Ι
707 3979 794 4039 etiam
828 3986 985 4059 praecatur
1010 3975 1015 4058 Ι
1040 3979 1160 4057 inperiti
1186 3975 1190 4059 Ι
1215 3977 1250 4040 ad
1281 3995 1405 4057 prraeecs

13 4159 14 4162 Ἴ
113 4075 311 4163 discendunt!

196 4201 224 4261 p.
252 4176 312 4272 ¹93.
340 4177 382 4242 46
409 4197 516 4258 segnes
541 4179 547 4263 Ι
569 4177 612 4244 52
633 4183 722 4244 etiam
754 4179 758 4264 Ι
787 4192 869 4260 past:
897 4151 1028 4243 iumenta
1057 4183 1198 4244 dicimus:
1227 4181 1366 4242 ‹lisiuntio
1397 4180 1402 4264 Ι

113 4297 153 4362 53
175 4302 225 4381 qui
251 4275 313 4362 ¹iinu
331 4297 337 4382 Ι
354 4297 398 4362 55
419 4299 536 4366 desinet
554 4299 559 4382 Ι
577 4297 620 4364 56
643 4311 676 4363 ut
697 4321 765 4364 cum
788 4299 912 4382 exierit,
936 4319 1003 4362 curu
1028 4303 1074 4362 cxi
1096 4306 1128 4362 in
1150 4319 1211 4364 rus.
1232 4298 1236 4384 Ι
1254 4297 1295 4364 58
1318 4304 1402 4382 quasi

115 4404 300 4484 principium,
322 4421 405 4466 corr.
427 4403 556 4484 primum
575 4400 594 4486 Ι·

181 4688 208 4752 *Ι
224 4691 324 4742 Tertiae
341 4691 459 4743 editionis
477 4708 544 4743 anno
564 4696 629 4746 1622
652 4693 771 4746 Geneuae
794 4703 895 4743 auruum
917 4693 962 4756 (ui.
979 4691 1053 4744 Reid.
1071 4709 1098 4758 p.
1117 4695 1168 4745 274
1185 4703 1210 4743 et
1226 4694 1302 4757 451),
1325 4709 1400 4757 qaum

117 4763 239 4809 mundae
260 4760 370 4810 similem
393 4761 473 4811 luisse
495 4763 646 4828 paginarum
672 4763 822 4829 appendicis
841 4764 937 4811 numeri
957 4775 981 4812 ec
999 4761 1049 4828 ipsi
1068 4760 1133 4812 tisino
1152 4760 1233 4828 positi
1251 4774 1401 4830 coarguunt.

118 4827 183 4876 nulla
199 4838 323 4895 pateram,
342 4829 458 4892 quiamuis
477 4831 568 4898 cuspide
587 4831 754 4897 inquirerem,
773 4831 862 4882 notitia
879 4831 960 4884 inbui.
