3352 5556
283 399 411 448 ccxxvt
579 385 628 436 DE
647 383 790 436 1vt1nn1
808 381 1006 435 TOLETANO
1026 382 1268 436 GRAMMATICO
1305 416 1307 420 -

368 571 382 656 ΙΙ
404 576 422 634 i.
445 568 507 634 32b
529 569 541 654 11
563 573 676 648 (Repo)
710 571 761 632 uhi
793 570 883 632 habet
914 572 1086 632 accentum?
1134 569 1318 631 Paenuitimo
1350 569 1423 630 ioco.
1473 567 1587 640 Quaiis

283 660 442 720 accentus?
478 661 598 721 Acutus.
641 657 812 728 Quomodo?
850 655 924 727 Quia
947 657 1018 718 dicit
1039 656 1156 734 regula:
1180 655 1230 716 ubi
1253 655 1357 716 ambae
1379 653 1488 715 breues
1511 653 1585 715 iue-

283 745 357 814 rint,
384 761 524 806 acuemus
546 745 691 822 priorem,
720 752 753 804 ut
775 741 870 803 bdous
892 740 997 804 malus.
1044 741 1126 802 Vnde
1147 741 1219 810 scis,
1249 744 1317 818 quia
1340 739 1443 800 ambae
1466 739 1586 800 breues

283 829 372 890 suut?
414 829 595 890 Auctoritate
618 837 647 888 et
667 826 818 888 finalitate.
862 827 903 888 Da
926 827 1141 888 auctoritatem.

434 911 535 984 Quis,
560 931 666 991 rogo,
690 929 760 974 noo
782 915 942 973 moritur
964 919 1119 973 mertem
1141 919 1316 990 gustante
1339 909 1479 970 salute?
1601 927 1618 966 ε

367 998 409 1060 Da
436 997 616 1059 dualitatem.
667 997 743 1059 Dicit
770 997 948 1060 Donatus:
985 995 1084 1067 Quae
1111 1015 1128 1056 o
1157 997 1423 1065 terminantur,
1452 996 1584 1055 corri-

282 1085 454 1163 piuntur,
479 1092 517 1145 ut
539 1081 695 1144 ‘audio’.

795 1286 842 1347 DE
864 1285 1060 1347 novennio.

369 1453 383 1539 ΙΙ
400 1457 420 1517 i.
436 1453 499 1518 38b
514 1451 529 1540 ΙΙ
543 1455 640 1528 Quare
663 1456 772 1518 dieitur
789 1419 899 1517 ‘seeum
916 1457 990 1516 est’?
1005 1419 1011 1432 .
1026 1455 1108 1526 Quia,
1134 1457 1183 1532 qui
1198 1455 1262 1518 aliis
1277 1454 1406 1535 prodest,
1429 1463 1459 1515 et
1473 1473 1583 1516 seeum

283 1553 328 1604 est
357 1551 386 1603 et
415 1559 482 1603 eum
512 1542 591 1611 aliis,
623 1544 673 1622 qui
701 1549 799 1603 autem
827 1541 883 1602 sibi
912 1542 1039 1620 proiicit,
1071 1549 1184 1601 tantum
1213 1557 1313 1602 seeum
1343 1549 1397 1601 est.
1441 1539 1481 1602 Da
1511 1543 1632 1601 eius10

284 1626 463 1708 exemplum.
510 1625 580 1697 ‘Qui
603 1625 669 1688 aliis
692 1626 834 1706 prodesse
857 1644 917 1686 non
939 1626 1048 1705 potuit,
1072 1624 1168 1687 saltim
1191 1643 1293 1688 seeum
1312 1626 1390 1687 iuit’

281 1883 301 1942 h
365 1796 511 1943 vagandi,
540 1806 573 1858 ut
594 1816 656 1859 eus.
702 1797 791 1858 ‘Eus
818 1759 870 1866 tu,
900 1759 1038 1876 inquit,
1068 1814 1229 1876 quanam
1251 1797 1286 1856 in
1310 1801 1417 1876 parte
1439 1802 1495 1856 est
1516 1793 1586 1856 hie

307 1901 386 1945 omo
435 1901 485 1942 e.

367 2049 626 2136 {1i.39b{ilnter
654 2053 716 2113 ‘ne'
745 2061 774 2112 et
803 2053 866 2112 ‘ne'
895 2058 940 2113 est
967 2049 1063 2131 aliqua
1090 2051 1246 2114 diseretio?
1294 2051 1354 2113 Est.
1403 2049 1585 2122 Quomodo?

279 2137 313 2222 ¹Si
342 2139 578 2217 praepositiuum
607 2137 711 2206 tuerit,
746 2146 779 2198 ut
807 2147 890 2215 puta:
925 2139 985 2198 ‘ue
1016 2137 1116 2199 dieas
1149 2139 1265 2200 amieo
1299 2147 1379 2198 tuo:
1416 2135 1508 2197 uade
1542 2148 1633 2196 etta

281 2225 512 2293 reuertere’‚
543 2225 598 2283 erit
627 2221 800 2284 aduerbium
828 2221 1030 2302 prohibentis;
1059 2223 1084 2282 si
1106 2221 1343 2292 subiunctiuum‚
1372 2231 1404 2282 ut
1428 2220 1583 2299 quidam

281 2307 369 2368 dixit:
399 2307 592 2376 ‘Putasne
622 2306 713 2368 bene
741 2307 923 2368 irasceris
951 2325 1061 2387 super
1087 2307 1235 2368 ederam
1257 2308 1395 2377 istam’,
1425 2307 1482 2367 erit
1503 2323 1583 2367 oon-

281 2394 400 2454 iunctio.

262 2609 268 2620 .
368 2559 381 2645 ΙΙ
399 2563 419 2624 i.
431 2559 493 2624 40·
509 2561 520 2644 ΙΙ
536 2562 601 2624 Nou
625 2563 784 2625 dicendum
807 2571 852 2624 est
874 2581 941 2624 cum
958 2565 1179 2643 praepositione
1194 2564 1324 2624 ‘deintus
1340 2564 1436 2624 uenio‘
1453 2560 1584 2624 ‘deforis

282 2649 395 2716 uenio'.
420 2647 548 2710 ‘adiutus
564 2651 612 2709 eo'
636 2647 765 2709 ‘adieras
781 2654 837 2718 eo',
862 2647 914 2708 sed
929 2649 993 2709 siue
1007 2649 1227 2730 praepositione
1248 2649 1340 2710 ‘intus
1354 2649 1455 2709 uenio’
1478 2647 1582 2708 ‘ioris’
1602 2667 1633 2705 eo

284 2881 508 2922 stittm'rvmntts,

369 2940 542 2998 liulionus
562 2959 592 3012 p.
616 2945 672 3013 85,
696 2945 770 2997 104.·
804 2940 852 2997 Vbi
882 2941 962 2998 habet
991 2943 1148 3000 noeentum?
1192 2941 1344 3004 Peuultitoo
1367 2942 1438 3000 iooo.
1483 2938 1582 3008 Qualis

283 3027 428 3086 assertus?
472 3027 585 3083 deuius.
630 3023 790 3094 Quomodo?
834 3024 900 3093 Quia
924 3026 1004 3084 dieit:
1036 3024 1096 3082 ‘Vbi
1119 3026 1213 3084 aurbae
1235 3026 1334 3083 breues
1357 3027 1473 3100 tuerint,
1496 3043 1582 3084 aoue·

282 3129 343 3168 mus
376 3111 519 3186 priorem’‚
552 3120 583 3166 ut
616 3110 728 3168 ‘bonus’
756 3108 876 3167 ‘malus'.
928 3111 1000 3167 Vnde
1034 3114 1103 3183 scis,
1137 3113 1200 3186 quia
1233 3112 1327 3169 amhae
1359 3111 1458 3170 breues
1491 3113 1581 3168 sunt?

282 3198 467 3254 auctoritate:
491 3193 585 3268 ‘Quis‚
608 3213 692 3270 rogo,
715 3212 770 3252 nou
793 3195 910 3252 moritur
931 3205 1020 3252 morte
1042 3205 1172 3272 gustante
1194 3195 1337 3254 salutemi’

367 3281 385 3338 9
408 3279 542 3338 Iulianus
559 3297 591 3352 p.
615 3283 668 3353 96,
693 3283 765 3337 143.-
794 3277 883 3348 Quare
905 3280 971 3338 dicit
993 3279 1102 3338 ‘seeum
1124 3281 1202 3338 est'?
1246 3279 1313 3349 Quia
1336 3284 1383 3357 qui
1406 3279 1466 3339 aliis
1489 3299 1581 3356 prope

281 3366 328 3439 tit,
356 3375 384 3424 et
412 3381 503 3423 seeum
532 3374 575 3422 est
601 3374 628 3422 et
650 3381 711 3422 eum
734 3365 803 3422 aitis.
847 3363 900 3434 Qui
922 3373 1025 3423 tautum
1050 3365 1116 3438 tibi,
1143 3383 1235 3431 secum
1258 3375 1318 3438 est,
1347 3384 1400 3423 non
1423 3366 1581 3425 corneliis.

282 3452 316 3508 Da
339 3452 398 3508 eius
421 3449 581 3524 exemplum.
618 3448 685 3518 Quia
708 3451 755 3525 qui
778 3450 838 3507 aliis
861 3467 949 3526 prope
971 3467 1033 3508 esse
1057 3469 1111 3507 nou
1132 3451 1234 3526 potuit,
1257 3451 1353 3509 saltem
1377 3455 1399 3508 is
1422 3469 1515 3508 seeum
1538 3451 1582 3508 fit.

346 3535 385 3592 12
407 3535 541 3592 Iulianus
561 3552 592 3606 p.
617 3539 668 3592 96:
699 3535 814 3593 Vocandi
843 3544 875 3591 ut
903 3535 980 3593 heus.
1026 3533 1185 3604 Quomodo?
1229 3536 1274 3593 Sic
1301 3547 1378 3593 autea
1405 3537 1580 3594 cousuetudo

282 3621 335 3677 iuit
357 3621 484 3692 uocandi,
507 3619 614 3695 quando
637 3637 708 3678 unus
731 3619 996 3693 northmanorum,
1019 3631 1050 3678 ut
1071 3621 1173 3678 diceret
1194 3617 1280 3679 ‘heus
1303 3620 1393 3679 heu’:
1416 3621 1487 3678 uude
1509 3623 1582 3678 scri-

282 3706 370 3762 bitur:
398 3703 480 3763 ‘heus
503 3715 548 3778 tu,
571 3707 598 3760 in
622 3721 736 3780 quanam
759 3714 837 3780 parte
859 3715 902 3762 est
924 3707 969 3763 hie
991 3707 1071 3764 homo
1095 3707 1169 3774 Deii’

347 3789 386 3847 14
413 3789 548 3848 Iulianus
574 3808 606 3864 p.
634 3793 686 3846 97:
720 3791 793 3847 luter
821 3787 879 3846 ‘ne’
908 3801 936 3847 ει
963 3789 1021 3848 ‘ue'
1050 3799 1093 3848 εει
1122 3792 1268 3849 diseretio?
1312 3791 1368 3848 Est.
1414 3789 1504 3858 Quae?
1548 3791 1581 3849 Si

282 3875 497 3951 praepositiuuur
521 3875 617 3932 iuerit:
649 3873 695 3931 ‘ue
717 3875 789 3932 dicas
812 3878 898 3932 amioo
921 3884 985 3946 tuo,
1015 3876 1082 3932 uado
1105 3886 1133 3932 et
1155 3877 1316 3948 reuertere',
1344 3879 1396 3934 erit
1417 3875 1581 3933 aduerbium

281 3960 464 4036 prohlbeutis.
510 3959 538 4016 Si
561 3960 766 4017 subiunctiuum
788 3959 886 4026 tuerit,
910 3970 940 4017 ut
963 3960 1070 4034 qnidam
1093 3961 1172 4017 dioit:
1196 3960 1335 4036 ‘putasne
1358 3961 1427 4018 bene
1450 3961 1581 4018 irasoeris

284 4063 368 4120 super
391 4045 547 4102 hederami’
573 4045 628 4102 erit
649 4046 817 4102 coniunctio.

349 4130 387 4188 19
409 4131 543 4188 Iulianus
560 4148 591 4202 p.
616 4133 668 4186 99:
696 4129 754 4186 Non
783 4129 924 4186 dteeodum
955 4139 998 4187 est
1026 4148 1086 4188 eum
1113 4131 1316 4206 praepositione
1338 4130 1458 4202 ‘deintus
1480 4131 1580 4187 uenio’

284 4215 396 4275 ‘deforis
425 4217 519 4273 uenio'
548 4215 666 4272 ‘adiutus
696 4214 740 4272 eo’
772 4215 886 4271 ‘adieris
917 4215 975 4272 eo’:
1012 4215 1060 4272 sed
1085 4219 1144 4272 sine
1172 4218 1376 4292 praepositione
1404 4217 1478 4273 intus
1507 4217 1581 4272 ioris

286 4481 397 4517 consors
415 4483 572 4519 ananensis
590 4469 640 4519 20?
657 4481 804 4520 renarras.

353 4539 365 4584 1
386 4537 526 4602 penultimo
611 4535 721 4586 tuente
738 4536 771 4586 da
789 4536 937 4586 auctoritate
1016 4534 1152 4587 didonium
1221 4533 1348 4600 Donatus]
1368 4535 1421 4586 Hie
1438 4540 1508 4586 torua
1527 4553 1581 4587 aon

285 4611 358 4653 estut
376 4606 402 4653 in
420 4608 524 4670 uteipotu
541 4605 638 4656 Donati
652 4605 751 4668 ferrarea,⁸
769 4619 849 4670 neque
868 4611 950 4654 tanea
968 4620 985 4653 a
1001 4605 1105 4657 Donato
1122 4605 1199 4669 piane
1217 4608 1315 4654 alienus
1332 4611 1386 4661 est:
1403 4605 1494 4654 emilia
1511 4607 1581 4654 enin

234 4731 240 4740 ⁸
285 4675 400 4734 tepenter
417 4674 443 4721 in
459 4673 504 4722 itto
522 4679 646 4735 tractatu,
671 4688 741 4738 paean
758 4671 803 4723 eud
821 4671 907 4722 Sentit
923 4673 1020 4724 maniae
1038 4674 1069 4722 de
1087 4674 1178 4722 ultimis
1194 4673 1299 4737 syllabis
1315 4673 1404 4737 priore
1422 4674 1477 4722 loeo
1495 4673 1582 4722 edidit

286 4739 420 4790 Putscdius
436 4756 462 4804 p.
484 4742 563 4790 1807:
588 4739 607 4789 D
626 4755 690 4802 quae
709 4739 843 4802 finiuntur,
862 4749 980 4806 eorrepto
997 4750 1065 4802 sunt,
1083 4751 1111 4789 ut
1128 4741 1205 4790 audio
1224 4767 1265 4801 —,
1285 4757 1355 4807 poem
1372 4741 1479 4791 libatiam
1496 4742 1581 4804 ipsum

284 4809 310 4856 in
330 4807 424 4856 Donati
440 4815 520 4856 ortena
538 4811 594 4858 oiim
612 4817 739 4872 receptura
754 4809 849 4870 seinse,
877 4809 972 4858 codicis
990 4807 1131 4858 Berneaste
1149 4811 1199 4858 20⁷
1222 4811 1374 4859 auctoritate
1388 4811 1522 4872 firmetur,
1542 4811 1581 4872 os.

285 4891 350 4940 quoe
368 4877 400 4925 de
418 4891 449 4925 eu
470 4877 562 4926 Donati
577 4883 653 4939 purte
670 4891 750 4939 supra
768 4877 943 4927 adrrotnnimus
958 4893 985 4939 p.
1003 4875 1054 4923 XX
1123 4879 1138 4926 9
1156 4877 1271 4942 prodcsit
