3354 5580
277 370 338 436 178
644 369 901 434 quaesitoque
920 369 1191 424 uutuutrtcas

360 562 371 642 ζ,
390 557 465 623 ι.6·
482 558 494 642 ll
519 560 629 620 Verum
658 567 772 628 tamen,
802 558 921 636 quando
950 566 1110 650 utrumque
1139 577 1245 621 nomen
1276 559 1487 642 appellatiuum
1520 568 1575 626 est,

273 659 351 722 idest
374 669 403 721 et
425 659 503 740 quod
526 659 678 740 praeeedit
701 667 730 720 et
752 659 830 738 qood
854 663 996 738 sequitur,
1021 669 1093 722 tunc
1114 679 1169 741 per
1191 660 1263 723 illud
1285 678 1466 741 pronomen,
1490 661 1575 742 quod

273 771 318 823 est
346 763 376 822 in
405 761 518 830 medio,
553 759 677 822 licenter
710 763 756 822 cui
794 761 932 822 uolumus
962 765 1065 842 generi
1100 763 1326 844 respondemus.
1369 766 1406 824 Λι
1432 765 1459 824 si
1481 764 1575 823 luerit

273 881 364 925 unum
388 879 498 924 nomen
520 863 674 942 proprium
699 869 728 922 ot
749 861 874 924 alterum
897 862 1123 944 appellatiuum,
1154 873 1267 926 tantum
1295 867 1417 944 proprio
1446 883 1576 944 respon-

273 965 394 1034 demus,
419 971 465 1024 ut:
497 964 560 1024 ‘est
581 963 610 1023 iu
639 981 759 1026 earcere
783 963 879 1034 locus,
910 965 988 1043 quod
1012 964 1180 1027 Tullianum
1205 970 1351 1036 uocatur’,
1376 974 1419 1027 et:
1453 967 1600 1025 ‘ciuitass

274 1065 353 1146 quod
387 1063 585 1126 Mediolanum
620 1065 751 1134 dicitur',
785 1075 828 1129 et:
862 1065 1056 1130 ‘coenobium
1091 1084 1167 1146 quae
1194 1065 1319 1129 Corheia
1347 1067 1495 1136 uocatur-².
1529 1075 1574 1126 et:

226 1165 231 1176 '
272 1164 358 1228 ‘cella
389 1167 468 1246 quod
496 1164 689 1228 Altumuilare
717 1170 926 1247 nuncupatur’.
956 1178 998 1231 et:
1034 1167 1121 1231 ‘uilla
1151 1170 1201 1246 qui
1228 1167 1397 1248 Sparnacus
1424 1173 1576 1238 uocatur’,

273 1275 315 1329 ct:
348 1267 506 1349 ‘oppidum
540 1287 615 1348 quae
644 1267 734 1330 Troia
769 1271 961 1342 nominatur‘‚
986 1281 1027 1333 et:
1059 1270 1216 1348 ‘palatium
1246 1272 1296 1346 qui
1325 1270 1493 1332 carisiacus
1523 1289 1576 1349 ap·

273 1367 423 1450 pellatur’.

359 1573 371 1654 1ἱ
389 1575 408 1634 t.
425 1569 464 1634 6¹²
480 1573 493 1656 ll
518 1571 692 1634 ‘Enthesis’
717 1584 762 1634 est
784 1575 993 1654 interrogatio,
1018 1577 1135 1657 quaudo
1158 1575 1194 1636 nd
1218 1578 1463 1638 exercitationem
1488 1595 1575 1637 suam
1590 1593 1611 1631 u

273 1671 379 1755 aliquis
401 1675 559 1755 praeponit
581 1674 696 1752 sibique
720 1677 784 1756 lpse
807 1677 976 1757 respondet.
1020 1677 1183 1740 ‘Erotema’
1206 1688 1251 1741 est
1274 1680 1485 1758 interrogatio,
1517 1697 1576 1758 qua

273 1777 364 1854 ligura
394 1773 617 1846 utimur,'cum
647 1779 861 1856 interrogando
890 1779 999 1860 aliquid
1028 1799 1204 1843 aceruamus
1232 1789 1263 1841 et
1291 1795 1508 1860 exaggeramus
1539 1779 1576 1841 ed

274 1877 337 1938 eius
359 1877 518 1953 inuidiam,
542 1896 631 1958 quem
654 1880 882 1959 interrogamus.
913 1879 1045 1961 ‘Pysma'
1068 1891 1112 1944 est
1134 1884 1314 1963 quaesitum,
1339 1900 1414 1961 quae
1436 1883 1536 1960 ligura
1560 1901 1575 1942 a

274 1981 431 2059 superiore
454 1997 490 2040 eo
512 1979 626 2052 ditiert,
649 1981 728 2061 qood
752 1983 948 2062 interroganti
963 2001 1021 2044 una
1037 2001 1112 2046 uoce
1128 1991 1239 2046 tantum
1262 1981 1439 2064 responderi
1460 1991 1576 2064 potest

273 2078 405 2142 illabitur
427 2083 590 2160 ‘rogatio'‚
619 2101 694 2162 quae
722 2083 754 2144 flt
781 2102 835 2163 per
863 2083 1063 2146 definitionem
1088 2093 1117 2146 et
1139 2105 1197 2148 non
1221 2092 1317 2164 potest
1346 2085 1401 2147 uisi
1430 2083 1575 2164 pluribus
1590 2101 1611 2140 u

272 2181 397 2244 uocibus
419 2182 605 2262 responderi.

355 2386 485 2447 ‘Erudis'
509 2386 728 2465 amphimacrus
751 2399 808 2459 cst,
833 2398 866 2451 ut
888 2389 1086 2469 Virgilius:
1112 2387 1317 2452 ‘sublatum
1342 2389 1511 2454 erudiit’.

357 2487 413 2558 Oui
441 2489 514 2549 dicit
542 2485 722 2559 ‘subolem’‚
752 2490 831 2552 dicat
860 2489 1051 2554 ‘molierem'
1081 2493 1222 2554 ‘nocem’
1253 2491 1391 2553 ‘orsum’
1414 2491 1573 2572 ‘uulpem’
1675 2495 1676 2500 ’

272 2589 421 2650 ‘uoltum'
454 2589 591 2650 ‘luuem’
625 2589 825 2662 ‘huminem’‚
859 2595 937 2654 sieut
963 2611 978 2654 a
1008 2594 1123 2656 ‘trinu’
1158 2611 1218 2658 noo
1246 2593 1374 2655 dicimus
1401 2594 1571 2655 ‘lrixuria'

272 2691 323 2752 sed
348 2691 519 2766 ‘frixoria'‚
544 2692 586 2752 sio
608 2711 624 2752 a
648 2692 753 2754 ‘luxu'
778 2712 836 2756 non
861 2701 905 2756 est
926 2693 1050 2757 dicenda
1073 2694 1225 2757 ‘luxuria'
1249 2696 1301 2757 sed
1325 2694 1472 2756 ‘luxoriae
1521 2695 1571 2756 lu·
1586 2713 1610 2752 so

271 2812 362 2874 super
384 2796 472 2857 etiam
496 2797 558 2875 ipsa
581 2795 709 2856 secunda
733 2794 844 2876 syllaba
867 2795 969 2858 breuis
992 2797 1073 2858 nullo
1089 2797 1177 2858 modo
1200 2799 1305 2860 luisset
1325 2799 1356 2857 in
1381 2804 1485 2867 metro,
1513 2797 1573 2857 nisi

271 2913 289 2954 u
313 2915 490 2958 corruersum
515 2905 593 2958 esset
613 2899 644 2957 in
667 2916 695 2959 o.

356 3102 515 3163 Sciendum
544 3120 615 3164 sene
644 3100 730 3162 nohis
758 3108 817 3170 est,
846 3095 994 3180 quomodo
1023 3099 1096 3162 lraec
1123 3104 1222 3163 omnia
1252 3103 1330 3163 iuter
1358 3120 1390 3164 se
1413 3101 1570 3172 diilerunt,
1674 3139 1675 3150 .

271 3202 349 3263 idest
376 3205 540 3283 ‘uespere’
570 3205 729 3283 ‘uespera’
754 3203 886 3282 ‘uesper’
910 3203 1116 3282 ‘uesperum’.
1160 3201 1347 3281 Virgilius
1370 3206 1468 3265 omnia
1492 3203 1571 3264 haec

270 3303 452 3366 demonstrat
475 3305 593 3367 dicens:
618 3306 681 3367 ‘Est
704 3306 792 3366 etiarn
814 3321 923 3384 uesper
939 3322 1066 3383 uespere
1082 3322 1205 3384 uespera
1222 3323 1399 3385 uesperum.
1422 3304 1470 3366 hic
1492 3323 1570 3366 uero
1583 3323 1607 3362 ie

271 3409 473 3470 nominatione
501 3407 683 3487 quadruplex
713 3415 772 3477 est,
801 3408 889 3466 cuius
916 3405 1081 3467 diilerentia
1110 3405 1183 3466 haec
1212 3407 1283 3477 erit,
1313 3406 1391 3483 quod
1420 3406 1571 3485 ‘uesper’

271 3508 389 3588 quidem
419 3508 544 3580 dieitur,
575 3510 842 3588 quotienscumque
864 3505 907 3568 sol
930 3505 1060 3568 nuhibus
1088 3516 1138 3568 aut
1164 3506 1233 3569 lurra
1262 3506 1465 3587 lerruginibns
1493 3524 1572 3585 qua·

271 3628 397 3690 eumque
425 3610 486 3673 diei
514 3619 564 3674 aut
591 3613 685 3672 noctis
713 3609 785 3671 hora
809 3610 927 3687 tegitur,
951 3619 981 3670 et
1003 3609 1060 3670 hoc
1082 3617 1221 3671 neutrum
1245 3617 1304 3679 est,
1328 3608 1407 3690 quod
1430 3617 1459 3670 et
1482 3611 1570 3670 ‘ues-
1673 3655 1674 3680 .

270 3730 324 3790 per
346 3714 494 3794 uesperis’
516 3713 597 3774 iacit.
641 3713 678 3773 ht
700 3712 899 3772 nominatiuus
919 3714 1070 3791 ‘uespere'
1094 3719 1219 3773 uocatur
1240 3709 1277 3771 ah
1301 3710 1372 3772 hora
1403 3728 1480 3773 nona
1503 3711 1571 3774 sole

270 3813 444 3876 descensum
467 3813 625 3876 inchoante
648 3813 756 3875 et'hoc
778 3809 975 3874 declinatione
997 3821 1089 3874 caret.
1127 3809 1138 3894 ΙΙ
1160 3813 1179 3873 l.
1196 3809 1262 3894 ⁷·l
1285 3813 1483 3894 ‘vesperum’
1509 3821 1606 3882 escen

271 3914 340 3975 dum
364 3915 426 3977 sole
449 3915 603 3977 occidente
626 3914 689 3976 dies
712 3913 813 3978 delicit
835 3915 928 3975 etsie
951 3913 1134 3976 declinatur:
1165 3915 1344 3994 ‘uesperum
1368 3915 1489 3993 uesperi
1513 3933 1568 3975 ue·

269 4021 370 4096 spero’
394 4017 569 4098 etreliqua.
614 4017 769 4096 ‘Vespera'
793 4025 852 4086 est,
876 4033 942 4076 cum
965 4015 1040 4078 lucis
1062 4019 1176 4077 oriente
1199 4032 1306 4076 aurora
1329 4035 1386 4078 nor
1410 4015 1513 4076 linitur
1538 4025 1569 4077 et

269 4121 310 4179 sic
334 4119 513 4181 declinatur:
538 4123 675 4198 ‘uespera
698 4135 843 4199 uesperao
865 4123 1021 4198 uesperre’
1045 4127 1075 4178 et
1097 4117 1233 4198 reliqua!

269 4274 495 4285 ——-—..—

338 4375 367 4423 ll
387 4374 516 4424 erotlremo
598 4374 629 4422 12
647 4386 829 4436 epacerunmus
848 4381 872 4421 et
890 4387 1059 4438 exigeremus
1129 4374 1160 4422 13
1179 4371 1260 4436 pisnm
1333 4373 1365 4422 15
1382 4370 1565 4429 diffinitionem

270 4442 301 4491 l‘l
320 4439 458 4508 Virgilius]
478 4443 544 4492 Aen.
564 4439 608 4490 IX
627 4443 679 4492 203
758 4440 914 4491 tetrisono
937 4439 1290 4505 sequipedamen
1374 4441 1408 4489 24
1425 4437 1565 4506 Virgilius]

269 4510 382 4559 Asianus
396 4525 424 4574 p.
442 4511 466 4560 8.
485 4512 500 4558 9
518 4508 576 4559 Mol
693 4509 726 4559 28
744 4509 879 4575 obtegatur
900 4507 1022 4574 Virgilius
1041 4507 1107 4558 Maii
1208 4519 1232 4556 et
1250 4506 1299 4556 hoc
1317 4519 1447 4566 neutrum.
1472 4523 1567 4574 uesper

269 4578 384 4641 riesperis
403 4577 504 4643 uesperi
522 4591 615 4642 uesper
633 4591 740 4642 uespere
756 4577 878 4642 Virgilius
897 4576 964 4626 Maii
1030 4577 1063 4627 29
1082 4575 1239 4626 nominetiuo
1256 4575 1378 4640 Varpitiue
1396 4575 1464 4626 Maii
1532 4579 1568 4626 80

268 4643 409 4694 discessum
422 4645 507 4695 Maius
546 4645 682 4694 inchoante
700 4645 745 4696 sed
765 4644 813 4696 lroc
831 4659 922 4695 nomen
941 4644 1134 4695 declinationem
1154 4642 1247 4692 nullam
1266 4641 1440 4694 hubetMoiue
1478 4655 1564 4693 nutem

268 4721 307 4758 est
324 4727 380 4759 cnm
399 4712 453 4762 sole
474 4713 560 4766 Moim
615 4714 649 4763 32
667 4713 781 4763 tirrintur:
809 4715 901 4764 etenim
920 4714 986 4763 sieut
1003 4713 1058 4762 dies
1077 4712 1158 4762 noctis
1176 4725 1298 4760 successu
1316 4725 1467 4776 uesperum,
1485 4713 1524 4760 sic
1542 4724 1566 4760 et

270 4791 321 4825 uon
339 4779 380 4826 die
392 4791 482 4830 exorto
496 4796 628 4846 uesperum
642 4781 717 4830 lrnhet
729 4791 753 4831 et
765 4783 802 4830 sic
820 4781 961 4830 declinatur
978 4780 1072 4830 Moira.
1100 4781 1152 4830 Hic
1163 4782 1233 4831 loeus
1248 4779 1352 4842 Virgilii
1363 4781 1461 4830 nomine
1472 4783 1565 4830 orchea

268 4845 361 4910 legitur
377 4849 452 4898 etium
469 4850 495 4898 in
512 4853 594 4913 primu
611 4849 668 4898 cod.
686 4847 766 4900 Bern.
784 4851 836 4898 ito
852 4851 948 4914 papirio
964 4863 1032 4900 enee.
1053 4849 1091 4898 X:
1112 4849 1281 4913 obtegitur-
1292 4846 1435 4897 discessum
1455 4874 1486 4885 —
1507 4863 1563 4897 enm
