3346 5558
253 363 296 428 54
790 359 859 412 aas
878 359 1009 412 esrem

253 555 359 621 immo,
382 550 583 629 congregandi
605 556 638 610 ut
659 547 748 610 simul
771 567 844 619 uua,
869 547 1045 628 probibendi
1070 556 1100 609 ut
1123 567 1174 618 ne,
1198 557 1324 609 euentus
1346 557 1380 610 ut
1401 549 1477 609 iorte
1494 549 1568 608 ior-

254 655 345 724 tuitu,
374 651 557 732 cooperandi
579 657 611 714 ut
632 651 727 728 magis
749 649 796 711 uel
820 657 895 720 tam,
924 649 1042 710 iurandi
1065 658 1098 711 ut
1120 647 1227 729 edepol
1249 658 1347 712 castor
1370 648 1471 712 hercle
1492 667 1567 710 me·

256 755 342 818 fidius
364 757 478 816 medius
499 753 596 814 lidius.

341 857 416 917 Sunt
438 853 589 924 aduerbia,
613 871 688 934 quae
704 855 733 914 in
750 873 766 916 a
781 854 911 915 litteram
934 862 1057 924 exeunt,
1081 859 1114 914 ut
1138 871 1206 924 una,
1229 859 1281 914 aut
1303 853 1333 912 in
1357 872 1389 924 e,
1414 862 1447 915 ut
1468 855 1565 915 docte

255 959 351 1020 ciuica
367 957 537 1026 affectuose,
561 963 612 1018 aut
634 959 665 1018 iu
688 957 707 1026 i,
732 964 764 1016 nt
785 957 913 1035 uesperi,
938 963 988 1016 aut
1010 957 1040 1016 in
1063 975 1089 1026 o,
1114 963 1147 1016 ut
1169 953 1243 1016 laiso
1265 973 1334 1016 raro
1357 955 1463 1018 sedulo
1485 975 1597 1036 pro-s

256 1061 333 1120 iacto
355 1058 473 1138 quando
497 1057 593 1120 niodo.
640 1058 770 1119 Dicimus
792 1059 885 1118 enim:
918 1057 990 1118 ialso
1013 1055 1102 1126 dixit,
1126 1075 1195 1118 raro
1218 1057 1355 1126 uidetur,
1378 1057 1482 1118 sedulo
1504 1058 1567 1118 de·

256 1162 333 1239 tigit:
364 1179 431 1221 nam
459 1159 533 1222 lalse
562 1177 630 1221 rare
658 1158 761 1220 sedule
790 1159 848 1220 dini
877 1177 935 1219 noo
964 1165 1071 1238 potest.
1117 1159 1234 1220 Exeunt
1256 1159 1390 1220 similiter
1413 1158 1568 1220 aduerbia

255 1265 286 1322 in
315 1279 348 1330 u,
378 1269 411 1322 ut
438 1270 543 1332 noctu,
572 1269 624 1322 aut
650 1263 679 1322 in
710 1279 753 1334 m,
787 1269 818 1322 ut
845 1261 971 1322 strictim
1002 1261 1113 1321 cursim
1144 1260 1334 1341 pedetemtim
1366 1259 1566 1322 membratim

256 1364 398 1443 sparsim,
428 1371 478 1424 aut
506 1365 535 1422 iu
563 1381 594 1432 r,
623 1369 656 1423 ut
683 1361 815 1423 breuiter
842 1363 960 1423 sortiter
987 1369 1159 1424 constanter
1186 1359 1314 1423 dulciter
1342 1361 1568 1424 admirabiliter

256 1463 449 1526 oboedienter
472 1463 669 1534 concorditer,
693 1472 744 1525 aut
762 1465 791 1524 in
808 1485 835 1532 s,
861 1473 893 1525 ut
915 1464 1048 1525 lunditus
1069 1464 1211 1525 radicitus
1234 1462 1409 1524 naturalitus
1431 1463 1566 1524 caelitus
1583 1478 1611 1516 1⁰

257 1567 427 1627 humanitus
448 1566 582 1645 stirpitus
605 1565 775 1627 medullitus
790 1563 813 1646 †
829 1565 977 1646 strepidus
998 1567 1161 1646 antiquitus
1176 1567 1357 1628 intrinsecus
1372 1567 1567 1627 extrinsecus

260 1669 425 1728 lorinsecus
440 1666 625 1729 altrinsecus.
656 1669 740 1738 Suot,
757 1687 832 1748 quae
848 1667 980 1746 regulam
997 1685 1055 1728 noo
1072 1673 1204 1736 seruant,
1228 1675 1262 1728 ut
1276 1665 1353 1728 bene
1368 1667 1460 1728 male:
1483 1669 1565 1728 liunt

260 1771 337 1830 euim
361 1769 437 1830 bene
461 1767 567 1831 melius
590 1771 714 1851 optime,
739 1767 815 1831 male
837 1771 922 1850 peius
944 1771 1082 1851 pessime.
1120 1767 1194 1830 Nam
1217 1769 1302 1830 aliter
1325 1771 1483 1850 conparari
1498 1788 1564 1830 uon

261 1881 393 1952 possunt.
425 1871 502 1933 Sunt
516 1871 582 1943 alia,
599 1889 674 1949 qnae
692 1873 722 1933 in
739 1891 754 1932 e
770 1871 919 1939 desinunt,
944 1877 976 1931 ut
992 1871 1049 1931 rite
1072 1872 1185 1950 inpune
1206 1889 1296 1950 saepe
1318 1871 1404 1932 facile
1427 1869 1561 1932 diiticile.

259 1973 419 2034 Sciendum
436 1981 604 2042 esttamen,
629 1973 707 2050 qttod
724 1972 878 2042 aduerbia,
901 1990 977 2050 quae
1001 1971 1037 2032 de
1061 1971 1233 2034 nominibus
1255 1975 1390 2042 ueniunt,
1413 1980 1512 2034 atrurn
1526 1973 1562 2032 in
1579 1983 1608 2024 1⁵

259 2097 275 2134 e
298 2082 350 2136 aot
378 2077 407 2135 in
430 2093 446 2133 r
468 2074 596 2136 litteram
619 2077 700 2135 exire
724 2074 865 2144 debeant,
895 2073 950 2134 hoc
971 2074 1079 2135 ¹ordine
1101 2075 1213 2154 requiri
1237 2081 1347 2153 potest,
1375 2083 1408 2134 ut
1429 2076 1455 2136 si
1477 2075 1564 2136 dicas

261 2177 443 2237 nominatiuo
459 2175 507 2236 iric
523 2177 714 2254 magnilicus,
738 2177 878 2254 genetiuo
894 2175 982 2236 ltuius
999 2176 1146 2254 magnilici
1170 2174 1270 2236 datiuo
1292 2176 1362 2236 huic
1385 2179 1561 2255 magnifico:

258 2295 325 2338 eum
355 2274 435 2338 enim
465 2277 580 2338 datiuus
608 2295 694 2338 casus
723 2296 740 2337 o
769 2277 867 2339 littera
896 2277 1088 2346 terminatur,
1120 2275 1296 2338 aduerbium
1325 2278 1355 2336 in
1386 2297 1401 2336 a
1430 2278 1560 2338 litteram

222 2385 225 2392 '
259 2380 341 2438 exire
369 2377 472 2446 debet,
500 2387 533 2440 ut
563 2379 631 2439 huic
654 2380 809 2456 magnilica
831 2380 999 2457 magnifice,
1029 2376 1108 2458 quod
1131 2379 1221 2438 etiam
1241 2379 1273 2438 in
1296 2376 1441 2438 similibus
1465 2382 1560 2441 nomi-

258 2477 346 2540 nibus
374 2481 417 2540 sic
446 2481 557 2560 poteris
586 2481 737 2549 inuenire,
768 2488 801 2540 ut
827 2479 864 2540 ab
892 2479 1007 2542 occulto
1036 2479 1164 2549 occulte,
1195 2498 1210 2540 a
1237 2479 1358 2560 publico
1381 2479 1515 2560 publice,
1542 2494 1603 2540 ato

155 2624 160 2640 ,
259 2579 347 2642 docto
370 2579 471 2649 docte,
495 2581 532 2642 ab
556 2583 684 2660 inperito
706 2582 851 2660 inperite,
875 2600 891 2642 a
913 2582 1048 2662 perlecto
1072 2582 1217 2660 perlecto,
1241 2601 1258 2644 a
1281 2579 1458 2642 scholastico
1474 2581 1561 2644 scho-

259 2680 377 2752 lastice,
407 2691 530 2761 agnato
559 2689 661 2761 grate,
690 2701 705 2744 a
728 2681 828 2744 sobrio
856 2681 969 2752 sobrie,
999 2681 1165 2763 apulchro
1187 2681 1326 2763 pulchre,
1355 2692 1560 2764 atemperato

259 2791 432 2864 temperate.
479 2785 618 2846 Ceterum
646 2785 671 2846 si
699 2785 816 2846 datiuus
838 2802 924 2845 casus
947 2784 1003 2846 sub
1026 2784 1224 2846 declinatione
1246 2784 1407 2848 cuiuslibet
1430 2789 1561 2848 nominis

259 2887 291 2946 in
318 2887 330 2945 i
357 2886 486 2947 litteram
517 2888 708 2956 terminatur,
745 2893 778 2946 ut
805 2889 832 2947 si
861 2886 941 2948 dicas
970 2885 1153 2948 nominatius
1181 2887 1229 2947 hic
1258 2890 1393 2968 sapiens,
1421 2891 1560 2967 genetiuo

259 2987 348 3049 huius
370 2990 524 3068 sapientis,
548 2989 649 3051 datiuo
672 2989 741 3051 hnic
763 2989 901 3068 sapienti,
924 2985 1102 3048 aduerbium
1125 2989 1155 3048 ia
1177 3007 1193 3047 r
1215 2988 1343 3050 litteram
1360 2991 1444 3050 exire
1460 2989 1557 3064 debet,
1572 3001 1601 3042 ²⁵

259 3097 293 3152 ut
321 3092 447 3168 sapienti
475 3092 639 3170 sapienter,
670 3093 748 3172 quod
777 3093 806 3152 io
836 3089 882 3150 his
908 3089 1078 3152 nominibus
1101 3089 1216 3170 aequali
1239 3092 1354 3152 ratione
1376 3093 1491 3170 poteris
1513 3093 1559 3152 in·

260 3193 379 3261 uenire,
413 3200 444 3253 ut
472 3211 487 3252 a
517 3195 664 3254 constanti
694 3200 879 3262 constanter,
909 3210 924 3252 a
952 3191 1021 3252 lorti
1048 3193 1181 3261 fortiter,
1215 3209 1230 3252 a
1260 3189 1340 3252 dulci
1370 3191 1514 3263 dulciter,
1544 3213 1559 3254 a

261 3296 376 3374 potenti
398 3301 545 3372 potenter,
568 3313 582 3356 a
608 3293 735 3372 eleganti
759 3293 918 3372 eleganter,
942 3313 958 3354 a
980 3294 1087 3372 grandi
1108 3293 1271 3372 granditer,
1295 3293 1467 3355 aconcordi
1490 3313 1559 3355 cotr-

260 3395 391 3456 corditer
414 3404 442 3456 et
466 3395 512 3456 bis
534 3395 651 3457 similia.

262 3569 488 3579 ...η-

329 3685 342 3732 1
363 3682 513 3747 prnhibrudi
532 3697 563 3732 ne
581 3684 600 3732 B
686 3685 701 3732 2
719 3683 819 3732 iurandi
843 3682 987 3748 epulcestor
1006 3682 1088 3733 hercle
1106 3683 1219 3734 mifidius
1238 3683 1314 3734 lidius
1333 3686 1367 3744 B,
1386 3703 1433 3738 om.
1453 3687 1475 3735 Α
1545 3690 1562 3738 t

260 3751 575 3800 nutinedoetenutiu
596 3766 620 3813 o,
639 3752 897 3816 relt'prtt’somieaiess
965 3751 1181 3804 saoconna
1234 3752 1475 3819 diligitAlegitB
1545 3759 1560 3807 ‘l

260 3817 348 3867 sedule
366 3817 431 3866 l'ulse
449 3817 541 3866 rareB
612 3819 671 3867 ato
693 3835 708 3868 u
727 3819 812 3869 littss
864 3819 1022 3885 pedetimtim
1040 3820 1060 3870 B
1078 3819 1226 3885 penitima
1270 3821 1429 3872 membratim
1448 3825 1561 3888 sparsim

260 3885 347 3937 om.B
415 3885 474 3936 9in
495 3901 505 3933 r
524 3895 551 3934 ut
570 3887 664 3935 seuiter
691 3887 791 3936 lortiter
818 3887 922 3937 ielieiter
948 3887 1089 3953 dupleciter
1115 3888 1245 3953 sapienter
1271 3899 1418 3940 constanter
1440 3892 1563 3942 uelociter

260 3951 415 4018 simpleciter
442 3951 586 4013 frequenter
613 3954 751 4018 prudenter
777 3954 910 4004 bumeliter
937 3955 1061 4005 ueraciter
1087 3955 1216 4005 audaciter
1237 3957 1356 4007 atrociter
1378 3961 1562 4009 contumaciter

261 4021 408 4073 amabelitar
425 4019 561 4084 diligenter
578 4021 731 4070 mirabeliter
751 4023 843 4086 iugiter
861 4023 967 4074 dulciter
985 4024 1148 4074 oboedienter
1166 4035 1211 4074 aut
1228 4024 1252 4073 in
1272 4042 1284 4075 s
1304 4025 1382 4078 tinnit
1437 4029 1468 4077 10
1487 4039 1561 4077 uant-

260 4090 349 4140 ralitus
367 4087 453 4139 omB
523 4089 553 4136 ll
573 4085 720 4138 immunitus
740 4091 856 4154 stirpitus
875 4093 960 4142 ormss
1012 4091 1141 4157 strepidus
1160 4093 1246 4146 om.B
1297 4094 1456 4144 extrinsecus
1475 4111 1522 4146 om.
1544 4097 1562 4144 u

261 4161 293 4209 12
311 4158 462 4209 lorinsecus,
487 4153 535 4203 alia
559 4165 619 4203 sirm
640 4155 762 4204 aduerbin
784 4172 850 4218 quoe
872 4161 986 4223 regulam
1012 4175 1062 4210 uou
1086 4161 1277 4210 correeruantB
1329 4162 1458 4226 regulae
1531 4167 1562 4214 13

261 4224 442 4292 compareriB
547 4225 578 4271 tt
597 4222 645 4270 alia
668 4223 788 4272 aduerbin
812 4240 877 4286 quae
900 4227 1061 4280 melittil
1130 4229 1267 4292 inponelt
1335 4231 1452 4294 sapen,
1474 4233 1561 4281 emb

259 4295 362 4345 difficile
381 4293 465 4343 omB
555 4291 826 4340 tdnnomenibusB
912 4297 943 4344 16
962 4297 986 4345 iu
1009 4313 1019 4344 r
1038 4297 1108 4345 exire
1125 4295 1255 4346 debentll
1342 4300 1372 4348 i'l
1392 4299 1560 4358 nominatius,

261 4365 389 4428 genetiuo,
408 4360 495 4410 datiuo
514 4357 590 4408 onr.ll
635 4357 694 4407 huie
712 4359 849 4424 magnifico
868 4360 938 4410 innuo
957 4363 1120 4428 magnificum
1140 4379 1154 4414 o
1173 4364 1326 4428 moguiiirns
1344 4365 1376 4415 ob
1395 4365 1441 4414 lano
1460 4369 1560 4430 magni—

261 4431 348 4480 tlcoll
418 4425 622 4477 restitutae
691 4429 723 4478 19
742 4427 816 4476 debet
834 4441 857 4476 et
876 4430 939 4480 utB
992 4431 1169 4496 magnesseeB
1222 4433 1289 4494 aprrod
1308 4433 1382 4482 etiam
1402 4433 1481 4485 omli
1534 4436 1559 4482 iu

261 4499 301 4548 iria
319 4496 466 4557 semelibns,
484 4509 530 4544 orn.
551 4494 694 4544 nominibus
713 4495 733 4544 B
810 4497 843 4546 20
861 4506 889 4546 ut
906 4498 937 4545 ab
956 4499 1054 4548 occulto
1073 4525 1103 4534 -
1123 4510 1262 4564 temperate
1279 4517 1327 4552 om.
1346 4501 1366 4550 B
1438 4503 1470 4551 at
1489 4517 1504 4551 a
1522 4503 1561 4551 iu·

262 4566 385 4632 peritoli
454 4564 486 4612 23
505 4561 648 4611 datibusA
700 4579 776 4614 casus
795 4564 843 4612 sub
861 4564 1029 4616 declinatione
1046 4568 1135 4618 om.A
1192 4569 1226 4618 tt
1245 4569 1411 4628 ttomiuntiuo,
1429 4572 1559 4635 gernetium

261 4635 349 4684 datiuo
368 4631 453 4684 om.B
489 4631 646 4680 uomiuntibo
665 4639 713 4684 ete.
732 4632 755 4679 Α
823 4633 856 4684 ‘to
874 4632 933 4682 ltuie
951 4635 1061 4700 sapienti
1079 4633 1147 4683 bunc
1165 4637 1305 4700 sapientem
1325 4637 1413 4690 ete.B
1481 4639 1516 4689 26
1534 4649 1561 4687 ut

261 4701 428 4766 sapienterii
487 4699 679 4748 uomeuibueB
731 4700 870 4750 racioueB
927 4703 1023 4766 poteris
1047 4699 1181 4766 inuenire].
1217 4703 1280 4754 Post
1297 4705 1360 4754 doec
1377 4707 1404 4755 ιἰι
1421 4704 1441 4753 Β
1460 4707 1496 4756 nit
1512 4709 1562 4758 nbi

261 4771 308 4822 doc
325 4770 437 4819 additum
454 4773 505 4819 eat:
533 4765 653 4830 ‘Figurae
671 4767 852 4818 aduerbiorum
870 4767 936 4818 duae
954 4781 1028 4834 eunt,
1046 4769 1157 4835 simplex
1176 4771 1302 4835 mdeste,
1322 4773 1457 4837 conposita
1475 4787 1503 4824 ut
1521 4775 1559 4824 in-

262 4839 360 4892 docte’a
377 4837 437 4886 inde
453 4835 540 4884 statim
557 4835 593 4884 ad
608 4835 770 4900 perticipium
789 4839 922 4886 transitur.
