3354 5580
480 365 519 416 ru
537 361 620 416 non.
641 363 766 416 noenu
785 361 965 416 ntuonnn.
1307 363 1369 427 211

72 556 218 633 temporis
240 564 270 614 et
292 554 382 614 ‘sum’
405 551 591 613 substantiuo
607 551 709 622 uerbo,
734 561 766 612 ut
780 553 875 614 lectus
890 569 966 614 sum.
1012 551 1240 632 imperatiuo
1263 553 1368 614 modo
1382 568 1431 618 ιιι,
1445 567 1472 608 ιι

74 649 220 732 legere,
255 673 342 716 ame
371 673 388 716 o
417 652 535 732 Virgili;
565 656 733 734 optatiuo
767 654 874 742 ruodo,
904 655 1045 716 utinam
1078 655 1245 734 legerer,
1282 655 1469 718 modoeor,rr

72 777 88 816 a
114 766 144 817 te
168 767 198 816 et
220 756 297 817 heri:
328 757 440 818 utinam
469 753 563 818 lectus
591 756 729 830 fuissem,
757 755 822 817 heri
845 763 873 816 et
896 763 964 816 ante
988 755 1038 818 XV
1059 773 1162 817 annos.
1207 757 1475 821 Gomon-sonet

73 861 176 919 ctiuo
204 876 283 919 curn
307 857 422 936 legar,
446 860 594 926 sustineo;
618 875 696 918 oum
720 856 886 936 legerer,
914 856 1114 926 sustinebam
1143 876 1220 918 cum
1249 857 1473 922 tortosonte

48 963 142 1030 ssim
165 960 222 1022 uel
246 961 397 1028 luerim,
426 959 567 1030 sustinui;
598 977 677 1020 oum
705 959 825 1020 lectus
853 977 971 1020 essem
1000 960 1060 1021 uel
1086 959 1256 1029 fuissem,
1286 963 1373 1023 susti·

75 1081 217 1130 pueram:
248 1079 327 1122 cum
350 1061 472 1122 lectus
495 1079 558 1122 ero
581 1059 640 1122 uel
663 1062 783 1136 luero,
815 1059 978 1122 sustinebo.
1002 1094 1045 1106 -
1067 1060 1232 1124 lnlmitiuus
1255 1062 1306 1124 ubi
1329 1071 1501 1126 esteteom

73 1165 223 1226 infinitus?
268 1164 302 1224 ln
331 1165 467 1224 numeris
496 1171 526 1222 et
551 1164 698 1242 personis.
742 1163 806 1224 lloc
834 1162 924 1225 distat
946 1166 1029 1225 inter
1057 1164 1235 1225 inlinltiuum
1263 1167 1373 1245 imper-

73 1264 185 1327 sonalis
213 1275 242 1326 et
269 1266 394 1345 passini,
430 1265 497 1343 quia
525 1265 690 1326 infinitiuus
722 1264 931 1345 impersonalis
959 1283 1017 1326 non
1051 1263 1146 1326 solum
1175 1273 1241 1344 eget
1270 1266 1372 1336 uerbo,

74 1368 127 1427 sed
158 1368 248 1430 etiam
276 1365 405 1428 ablatiuo
435 1367 633 1446 pronominis,
663 1375 695 1428 ut
717 1366 776 1445 legi
798 1385 813 1428 a
837 1385 885 1428 me
908 1365 992 1436 uolo,
1023 1369 1063 1426 ·i·
1087 1365 1186 1446 legere
1208 1367 1277 1428 uolo
1300 1371 1372 1429 octi-

42 1487 145 1533 tonum
176 1467 266 1529 habet
294 1487 423 1530 sensum.
477 1469 688 1530 Praeterito
726 1469 894 1548 perlecto
932 1477 968 1530 et
1003 1466 1462 1550 plusquamperfectomno

75 1570 212 1632 lectum
250 1573 338 1632 esse'
370 1569 428 1630 uel
467 1570 597 1639 inisse,
629 1588 644 1628 a
674 1589 721 1631 me
749 1569 829 1631 uolui
864 1570 929 1631 heri
962 1568 1010 1637 uel
1037 1579 1106 1631 ante
1140 1572 1247 1633 multos
1279 1590 1374 1634 annos

75 1672 244 1742 nolueram,
270 1674 299 1732 ·i·
316 1690 371 1751 ego
394 1671 474 1732 uolui
498 1672 562 1732 lteri
584 1671 684 1750 legere
707 1680 738 1732 ct
759 1670 912 1732 nolueram
935 1681 1002 1734 ante
1026 1671 1134 1732 multos
1157 1691 1260 1736 annos.
1303 1675 1372 1735 Fu·
1386 1688 1436 1739 ιιι,
1450 1690 1475 1730 ιι

76 1783 109 1834 tu
119 1793 159 1834 ro
181 1773 318 1834 lectum
341 1775 411 1843 ire,
436 1773 484 1834 uei
507 1772 653 1836 lecturum
677 1791 741 1834 esse
758 1771 826 1834 uolo
841 1793 858 1834 a
874 1793 921 1835 me
933 1776 1061 1836 crastina
1078 1775 1134 1844 llic,
1160 1778 1190 1837 ·i·
1207 1791 1262 1854 ego
1277 1776 1372 1854 legam

76 1877 208 1935 crastina
235 1875 293 1936 die.
340 1874 451 1935 l'assiui
480 1891 555 1934 uero
582 1875 748 1936 inlinitiuus
777 1873 841 1936 solo
870 1874 963 1937 uerbo
992 1885 1072 1956 eget,
1102 1884 1135 1938 ut
1162 1875 1220 1954 legi
1249 1877 1317 1938 uolo
1341 1863 1371 1937 ssi·

43 2003 63 2040 n,
76 1976 144 2037 uolo
172 1984 206 2036 ut
232 1975 337 2054 aliquis
366 1995 413 2036 mc
442 1975 528 2055 legat.
573 1975 644 2056 Legi
672 1985 702 2038 ct
730 1975 766 2038 de
794 1980 945 2057 praesenti
969 1985 999 2038 et
1021 1977 1057 2038 de
1080 1979 1241 2057 praeterito
1263 1980 1373 2059 imper·

76 2078 153 2138 lecto
176 2086 276 2156 potest
295 2075 431 2155 intelligi,
455 2086 488 2138 ut
509 2077 567 2154 logi
590 2075 658 2138 uolo
681 2096 760 2139 nunc
784 2087 813 2140 et
835 2078 893 2157 legi
917 2077 1052 2140 uolebam
1075 2079 1148 2148 heri,
1174 2081 1203 2140 ·i·
1220 2087 1253 2140 ut
1268 2079 1373 2160 aliquis

77 2198 122 2240 nte
152 2179 275 2256 legeret.
326 2179 449 2240 Lectum
481 2198 544 2241 esse
573 2180 620 2241 uel
649 2180 739 2240 luisse
761 2176 772 2260 ΙΙ
788 2199 816 2260 p.
837 2177 924 2262 1261}
947 2178 1027 2242 uolui
1049 2179 1115 2241 lteri
1143 2182 1190 2242 uel
1221 2181 1372 2244 uolucrum

78 2289 143 2342 ante
166 2282 378 2361 quinquaginta
401 2299 495 2342 annos
517 2281 554 2342 de
577 2283 738 2360 praeterito
760 2282 894 2362 perlecto
916 2289 946 2342 ct
968 2281 1259 2362 plusquamperfecto
1274 2291 1374 2364 potest

78 2385 180 2460 accipi,
209 2385 238 2442 ·i·
263 2391 296 2444 ut
317 2381 423 2462 aliquis
446 2399 493 2443 me
516 2383 636 2461 legisset
659 2388 689 2442 et
710 2381 832 2460 legeret.
876 2383 991 2443 Futuro
1014 2383 1123 2444 lectum
1145 2386 1183 2446 iri
1205 2385 1273 2447 uolo
1296 2405 1371 2453 oras,

45 2511 66 2548 ιι
80 2486 106 2543 ·i·
130 2501 187 2562 ego
210 2483 287 2554 uolo,
312 2494 344 2545 ut
365 2484 448 2562 legar
470 2485 596 2544 crastina
620 2483 682 2553 die,
701 2483 840 2545 uidelicet
862 2490 895 2544 ut
916 2483 1022 2563 aliquis
1045 2503 1109 2546 mea
1133 2486 1211 2547 dicta
1233 2486 1320 2564 legat,
1344 2495 1374 2547 ct

78 2594 120 2646 est
148 2587 345 2666 compositum
374 2605 388 2646 a
418 2587 575 2665 participio
603 2585 755 2664 praeteriti
783 2587 926 2664 temporis
949 2593 979 2646 et
1000 2587 1038 2646 iri
1061 2587 1225 2658 infinitiuo,
1255 2588 1372 2668 quoda

80 2687 170 2748 uerbo
194 2689 364 2757 conuenit,
389 2688 440 2749 sed
463 2689 494 2748 in
517 2707 571 2748 osu
594 2705 653 2748 non
678 2696 730 2749 est.
775 2686 984 2765 Legendus‚
1010 2687 1046 2749 da
1070 2689 1151 2750 dum.
1187 2689 1266 2750 llaec
1281 2692 1372 2769 parti·
1386 2705 1435 2755 ιιι,
1451 2709 1475 2747 ιι

79 2792 167 2870 cipio,
192 2792 320 2871 quaein
344 2790 399 2850 dus
421 2789 574 2858 desinunt,
598 2807 664 2850 cum
689 2797 822 2868 tempora
845 2787 988 2868 perdunt,
1012 2791 1042 2849 in
1067 2792 1185 2851 nomina
1208 2800 1372 2859 transeunt,

81 2901 108 2951 ut
136 2891 315 2972 ‘loquendus
343 2900 388 2954 est
415 2894 495 2961 iste',
525 2894 554 2952 ·i·
579 2890 685 2969 dignus
713 2891 750 2952 de
775 2909 835 2970 quo
857 2889 1017 2969 loquantur
1040 2891 1189 2960 hominem
1219 2892 1374 2954 ‘amandus

48 2997 142 3060 uest,
173 2995 202 3054 ·i·
226 2993 346 3072 dignus,
371 3002 402 3055 ut
424 3001 539 3054 ametur
563 3013 579 3055 a
602 3011 650 3054 me
673 2995 733 3062 uir;
762 2993 918 3071 ‘legendus
940 3003 984 3054 est
1006 2995 1062 3054 istc
1084 2993 1184 3064 liber',
1203 2995 1232 3054 ·i·
1255 2987 1372 3074 dignus,

82 3105 111 3154 nt
132 3095 258 3174 legatur.
1335 3117 1336 3120 ¹

593 3265 641 3326 DE
663 3264 861 3327 colonitio,

152 3401 353 3470 -tooerbiom,
377 3402 455 3479 qnod
472 3401 584 3463 Graece
600 3397 767 3483 ἐπίῤῥημα
784 3401 902 3476 dicitur,
927 3400 995 3462 ideo
1017 3400 1074 3462 sibi
1097 3400 1153 3461 lroe
1176 3420 1284 3462 nornen
1309 3403 1373 3462 uin·

84 3501 169 3574 dicat,
194 3524 230 3564 co
253 3503 332 3582 quod
356 3504 394 3564 sit
415 3504 495 3566 iuxta
518 3503 643 3565 uerbum
666 3522 727 3565 non
751 3511 862 3565 tantum
886 3506 916 3565 in
939 3503 1043 3564 ordine
1065 3505 1209 3582 partium,
1233 3510 1372 3580 quantum

52 3607 111 3668 uio
138 3615 236 3668 nostra
267 3606 418 3666 communi
445 3605 608 3680 locutione,
639 3613 671 3666 ut
699 3605 789 3667 ‘hene
817 3605 907 3685 lege’.
952 3605 1018 3666 ‘lid'
1049 3624 1103 3684 pro
1125 3606 1228 3666 ‘iuxta’
1253 3607 1373 3683 ponitur

84 3713 111 3765 et
131 3717 175 3768 est
197 3707 396 3770 ‘aduerbium'
419 3706 597 3768 adiectiuum
622 3707 716 3768 uerbi.
762 3707 845 3768 Siout
867 3708 945 3768 enim
970 3707 1045 3768 diois
1068 3705 1174 3767 ‘bonus
1197 3707 1309 3775 homo',
1333 3709 1373 3768 ito

85 3807 151 3869 dicis
172 3809 263 3872 ‘benc
285 3808 406 3873 studct’.
451 3809 523 3871 Nam
552 3807 678 3887 qualitas
707 3808 790 3870 uerbi
818 3827 872 3888 per
899 3827 931 3869 se
957 3811 1110 3886 ignoratur
1132 3811 1198 3869 sine
1221 3808 1374 3870 aduerlrio.

85 3909 424 3988 Signiiioationem,
450 3912 478 3971 ·i·
502 3929 622 3972 sensum
638 3919 669 3971 et
683 3910 876 3972 intellectum.
920 3910 1115 3991 Explaoat‚
1132 3911 1268 3972 elucidat.
1305 3911 1528 3978 tm·so2,1s.1e

85 4010 167 4089 plet.
191 4021 285 4102 auget.
302 4013 428 4093 perlicit.
473 4012 632 4074 Sciendum
654 4021 713 4083 est,
738 4013 805 4091 quia
829 4013 1043 4074 Priscianus
1065 4015 1316 4092 comparationem
1341 4015 1372 4072 in

55 4129 75 4168 o
87 4113 220 4177 adoerbio
236 4133 296 4177 non
311 4117 409 4195 ponit,
426 4115 495 4195 quio
511 4133 570 4176 non
586 4124 631 4176 est
652 4112 792 4194 generale
813 4114 966 4184 accidens,
989 4114 1040 4174 sed
1063 4117 1193 4194 speciem
1217 4133 1272 4192 pro
1294 4131 1374 4174 corn-

87 4219 230 4292 paratiooe
264 4218 353 4279 misit.
402 4217 508 4278 Omnia
537 4218 614 4277 enirn
644 4215 785 4278 aduerbia
815 4224 867 4278 aut
893 4217 1062 4296 primitiuae
1089 4218 1198 4296 spreciei
1226 4225 1297 4279 sunt
1324 4226 1375 4277 aut

89 4317 263 4382 diriuatiuae.
308 4319 511 4398 Omagistcr,
541 4318 581 4379 da
611 4319 698 4380 milri
726 4318 903 4380 aduerbia
933 4319 1022 4389 loci,
1053 4320 1082 4378 ·i·
1106 4318 1152 4379 dic
1180 4318 1268 4387 mihi,
1299 4335 1477 4395 quaestum

89 4417 219 4482 aduerbia
243 4422 273 4481 ln
296 4421 362 4481 loco
384 4439 449 4482 esso
471 4421 646 4500 significant.
692 4419 766 4487 llio,
791 4440 824 4481 ·s·
842 4421 990 4482 sedemus.
1036 4419 1105 4489 lbi,
1130 4439 1165 4480 ·s·
1189 4419 1295 4480 sedent
1316 4418 1373 4480 alii.
1389 4438 1437 4486 ιιι,
1451 4438 1476 4476 ιι

89 4515 191 4593 Ιιιῑιιι,
209 4543 243 4585 ·s·
259 4541 372 4584 sumus.
396 4523 507 4592 Foris,
524 4531 594 4584 sunt
608 4520 660 4582 illi.
677 4521 756 4582 ‘llic'
772 4531 803 4583 et
818 4523 931 4594 ‘intus’,
943 4522 1008 4582 ‘ihi’
1025 4532 1055 4584 et
1069 4522 1166 4582 ‘loris’
1181 4523 1211 4581 in
1227 4521 1292 4582 loco
1308 4539 1375 4582 esse

150 4711 180 4760 13
197 4710 288 4760 lectum
306 4712 343 4759 ire
362 4709 401 4758 uel
419 4709 541 4759 lecturum
561 4705 644 4773 essse]
669 4709 792 4771 Consedit
808 4711 921 4772 scriptor
936 4711 1066 4773 pmstuom
1080 4709 1189 4771 formum
1207 4723 1260 4757 cnm
1278 4709 1373 4770 actico,

91 4775 119 4836 es.
136 4777 198 4830 Dore.
214 4795 240 4842 p.
261 4781 356 4841 dani
442 4779 475 4828 28
493 4793 567 4844 grece
585 4773 744 4828 ΕΠΙΡΗΜΑ
832 4781 864 4828 33
882 4773 1038 4843 Priscianus]
1059 4777 1093 4826 II
1109 4793 1137 4842 p.
1156 4779 1199 4834 63,
1219 4780 1248 4828 d:
1277 4776 1377 4826 Accidit

91 4853 165 4894 autem
182 4846 302 4897 oduerbio
321 4848 420 4913 species
438 4846 592 4912 signillcntio
611 4845 695 4914 ligura

1115 4928 1169 4980 tt*
