<?xml version="1.0" encoding="UTF-8"?>
<!DOCTYPE html PUBLIC "-//W3C//DTD XHTML 1.0 Transitional//EN"
    "http://www.w3.org/TR/xhtml1/DTD/xhtml1-transitional.dtd">
<html xmlns="http://www.w3.org/1999/xhtml" xml:lang="en" lang="en">
 <head>
  <title>
</title>
<meta http-equiv="Content-Type" content="text/html;charset=utf-8" />
  <meta name='ocr-system' content='tesseract 3.04.00' />
  <meta name='ocr-capabilities' content='ocr_page ocr_carea ocr_par ocr_line ocrx_word'/>
</head>
<body>
  <div class='ocr_page' id='page_1' title='image "./anecdotahelveti00hagegoog_0516.png"; bbox 0 0 3354 5580; ppageno 0'>
   <div class='ocr_carea' id='block_1_1' title="bbox 514 407 1413 476">
    <p class='ocr_par' dir='ltr' id='par_1_1' title="bbox 514 407 1413 476">
     <span class='ocr_line' id='line_1_1' title="bbox 514 407 1413 476; baseline -0.002 -16"><span class='ocrx_word' id='word_1_1' title='bbox 514 407 554 460; x_wconf 81' lang='lat' dir='ltr'><strong>IN</strong></span> <span class='ocrx_word' id='word_1_2' title='bbox 571 407 656 460; x_wconf 84' lang='lat' dir='ltr'><strong>DON.</strong></span> <span class='ocrx_word' id='word_1_3' title='bbox 675 408 801 461; x_wconf 71' lang='lat' dir='ltr'><strong>asisii</strong></span> <span class='ocrx_word' id='word_1_4' title='bbox 820 408 1000 462; x_wconf 74' lang='lat' dir='ltr'><strong>niloticis.</strong></span> <span class='ocrx_word' id='word_1_5' title='bbox 1349 409 1413 476; x_wconf 79' lang='lat'><strong>245</strong></span> 
     </span>
    </p>
   </div>
   <div class='ocr_carea' id='block_1_2' title="bbox 83 595 1564 4040">
    <p class='ocr_par' dir='ltr' id='par_1_2' title="bbox 114 595 1413 681">
     <span class='ocr_line' id='line_1_2' title="bbox 114 595 1413 681; baseline 0.005 -25"><span class='ocrx_word' id='word_1_6' title='bbox 114 597 184 677; x_wconf 87' lang='lat' dir='ltr'><strong>quia</strong></span> <span class='ocrx_word' id='word_1_7' title='bbox 208 596 332 660; x_wconf 87' lang='lat' dir='ltr'><strong>Graecis</strong></span> <span class='ocrx_word' id='word_1_8' title='bbox 353 595 517 658; x_wconf 85' lang='lat' dir='ltr'><strong>scribebat:</strong></span> <span class='ocrx_word' id='word_1_9' title='bbox 550 597 655 658; x_wconf 87' lang='lat' dir='ltr'><strong>Graeci</strong></span> <span class='ocrx_word' id='word_1_10' title='bbox 678 596 755 658; x_wconf 92' lang='lat' dir='ltr'><strong>enim</strong></span> <span class='ocrx_word' id='word_1_11' title='bbox 780 615 840 658; x_wconf 91' lang='lat' dir='ltr'><strong>non</strong></span> <span class='ocrx_word' id='word_1_12' title='bbox 863 596 975 660; x_wconf 90' lang='lat' dir='ltr'><strong>habent</strong></span> <span class='ocrx_word' id='word_1_13' title='bbox 1004 597 1183 668; x_wconf 91' lang='lat' dir='ltr'><strong>ablatiuum,</strong></span> <span class='ocrx_word' id='word_1_14' title='bbox 1212 599 1263 662; x_wconf 91' lang='lat' dir='ltr'><strong>sed</strong></span> <span class='ocrx_word' id='word_1_15' title='bbox 1292 619 1348 681; x_wconf 87' lang='lat' dir='ltr'><strong>pro</strong></span> <span class='ocrx_word' id='word_1_16' title='bbox 1377 619 1413 662; x_wconf 90' lang='lat' dir='ltr'><strong>eo</strong></span> 
     </span>
    </p>

    <p class='ocr_par' dir='ltr' id='par_1_3' title="bbox 114 699 1411 782">
     <span class='ocr_line' id='line_1_3' title="bbox 114 699 1411 782; baseline 0.004 -23"><span class='ocrx_word' id='word_1_17' title='bbox 114 705 243 760; x_wconf 90' lang='lat' dir='ltr'><strong>utuntur</strong></span> <span class='ocrx_word' id='word_1_18' title='bbox 270 699 418 777; x_wconf 80' lang='lat' dir='ltr'><strong>genetiuo.</strong></span> <span class='ocrx_word' id='word_1_19' title='bbox 465 699 595 760; x_wconf 77' lang='lat' dir='ltr'><strong>Donatus</strong></span> <span class='ocrx_word' id='word_1_20' title='bbox 622 717 709 769; x_wconf 90' lang='lat' dir='ltr'><strong>uero,</strong></span> <span class='ocrx_word' id='word_1_21' title='bbox 739 701 807 779; x_wconf 92' lang='lat' dir='ltr'><strong>quia</strong></span> <span class='ocrx_word' id='word_1_22' title='bbox 829 699 943 761; x_wconf 88' lang='lat' dir='ltr'><strong>Latinis</strong></span> <span class='ocrx_word' id='word_1_23' title='bbox 964 699 1128 772; x_wconf 79' lang='lat' dir='ltr'>scribebat,</span> <span class='ocrx_word' id='word_1_24' title='bbox 1153 720 1208 782; x_wconf 88' lang='lat' dir='ltr'><strong>per</strong></span> <span class='ocrx_word' id='word_1_25' title='bbox 1232 700 1411 772; x_wconf 80' lang='lat' dir='ltr'><strong>abiaticum:</strong></span> 
     </span>
    </p>

    <p class='ocr_par' dir='ltr' id='par_1_4' title="bbox 115 799 1499 881">
     <span class='ocr_line' id='line_1_4' title="bbox 115 799 1499 881; baseline -0.002 -20"><span class='ocrx_word' id='word_1_26' title='bbox 115 803 182 881; x_wconf 90' lang='lat' dir='ltr'><strong>ipse</strong></span> <span class='ocrx_word' id='word_1_27' title='bbox 211 804 291 862; x_wconf 88' lang='lat' dir='ltr'><strong>enim</strong></span> <span class='ocrx_word' id='word_1_28' title='bbox 320 801 459 880; x_wconf 91' lang='lat' dir='ltr'><strong>proprius</strong></span> <span class='ocrx_word' id='word_1_29' title='bbox 487 808 531 862; x_wconf 92' lang='lat' dir='ltr'><strong>est</strong></span> <span class='ocrx_word' id='word_1_30' title='bbox 559 799 695 871; x_wconf 89' lang='lat' dir='ltr'><strong>Latinus,</strong></span> <span class='ocrx_word' id='word_1_31' title='bbox 725 801 805 862; x_wconf 90' lang='lat' dir='ltr'><strong>unde</strong></span> <span class='ocrx_word' id='word_1_32' title='bbox 827 809 857 862; x_wconf 89' lang='lat' dir='ltr'><strong>et</strong></span> <span class='ocrx_word' id='word_1_33' title='bbox 878 801 1000 862; x_wconf 87' lang='lat' dir='ltr'><strong>Latinus</strong></span> <span class='ocrx_word' id='word_1_34' title='bbox 1023 811 1155 864; x_wconf 89' lang='lat' dir='ltr'><strong>uocatur.</strong></span> <span class='ocrx_word' id='word_1_35' title='bbox 1200 803 1499 874; x_wconf 81' lang='lat' dir='ltr'><strong>Dumtaxat,an,t</strong></span> 
     </span>
    </p>

    <p class='ocr_par' dir='ltr' id='par_1_5' title="bbox 89 901 1503 1086">
     <span class='ocr_line' id='line_1_5' title="bbox 115 901 1503 985; baseline 0.004 -21"><span class='ocrx_word' id='word_1_36' title='bbox 115 901 293 964; x_wconf 86' lang='lat' dir='ltr'><strong>adnerbiurn</strong></span> <span class='ocrx_word' id='word_1_37' title='bbox 317 911 361 964; x_wconf 89' lang='lat' dir='ltr'><strong>est</strong></span> <span class='ocrx_word' id='word_1_38' title='bbox 384 902 548 964; x_wconf 83' lang='lat' dir='ltr'><strong>affirmandi</strong></span> <span class='ocrx_word' id='word_1_39' title='bbox 565 910 592 964; x_wconf 89' lang='lat' dir='ltr'><strong>et</strong></span> <span class='ocrx_word' id='word_1_40' title='bbox 609 903 755 982; x_wconf 76' lang='lat' dir='ltr'><strong>significat</strong></span> <span class='ocrx_word' id='word_1_41' title='bbox 779 903 1016 964; x_wconf 87' lang='lat' dir='ltr'><strong>‘tantummodn&#39;.</strong></span> <span class='ocrx_word' id='word_1_42' title='bbox 1062 903 1325 985; x_wconf 78' lang='lat' dir='ltr'><strong>Quaecumque</strong></span> <span class='ocrx_word' id='word_1_43' title='bbox 1349 924 1412 970; x_wconf 92' lang='lat' dir='ltr'><strong>no·</strong></span> <span class='ocrx_word' id='word_1_44' title='bbox 1426 913 1503 965; x_wconf 59' lang='grc' dir='ltr'><strong>ΒΜ</strong></span> 
     </span>
     <span class='ocr_line' id='line_1_6' title="bbox 89 1003 1412 1086; baseline 0.005 -22"><span class='ocrx_word' id='word_1_45' title='bbox 89 1007 225 1066; x_wconf 72' lang='lat' dir='ltr'><strong>nmina.</strong></span> <span class='ocrx_word' id='word_1_46' title='bbox 270 1004 414 1084; x_wconf 81' lang='lat' dir='ltr'><strong>Superius</strong></span> <span class='ocrx_word' id='word_1_47' title='bbox 436 1005 569 1082; x_wconf 86' lang='lat' dir='ltr'><strong>dixerat,</strong></span> <span class='ocrx_word' id='word_1_48' title='bbox 597 1007 695 1066; x_wconf 91' lang='lat' dir='ltr'><strong>omnia</strong></span> <span class='ocrx_word' id='word_1_49' title='bbox 725 1007 844 1066; x_wconf 90' lang='lat' dir='ltr'><strong>nomina</strong></span> <span class='ocrx_word' id='word_1_50' title='bbox 873 1005 1004 1086; x_wconf 87' lang='lat' dir='ltr'><strong>quinque</strong></span> <span class='ocrx_word' id='word_1_51' title='bbox 1032 1003 1185 1067; x_wconf 88' lang='lat' dir='ltr'><strong>uocalibus</strong></span> <span class='ocrx_word' id='word_1_52' title='bbox 1206 1009 1361 1070; x_wconf 91' lang='lat' dir='ltr'><strong>terminari</strong></span> <span class='ocrx_word' id='word_1_53' title='bbox 1383 1010 1412 1070; x_wconf 93' lang='lat' dir='ltr'><strong>in</strong></span> 
     </span>
    </p>

    <p class='ocr_par' dir='ltr' id='par_1_6' title="bbox 115 1104 1412 1189">
     <span class='ocr_line' id='line_1_7' title="bbox 115 1104 1412 1189; baseline 0.002 -20"><span class='ocrx_word' id='word_1_54' title='bbox 115 1106 247 1169; x_wconf 88' lang='lat' dir='ltr'><strong>ablatiuo</strong></span> <span class='ocrx_word' id='word_1_55' title='bbox 276 1123 346 1168; x_wconf 93' lang='lat' dir='ltr'><strong>casu</strong></span> <span class='ocrx_word' id='word_1_56' title='bbox 373 1104 531 1184; x_wconf 80' lang='lat' dir='ltr'><strong>singulari,</strong></span> <span class='ocrx_word' id='word_1_57' title='bbox 566 1108 596 1168; x_wconf 96' lang='lat' dir='ltr'><strong>in</strong></span> <span class='ocrx_word' id='word_1_58' title='bbox 625 1105 684 1167; x_wconf 91' lang='lat' dir='ltr'><strong>illis</strong></span> <span class='ocrx_word' id='word_1_59' title='bbox 712 1107 865 1177; x_wconf 88' lang='lat' dir='ltr'><strong>uidelicet,</strong></span> <span class='ocrx_word' id='word_1_60' title='bbox 901 1123 975 1184; x_wconf 87' lang='lat' dir='ltr'><strong>quae</strong></span> <span class='ocrx_word' id='word_1_61' title='bbox 1005 1125 1064 1168; x_wconf 91' lang='lat' dir='ltr'><strong>nnn</strong></span> <span class='ocrx_word' id='word_1_62' title='bbox 1093 1117 1163 1169; x_wconf 85' lang='lat' dir='ltr'><strong>sunt</strong></span> <span class='ocrx_word' id='word_1_63' title='bbox 1190 1117 1288 1189; x_wconf 91' lang='lat' dir='ltr'><strong>aptota</strong></span> <span class='ocrx_word' id='word_1_64' title='bbox 1317 1111 1337 1170; x_wconf 92' lang='lat' dir='ltr'><strong>i·</strong></span> <span class='ocrx_word' id='word_1_65' title='bbox 1366 1112 1412 1171; x_wconf 94' lang='lat' dir='ltr'><strong>in-</strong></span> 
     </span>
    </p>

    <p class='ocr_par' dir='ltr' id='par_1_7' title="bbox 116 1206 1412 1289">
     <span class='ocr_line' id='line_1_8' title="bbox 116 1206 1412 1289; baseline 0.002 -18"><span class='ocrx_word' id='word_1_66' title='bbox 116 1207 260 1278; x_wconf 74' lang='lat' dir='ltr'><strong>casualia:</strong></span> <span class='ocrx_word' id='word_1_67' title='bbox 285 1207 373 1269; x_wconf 90' lang='lat' dir='ltr'><strong>modo</strong></span> <span class='ocrx_word' id='word_1_68' title='bbox 396 1207 483 1269; x_wconf 91' lang='lat' dir='ltr'><strong>docet</strong></span> <span class='ocrx_word' id='word_1_69' title='bbox 505 1207 542 1268; x_wconf 91' lang='lat' dir='ltr'><strong>de</strong></span> <span class='ocrx_word' id='word_1_70' title='bbox 564 1209 660 1289; x_wconf 90' lang='lat' dir='ltr'><strong>prima</strong></span> <span class='ocrx_word' id='word_1_71' title='bbox 683 1206 889 1277; x_wconf 87' lang='lat' dir='ltr'><strong>declinatione,</strong></span> <span class='ocrx_word' id='word_1_72' title='bbox 914 1227 991 1287; x_wconf 87' lang='lat' dir='ltr'><strong>quae</strong></span> <span class='ocrx_word' id='word_1_73' title='bbox 1007 1212 1037 1270; x_wconf 90' lang='lat' dir='ltr'><strong>in</strong></span> <span class='ocrx_word' id='word_1_74' title='bbox 1054 1229 1069 1270; x_wconf 93' lang='lat' dir='ltr'><strong>a</strong></span> <span class='ocrx_word' id='word_1_75' title='bbox 1086 1211 1226 1272; x_wconf 79' lang='lat' dir='ltr'><strong>terminat</strong></span> <span class='ocrx_word' id='word_1_76' title='bbox 1240 1210 1412 1282; x_wconf 89' lang='lat' dir='ltr'><strong>ablatiuum,</strong></span> 
     </span>
    </p>

    <p class='ocr_par' dir='ltr' id='par_1_8' title="bbox 115 1308 1412 1391">
     <span class='ocr_line' id='line_1_9' title="bbox 115 1308 1412 1391; baseline 0 -18"><span class='ocrx_word' id='word_1_77' title='bbox 115 1314 289 1391; x_wconf 77' lang='lat' dir='ltr'><strong>genetiuum</strong></span> <span class='ocrx_word' id='word_1_78' title='bbox 312 1308 457 1390; x_wconf 80' lang='lat' dir='ltr'><strong>pluralem</strong></span> <span class='ocrx_word' id='word_1_79' title='bbox 479 1310 509 1371; x_wconf 96' lang='lat' dir='ltr'><strong>in</strong></span> <span class='ocrx_word' id='word_1_80' title='bbox 532 1328 599 1372; x_wconf 89' lang='lat' dir='ltr'><strong>rum</strong></span> <span class='ocrx_word' id='word_1_81' title='bbox 630 1359 636 1371; x_wconf 92' lang='lat'><strong>.</strong></span> <span class='ocrx_word' id='word_1_82' title='bbox 672 1359 678 1371; x_wconf 94' lang='lat'><strong>.</strong></span> <span class='ocrx_word' id='word_1_83' title='bbox 715 1359 722 1372; x_wconf 88' lang='lat'><strong>.</strong></span> <span class='ocrx_word' id='word_1_84' title='bbox 836 1357 842 1372; x_wconf 92' lang='lat'><strong><em>.</em></strong></span> <span class='ocrx_word' id='word_1_85' title='bbox 870 1357 877 1371; x_wconf 95' lang='lat'><strong>.</strong></span> <span class='ocrx_word' id='word_1_86' title='bbox 906 1357 913 1370; x_wconf 93' lang='lat'><strong>.</strong></span> <span class='ocrx_word' id='word_1_87' title='bbox 949 1357 955 1372; x_wconf 94' lang='lat'><strong>.</strong></span> <span class='ocrx_word' id='word_1_88' title='bbox 985 1313 1139 1382; x_wconf 87' lang='lat' dir='ltr'><strong>conuenit,</strong></span> <span class='ocrx_word' id='word_1_89' title='bbox 1162 1320 1195 1373; x_wconf 93' lang='lat' dir='ltr'><strong>ut</strong></span> <span class='ocrx_word' id='word_1_90' title='bbox 1216 1311 1412 1389; x_wconf 80' lang='lat' dir='ltr'><strong>declinentur,</strong></span> 
     </span>
    </p>

    <p class='ocr_par' dir='ltr' id='par_1_9' title="bbox 83 1410 1407 1578">
     <span class='ocr_line' id='line_1_10' title="bbox 116 1410 1407 1492; baseline 0.002 -18"><span class='ocrx_word' id='word_1_91' title='bbox 116 1416 134 1474; x_wconf 91' lang='lat' dir='ltr'><strong>i.</strong></span> <span class='ocrx_word' id='word_1_92' title='bbox 159 1413 359 1482; x_wconf 90' lang='lat' dir='ltr'><strong>inllectantur,</strong></span> <span class='ocrx_word' id='word_1_93' title='bbox 383 1410 526 1492; x_wconf 83' lang='lat' dir='ltr'><strong>quaedam</strong></span> <span class='ocrx_word' id='word_1_94' title='bbox 551 1413 669 1473; x_wconf 89' lang='lat' dir='ltr'><strong>nomina</strong></span> <span class='ocrx_word' id='word_1_95' title='bbox 693 1418 795 1474; x_wconf 89' lang='lat' dir='ltr'><strong>contra</strong></span> <span class='ocrx_word' id='word_1_96' title='bbox 818 1411 896 1472; x_wconf 90' lang='lat' dir='ltr'><strong>hane</strong></span> <span class='ocrx_word' id='word_1_97' title='bbox 917 1411 1052 1490; x_wconf 77' lang='lat' dir='ltr'><strong>regulam</strong></span> <span class='ocrx_word' id='word_1_98' title='bbox 1082 1459 1089 1474; x_wconf 91' lang='lat'><strong>.</strong></span> <span class='ocrx_word' id='word_1_99' title='bbox 1126 1461 1132 1474; x_wconf 92' lang='lat'><strong>.</strong></span> <span class='ocrx_word' id='word_1_100' title='bbox 1167 1462 1174 1476; x_wconf 88' lang='lat'><strong>.</strong></span> <span class='ocrx_word' id='word_1_101' title='bbox 1209 1462 1216 1475; x_wconf 93' lang='lat'><strong>.</strong></span> <span class='ocrx_word' id='word_1_102' title='bbox 1252 1463 1258 1476; x_wconf 96' lang='lat'><strong>.</strong></span> <span class='ocrx_word' id='word_1_103' title='bbox 1294 1461 1301 1476; x_wconf 90' lang='lat'><strong>.</strong></span> <span class='ocrx_word' id='word_1_104' title='bbox 1330 1463 1336 1476; x_wconf 93' lang='lat'><strong>.</strong></span> <span class='ocrx_word' id='word_1_105' title='bbox 1365 1463 1372 1476; x_wconf 94' lang='lat'><strong>.</strong></span> <span class='ocrx_word' id='word_1_106' title='bbox 1400 1463 1407 1477; x_wconf 91' lang='lat'><strong>.</strong></span> 
     </span>
     <span class='ocr_line' id='line_1_11' title="bbox 83 1531 1407 1578; baseline 0.002 -10"><span class='ocrx_word' id='word_1_107' title='bbox 83 1531 105 1568; x_wconf 90' lang='grc'><strong>10</strong></span> <span class='ocrx_word' id='word_1_108' title='bbox 125 1561 1407 1578; x_wconf 83' lang='grc'><strong>,,,,,,,,,,,,,,,,,,,,,,,,,,,,,,,</strong></span> 
     </span>
    </p>

    <p class='ocr_par' dir='ltr' id='par_1_10' title="bbox 117 1613 1516 1700">
     <span class='ocr_line' id='line_1_12' title="bbox 117 1613 1516 1700; baseline 0.002 -25"><span class='ocrx_word' id='word_1_109' title='bbox 117 1616 167 1676; x_wconf 74' lang='lat' dir='ltr'><strong>Ab</strong></span> <span class='ocrx_word' id='word_1_110' title='bbox 191 1616 258 1677; x_wconf 89' lang='lat' dir='ltr'><strong>hoc</strong></span> <span class='ocrx_word' id='word_1_111' title='bbox 281 1633 369 1676; x_wconf 89' lang='lat' dir='ltr'><strong>uase</strong></span> <span class='ocrx_word' id='word_1_112' title='bbox 393 1615 525 1700; x_wconf 80' lang='lat' dir='ltr'><strong>horum</strong></span> <span class='ocrx_word' id='word_1_113' title='bbox 550 1634 722 1676; x_wconf 91' lang='lat' dir='ltr'><strong>uasorum</strong></span> <span class='ocrx_word' id='word_1_114' title='bbox 746 1615 803 1676; x_wconf 90' lang='lat' dir='ltr'><strong>his</strong></span> <span class='ocrx_word' id='word_1_115' title='bbox 826 1623 859 1676; x_wconf 89' lang='lat' dir='ltr'><strong>et</strong></span> <span class='ocrx_word' id='word_1_116' title='bbox 882 1613 1005 1677; x_wconf 90' lang='lat' dir='ltr'><strong>abhis</strong></span> <span class='ocrx_word' id='word_1_117' title='bbox 1028 1619 1167 1679; x_wconf 89' lang='lat' dir='ltr'><strong>uasis.</strong></span> <span class='ocrx_word' id='word_1_118' title='bbox 1203 1667 1209 1679; x_wconf 94' lang='lat'><strong>.</strong></span> <span class='ocrx_word' id='word_1_119' title='bbox 1245 1667 1251 1679; x_wconf 95' lang='lat'><strong>.</strong></span> <span class='ocrx_word' id='word_1_120' title='bbox 1288 1665 1294 1678; x_wconf 93' lang='lat'><strong>.</strong></span> <span class='ocrx_word' id='word_1_121' title='bbox 1330 1629 1516 1681; x_wconf 62' lang='lat' dir='ltr'><strong>...usit</strong></span> 
     </span>
    </p>

    <p class='ocr_par' dir='ltr' id='par_1_11' title="bbox 118 1713 1414 1798">
     <span class='ocr_line' id='line_1_13' title="bbox 118 1713 1414 1798; baseline 0.001 -19"><span class='ocrx_word' id='word_1_122' title='bbox 118 1713 242 1798; x_wconf 67' lang='grc'><strong>1116811</strong></span> <span class='ocrx_word' id='word_1_123' title='bbox 267 1717 379 1797; x_wconf 83' lang='lat' dir='ltr'><strong>antiqui</strong></span> <span class='ocrx_word' id='word_1_124' title='bbox 402 1717 564 1779; x_wconf 90' lang='lat' dir='ltr'><strong>secundum</strong></span> <span class='ocrx_word' id='word_1_125' title='bbox 587 1718 735 1778; x_wconf 87' lang='lat' dir='ltr'><strong>secundae</strong></span> <span class='ocrx_word' id='word_1_126' title='bbox 758 1716 963 1778; x_wconf 79' lang='lat' dir='ltr'><strong>declinationis</strong></span> <span class='ocrx_word' id='word_1_127' title='bbox 985 1716 1120 1779; x_wconf 87' lang='lat' dir='ltr'><strong>ordinem</strong></span> <span class='ocrx_word' id='word_1_128' title='bbox 1151 1719 1356 1797; x_wconf 85' lang='lat' dir='ltr'><strong>proterebant,</strong></span> <span class='ocrx_word' id='word_1_129' title='bbox 1380 1728 1414 1781; x_wconf 94' lang='lat' dir='ltr'><strong>ut</strong></span> 
     </span>
    </p>

    <p class='ocr_par' dir='ltr' id='par_1_12' title="bbox 118 1818 1412 1900">
     <span class='ocr_line' id='line_1_14' title="bbox 118 1818 1412 1900; baseline 0.002 -20"><span class='ocrx_word' id='word_1_130' title='bbox 118 1821 173 1881; x_wconf 86' lang='lat' dir='ltr'><strong>hoc</strong></span> <span class='ocrx_word' id='word_1_131' title='bbox 196 1838 301 1882; x_wconf 90' lang='lat' dir='ltr'><strong>nasum</strong></span> <span class='ocrx_word' id='word_1_132' title='bbox 325 1821 404 1888; x_wconf 88' lang='lat' dir='ltr'><strong>nasi,</strong></span> <span class='ocrx_word' id='word_1_133' title='bbox 433 1821 511 1880; x_wconf 87' lang='lat' dir='ltr'><strong>sicut</strong></span> <span class='ocrx_word' id='word_1_134' title='bbox 539 1818 680 1898; x_wconf 90' lang='lat' dir='ltr'><strong>templum</strong></span> <span class='ocrx_word' id='word_1_135' title='bbox 710 1818 827 1900; x_wconf 89' lang='lat' dir='ltr'><strong>templi,</strong></span> <span class='ocrx_word' id='word_1_136' title='bbox 857 1826 887 1880; x_wconf 88' lang='lat' dir='ltr'><strong>et</strong></span> <span class='ocrx_word' id='word_1_137' title='bbox 913 1818 982 1880; x_wconf 90' lang='lat' dir='ltr'><strong>inde</strong></span> <span class='ocrx_word' id='word_1_138' title='bbox 1012 1838 1114 1882; x_wconf 87' lang='lat' dir='ltr'><strong>remen</strong></span> <span class='ocrx_word' id='word_1_139' title='bbox 1132 1829 1221 1882; x_wconf 92' lang='lat' dir='ltr'><strong>erunt</strong></span> <span class='ocrx_word' id='word_1_140' title='bbox 1247 1823 1295 1884; x_wconf 90' lang='lat' dir='ltr'><strong>isti</strong></span> <span class='ocrx_word' id='word_1_141' title='bbox 1318 1840 1412 1884; x_wconf 90' lang='lat' dir='ltr'><strong>casus.</strong></span> 
     </span>
    </p>

    <p class='ocr_par' dir='ltr' id='par_1_13' title="bbox 84 1905 1515 2104">
     <span class='ocr_line' id='line_1_15' title="bbox 118 1905 1412 2004; baseline 0.002 -23"><span class='ocrx_word' id='word_1_142' title='bbox 118 1921 174 1983; x_wconf 89' lang='lat' dir='ltr'><strong>Vas</strong></span> <span class='ocrx_word' id='word_1_143' title='bbox 201 1919 341 2000; x_wconf 83' lang='lat' dir='ltr'><strong>generale</strong></span> <span class='ocrx_word' id='word_1_144' title='bbox 368 1939 476 2004; x_wconf 88' lang='lat' dir='ltr'><strong>nomen</strong></span> <span class='ocrx_word' id='word_1_145' title='bbox 506 1929 565 1992; x_wconf 91' lang='lat' dir='ltr'><strong>est,</strong></span> <span class='ocrx_word' id='word_1_146' title='bbox 598 1930 643 1982; x_wconf 89' lang='lat' dir='ltr'><strong>ut:</strong></span> <span class='ocrx_word' id='word_1_147' title='bbox 675 1922 796 2000; x_wconf 83' lang='lat' dir='ltr'><strong>Super</strong></span> <span class='ocrx_word' id='word_1_148' title='bbox 825 1923 944 1984; x_wconf 89' lang='lat' dir='ltr'><strong>omnia</strong></span> <span class='ocrx_word' id='word_1_149' title='bbox 979 1939 1068 1984; x_wconf 91' lang='lat' dir='ltr'><strong>uasa</strong></span> <span class='ocrx_word' id='word_1_150' title='bbox 1097 1921 1281 1984; x_wconf 85' lang='lat' dir='ltr'><strong>utensilia</strong></span> <span class='ocrx_word' id='word_1_151' title='bbox 1310 1905 1412 1984; x_wconf 85' lang='lat' dir='ltr'><strong>scuta</strong></span> 
     </span>
     <span class='ocr_line' id='line_1_16' title="bbox 84 2021 1515 2104; baseline 0.002 -20"><span class='ocrx_word' id='word_1_152' title='bbox 84 2039 207 2086; x_wconf 76' lang='lat' dir='ltr'><strong>uuasa</strong></span> <span class='ocrx_word' id='word_1_153' title='bbox 231 2021 371 2085; x_wconf 89' lang='lat' dir='ltr'><strong>bellica</strong></span> <span class='ocrx_word' id='word_1_154' title='bbox 394 2023 539 2084; x_wconf 91' lang='lat' dir='ltr'><strong>dentur.</strong></span> <span class='ocrx_word' id='word_1_155' title='bbox 585 2023 621 2084; x_wconf 91' lang='lat' dir='ltr'><strong>Si</strong></span> <span class='ocrx_word' id='word_1_156' title='bbox 645 2041 661 2083; x_wconf 92' lang='lat' dir='ltr'><strong>e</strong></span> <span class='ocrx_word' id='word_1_157' title='bbox 682 2023 883 2103; x_wconf 87' lang='lat' dir='ltr'><strong>producta,</strong></span> <span class='ocrx_word' id='word_1_158' title='bbox 906 2025 943 2084; x_wconf 94' lang='lat' dir='ltr'><strong>in</strong></span> <span class='ocrx_word' id='word_1_159' title='bbox 967 2041 1057 2087; x_wconf 88' lang='lat' dir='ltr'><strong>rum.</strong></span> <span class='ocrx_word' id='word_1_160' title='bbox 1095 2022 1150 2084; x_wconf 91' lang='lat' dir='ltr'><strong>llic</strong></span> <span class='ocrx_word' id='word_1_161' title='bbox 1164 2027 1258 2104; x_wconf 86' lang='lat' dir='ltr'><strong>tangit</strong></span> <span class='ocrx_word' id='word_1_162' title='bbox 1281 2028 1412 2103; x_wconf 88' lang='lat' dir='ltr'><strong>quintam</strong></span> <span class='ocrx_word' id='word_1_163' title='bbox 1426 2039 1476 2088; x_wconf 76' lang='lat'><strong>³⁷8.</strong></span> <span class='ocrx_word' id='word_1_164' title='bbox 1490 2039 1515 2079; x_wconf 76' lang='lat'><strong>1⁵</strong></span> 
     </span>
    </p>

    <p class='ocr_par' dir='ltr' id='par_1_14' title="bbox 119 2123 1514 2203">
     <span class='ocr_line' id='line_1_17' title="bbox 119 2123 1514 2203; baseline -0.001 -18"><span class='ocrx_word' id='word_1_165' title='bbox 119 2126 358 2187; x_wconf 89' lang='lat' dir='ltr'><strong>declinationem.</strong></span> <span class='ocrx_word' id='word_1_166' title='bbox 403 2123 499 2186; x_wconf 88' lang='lat' dir='ltr'><strong>Haec</strong></span> <span class='ocrx_word' id='word_1_167' title='bbox 526 2123 657 2202; x_wconf 82' lang='lat' dir='ltr'><strong>regula</strong></span> <span class='ocrx_word' id='word_1_168' title='bbox 686 2131 851 2203; x_wconf 87' lang='lat' dir='ltr'><strong>putatur,</strong></span> <span class='ocrx_word' id='word_1_169' title='bbox 883 2125 904 2184; x_wconf 93' lang='lat' dir='ltr'><strong>i·</strong></span> <span class='ocrx_word' id='word_1_170' title='bbox 928 2123 1098 2194; x_wconf 88' lang='lat' dir='ltr'><strong>arbitratur,</strong></span> <span class='ocrx_word' id='word_1_171' title='bbox 1130 2144 1213 2188; x_wconf 89' lang='lat' dir='ltr'><strong>esse</strong></span> <span class='ocrx_word' id='word_1_172' title='bbox 1242 2127 1514 2190; x_wconf 59' lang='lat' dir='ltr'><strong>lammiriaco</strong></span> 
     </span>
    </p>

    <p class='ocr_par' dir='ltr' id='par_1_15' title="bbox 118 2221 1413 2308">
     <span class='ocr_line' id='line_1_18' title="bbox 118 2221 1413 2308; baseline 0.001 -20"><span class='ocrx_word' id='word_1_173' title='bbox 118 2229 279 2306; x_wconf 80' lang='lat' dir='ltr'><strong>generis.</strong></span> <span class='ocrx_word' id='word_1_174' title='bbox 324 2225 448 2287; x_wconf 87' lang='lat' dir='ltr'><strong>Nomina</strong></span> <span class='ocrx_word' id='word_1_175' title='bbox 463 2221 592 2307; x_wconf 83' lang='lat' dir='ltr'><strong>&#39;quintae</strong></span> <span class='ocrx_word' id='word_1_176' title='bbox 615 2224 820 2288; x_wconf 86' lang='lat' dir='ltr'><strong>declinationis</strong></span> <span class='ocrx_word' id='word_1_177' title='bbox 843 2225 977 2288; x_wconf 77' lang='lat' dir='ltr'><strong>feminini</strong></span> <span class='ocrx_word' id='word_1_178' title='bbox 998 2227 1118 2306; x_wconf 86' lang='lat' dir='ltr'><strong>generis</strong></span> <span class='ocrx_word' id='word_1_179' title='bbox 1140 2234 1209 2288; x_wconf 91' lang='lat' dir='ltr'><strong>sunt</strong></span> <span class='ocrx_word' id='word_1_180' title='bbox 1225 2237 1349 2308; x_wconf 82' lang='lat' dir='ltr'><strong>excepto</strong></span> <span class='ocrx_word' id='word_1_181' title='bbox 1364 2228 1413 2290; x_wconf 90' lang='lat' dir='ltr'><strong>die</strong></span> 
     </span>
    </p>

    <p class='ocr_par' dir='ltr' id='par_1_16' title="bbox 119 2327 1412 2409">
     <span class='ocr_line' id='line_1_19' title="bbox 119 2327 1412 2409; baseline 0.005 -19"><span class='ocrx_word' id='word_1_182' title='bbox 119 2340 148 2390; x_wconf 90' lang='lat' dir='ltr'><strong>et</strong></span> <span class='ocrx_word' id='word_1_183' title='bbox 175 2329 309 2390; x_wconf 88' lang='lat' dir='ltr'><strong>meridie.</strong></span> <span class='ocrx_word' id='word_1_184' title='bbox 355 2327 437 2388; x_wconf 87' lang='lat' dir='ltr'><strong>Vnde</strong></span> <span class='ocrx_word' id='word_1_185' title='bbox 466 2327 615 2404; x_wconf 94' lang='lat' dir='ltr'><strong>quidam</strong></span> <span class='ocrx_word' id='word_1_186' title='bbox 646 2327 803 2398; x_wconf 83' lang='lat' dir='ltr'><strong>dixerunt,</strong></span> <span class='ocrx_word' id='word_1_187' title='bbox 831 2346 896 2390; x_wconf 90' lang='lat' dir='ltr'><strong>eam</strong></span> <span class='ocrx_word' id='word_1_188' title='bbox 934 2330 1138 2408; x_wconf 85' lang='lat' dir='ltr'><strong>exceptionem</strong></span> <span class='ocrx_word' id='word_1_189' title='bbox 1166 2348 1183 2389; x_wconf 93' lang='lat' dir='ltr'><strong>a</strong></span> <span class='ocrx_word' id='word_1_190' title='bbox 1212 2331 1307 2409; x_wconf 90' lang='lat' dir='ltr'><strong>prima</strong></span> <span class='ocrx_word' id='word_1_191' title='bbox 1336 2349 1412 2396; x_wconf 90' lang='lat' dir='ltr'><strong>esse.</strong></span> 
     </span>
    </p>

    <p class='ocr_par' dir='ltr' id='par_1_17' title="bbox 85 2427 1564 2625">
     <span class='ocr_line' id='line_1_20' title="bbox 120 2427 1514 2510; baseline -0.002 -19"><span class='ocrx_word' id='word_1_192' title='bbox 120 2430 257 2498; x_wconf 88' lang='lat' dir='ltr'><strong>Cladis,</strong></span> <span class='ocrx_word' id='word_1_193' title='bbox 286 2430 396 2492; x_wconf 92' lang='lat' dir='ltr'><strong>dicitur</strong></span> <span class='ocrx_word' id='word_1_194' title='bbox 425 2428 591 2509; x_wconf 87' lang='lat' dir='ltr'><strong>pestilentia</strong></span> <span class='ocrx_word' id='word_1_195' title='bbox 622 2427 668 2490; x_wconf 91' lang='lat' dir='ltr'><strong>uel</strong></span> <span class='ocrx_word' id='word_1_196' title='bbox 691 2429 869 2499; x_wconf 85' lang='lat' dir='ltr'><strong>mortalitas,</strong></span> <span class='ocrx_word' id='word_1_197' title='bbox 901 2429 970 2491; x_wconf 90' lang='lat' dir='ltr'><strong>inde</strong></span> <span class='ocrx_word' id='word_1_198' title='bbox 992 2431 1107 2510; x_wconf 86' lang='lat' dir='ltr'><strong>gladius</strong></span> <span class='ocrx_word' id='word_1_199' title='bbox 1129 2434 1215 2509; x_wconf 87' lang='lat' dir='ltr'><strong>quasi</strong></span> <span class='ocrx_word' id='word_1_200' title='bbox 1237 2432 1373 2494; x_wconf 78' lang='lat' dir='ltr'><strong>&#39;eladius&#39;</strong></span> <span class='ocrx_word' id='word_1_201' title='bbox 1396 2447 1475 2496; x_wconf 82' lang='lat' dir='ltr'><strong>aare,</strong></span> <span class='ocrx_word' id='word_1_202' title='bbox 1489 2447 1514 2489; x_wconf 84' lang='lat' dir='ltr'><strong>aa</strong></span> 
     </span>
     <span class='ocr_line' id='line_1_21' title="bbox 85 2530 1564 2625; baseline 0.003 -31"><span class='ocrx_word' id='word_1_203' title='bbox 85 2532 216 2604; x_wconf 71' lang='lat' dir='ltr'><strong>octauo,</strong></span> <span class='ocrx_word' id='word_1_204' title='bbox 241 2550 328 2613; x_wconf 89' lang='lat' dir='ltr'><strong>quam</strong></span> <span class='ocrx_word' id='word_1_205' title='bbox 351 2531 430 2593; x_wconf 86' lang='lat' dir='ltr'><strong>iacit.</strong></span> <span class='ocrx_word' id='word_1_206' title='bbox 476 2530 618 2602; x_wconf 82' lang='lat' dir='ltr'><strong>Restio,</strong></span> <span class='ocrx_word' id='word_1_207' title='bbox 643 2539 687 2593; x_wconf 87' lang='lat' dir='ltr'><strong>est</strong></span> <span class='ocrx_word' id='word_1_208' title='bbox 709 2531 861 2595; x_wconf 93' lang='lat' dir='ltr'><strong>uinculum</strong></span> <span class='ocrx_word' id='word_1_209' title='bbox 878 2550 894 2594; x_wconf 93' lang='lat' dir='ltr'><strong>a</strong></span> <span class='ocrx_word' id='word_1_210' title='bbox 910 2533 1067 2594; x_wconf 91' lang='lat' dir='ltr'><strong>retinendo</strong></span> <span class='ocrx_word' id='word_1_211' title='bbox 1090 2533 1167 2594; x_wconf 88' lang='lat' dir='ltr'><strong>dieta</strong></span> <span class='ocrx_word' id='word_1_212' title='bbox 1191 2533 1237 2596; x_wconf 87' lang='lat' dir='ltr'><strong>uel</strong></span> <span class='ocrx_word' id='word_1_213' title='bbox 1258 2543 1411 2602; x_wconf 88' lang='lat' dir='ltr'><strong>aretorta.</strong></span> <span class='ocrx_word' id='word_1_214' title='bbox 1425 2549 1514 2625; x_wconf 68' lang='lat' dir='ltr'><strong>etms</strong></span> <span class='ocrx_word' id='word_1_215' title='bbox 1561 2583 1564 2588; x_wconf 84' lang='lat'><strong>.</strong></span> 
     </span>
    </p>

    <p class='ocr_par' dir='ltr' id='par_1_18' title="bbox 120 2632 1413 2716">
     <span class='ocr_line' id='line_1_22' title="bbox 120 2632 1413 2716; baseline 0.002 -21"><span class='ocrx_word' id='word_1_216' title='bbox 120 2634 200 2696; x_wconf 87' lang='lat' dir='ltr'><strong>Licet</strong></span> <span class='ocrx_word' id='word_1_217' title='bbox 220 2635 368 2716; x_wconf 78' lang='lat' dir='ltr'><strong>‘puppim&#39;</strong></span> <span class='ocrx_word' id='word_1_218' title='bbox 391 2635 517 2695; x_wconf 79' lang='lat' dir='ltr'><strong>‘nanim’</strong></span> <span class='ocrx_word' id='word_1_219' title='bbox 540 2632 747 2695; x_wconf 87' lang='lat' dir='ltr'><strong>debuissemus</strong></span> <span class='ocrx_word' id='word_1_220' title='bbox 769 2632 883 2704; x_wconf 91' lang='lat' dir='ltr'><strong>dicere,</strong></span> <span class='ocrx_word' id='word_1_221' title='bbox 906 2642 1004 2695; x_wconf 88' lang='lat' dir='ltr'><strong>tamen</strong></span> <span class='ocrx_word' id='word_1_222' title='bbox 1027 2637 1192 2716; x_wconf 81' lang='lat' dir='ltr'><strong>‘puppem&#39;</strong></span> <span class='ocrx_word' id='word_1_223' title='bbox 1215 2637 1360 2698; x_wconf 78' lang='lat' dir='ltr'><strong>‘nauem’</strong></span> <span class='ocrx_word' id='word_1_224' title='bbox 1383 2644 1413 2698; x_wconf 88' lang='lat' dir='ltr'><strong>et</strong></span> 
     </span>
    </p>

    <p class='ocr_par' dir='ltr' id='par_1_19' title="bbox 119 2733 1514 2817">
     <span class='ocr_line' id='line_1_23' title="bbox 119 2733 1514 2817; baseline -0.003 -20"><span class='ocrx_word' id='word_1_225' title='bbox 119 2744 216 2798; x_wconf 88' lang='lat' dir='ltr'><strong>cetera</strong></span> <span class='ocrx_word' id='word_1_226' title='bbox 232 2736 358 2797; x_wconf 89' lang='lat' dir='ltr'><strong>dicimus</strong></span> <span class='ocrx_word' id='word_1_227' title='bbox 374 2734 421 2798; x_wconf 88' lang='lat' dir='ltr'><strong>uel</strong></span> <span class='ocrx_word' id='word_1_228' title='bbox 437 2735 629 2817; x_wconf 79' lang='lat' dir='ltr'><strong>proterimus.</strong></span> <span class='ocrx_word' id='word_1_229' title='bbox 664 2733 921 2814; x_wconf 85' lang='lat' dir='ltr'><strong>Quaecumque</strong></span> <span class='ocrx_word' id='word_1_230' title='bbox 944 2737 1091 2798; x_wconf 91' lang='lat' dir='ltr'><strong>nomina</strong></span> <span class='ocrx_word' id='word_1_231' title='bbox 1112 2756 1129 2797; x_wconf 91' lang='lat' dir='ltr'><strong>o</strong></span> <span class='ocrx_word' id='word_1_232' title='bbox 1145 2736 1284 2798; x_wconf 90' lang='lat' dir='ltr'><strong>littera.</strong></span> <span class='ocrx_word' id='word_1_233' title='bbox 1323 2738 1410 2800; x_wconf 89' lang='lat' dir='ltr'><strong>llodo</strong></span> <span class='ocrx_word' id='word_1_234' title='bbox 1423 2753 1474 2805; x_wconf 81' lang='lat' dir='ltr'><strong>aaa,</strong></span> <span class='ocrx_word' id='word_1_235' title='bbox 1488 2754 1514 2794; x_wconf 88' lang='lat' dir='ltr'><strong>ao</strong></span> 
     </span>
    </p>

    <p class='ocr_par' dir='ltr' id='par_1_20' title="bbox 120 2836 1468 2945">
     <span class='ocr_line' id='line_1_24' title="bbox 120 2836 1468 2945; baseline 0.004 -48"><span class='ocrx_word' id='word_1_236' title='bbox 120 2836 297 2900; x_wconf 84' lang='lat' dir='ltr'><strong>desecanda</strong></span> <span class='ocrx_word' id='word_1_237' title='bbox 314 2837 511 2900; x_wconf 89' lang='lat' dir='ltr'><strong>declinatione</strong></span> <span class='ocrx_word' id='word_1_238' title='bbox 527 2837 614 2899; x_wconf 90' lang='lat' dir='ltr'><strong>docet</strong></span> <span class='ocrx_word' id='word_1_239' title='bbox 629 2839 781 2916; x_wconf 80' lang='lat' dir='ltr'><strong>magister.</strong></span> <span class='ocrx_word' id='word_1_240' title='bbox 807 2838 915 2899; x_wconf 84' lang='lat' dir='ltr'><strong>Contra</strong></span> <span class='ocrx_word' id='word_1_241' title='bbox 932 2838 1008 2898; x_wconf 89' lang='lat' dir='ltr'><strong>hanc</strong></span> <span class='ocrx_word' id='word_1_242' title='bbox 1023 2837 1154 2916; x_wconf 83' lang='lat' dir='ltr'><strong>regulam</strong></span> <span class='ocrx_word' id='word_1_243' title='bbox 1171 2839 1314 2918; x_wconf 87' lang='lat' dir='ltr'><strong>quaedam</strong></span> <span class='ocrx_word' id='word_1_244' title='bbox 1331 2849 1410 2912; x_wconf 89' lang='lat' dir='ltr'><strong>sunt,</strong></span> <span class='ocrx_word' id='word_1_245' title='bbox 1422 2873 1468 2945; x_wconf 72' lang='grc' dir='ltr'>Λ</span> 
     </span>
    </p>

    <p class='ocr_par' dir='ltr' id='par_1_21' title="bbox 87 2939 1410 3122">
     <span class='ocr_line' id='line_1_25' title="bbox 119 2939 1410 3020; baseline 0.002 -18"><span class='ocrx_word' id='word_1_246' title='bbox 119 2942 186 3020; x_wconf 88' lang='lat' dir='ltr'><strong>quia</strong></span> <span class='ocrx_word' id='word_1_247' title='bbox 209 2958 268 3002; x_wconf 89' lang='lat' dir='ltr'><strong>non</strong></span> <span class='ocrx_word' id='word_1_248' title='bbox 291 2941 403 3001; x_wconf 88' lang='lat' dir='ltr'><strong>iaciunt</strong></span> <span class='ocrx_word' id='word_1_249' title='bbox 424 2939 546 3002; x_wconf 79' lang='lat' dir='ltr'><strong>‘domis&#39;</strong></span> <span class='ocrx_word' id='word_1_250' title='bbox 569 2939 717 3018; x_wconf 65' lang='lat' dir='ltr'><strong>ingeris.</strong></span> <span class='ocrx_word' id='word_1_251' title='bbox 756 2940 866 3001; x_wconf 85' lang='lat' dir='ltr'><strong>Domus</strong></span> <span class='ocrx_word' id='word_1_252' title='bbox 882 2946 912 3000; x_wconf 94' lang='lat' dir='ltr'><strong>et</strong></span> <span class='ocrx_word' id='word_1_253' title='bbox 927 2939 1076 3001; x_wconf 92' lang='lat' dir='ltr'><strong>secundae</strong></span> <span class='ocrx_word' id='word_1_254' title='bbox 1092 2947 1121 3001; x_wconf 88' lang='lat' dir='ltr'><strong>et</strong></span> <span class='ocrx_word' id='word_1_255' title='bbox 1136 2949 1259 3018; x_wconf 87' lang='lat' dir='ltr'><strong>quartae</strong></span> <span class='ocrx_word' id='word_1_256' title='bbox 1275 2950 1322 3004; x_wconf 89' lang='lat' dir='ltr'><strong>est</strong></span> <span class='ocrx_word' id='word_1_257' title='bbox 1337 2950 1366 3004; x_wconf 93' lang='lat' dir='ltr'><strong>et</strong></span> <span class='ocrx_word' id='word_1_258' title='bbox 1380 2944 1410 3003; x_wconf 91' lang='lat' dir='ltr'><strong>in</strong></span> 
     </span>
     <span class='ocr_line' id='line_1_26' title="bbox 87 3039 1002 3122; baseline -0.001 -19"><span class='ocrx_word' id='word_1_259' title='bbox 87 3049 242 3122; x_wconf 57' lang='lat' dir='ltr'><strong>*utraque</strong></span> <span class='ocrx_word' id='word_1_260' title='bbox 264 3039 425 3104; x_wconf 80' lang='lat' dir='ltr'><strong>‘domibus’</strong></span> <span class='ocrx_word' id='word_1_261' title='bbox 449 3041 527 3102; x_wconf 85' lang='lat' dir='ltr'><strong>tacit.</strong></span> <span class='ocrx_word' id='word_1_262' title='bbox 572 3041 777 3102; x_wconf 85' lang='lat' dir='ltr'><strong>Terentius</strong></span> <span class='ocrx_word' id='word_1_263' title='bbox 799 3041 836 3102; x_wconf 90' lang='lat' dir='ltr'><strong>de</strong></span> <span class='ocrx_word' id='word_1_264' title='bbox 858 3041 1002 3102; x_wconf 90' lang='lat' dir='ltr'><strong>secunda:</strong></span> 
     </span>
    </p>

    <p class='ocr_par' dir='ltr' id='par_1_22' title="bbox 333 3142 1184 3221">
     <span class='ocr_line' id='line_1_27' title="bbox 333 3142 1184 3221; baseline 0.001 -16"><span class='ocrx_word' id='word_1_265' title='bbox 333 3143 435 3205; x_wconf 88' lang='lat' dir='ltr'><strong>Domi</strong></span> <span class='ocrx_word' id='word_1_266' title='bbox 457 3144 608 3221; x_wconf 81' lang='lat' dir='ltr'><strong>locique</strong></span> <span class='ocrx_word' id='word_1_267' title='bbox 631 3142 685 3203; x_wconf 88' lang='lat' dir='ltr'><strong>iac</strong></span> <span class='ocrx_word' id='word_1_268' title='bbox 708 3144 879 3204; x_wconf 88' lang='lat' dir='ltr'><strong>uicissim</strong></span> <span class='ocrx_word' id='word_1_269' title='bbox 903 3152 940 3204; x_wconf 90' lang='lat' dir='ltr'><strong>ut</strong></span> <span class='ocrx_word' id='word_1_270' title='bbox 963 3144 1184 3206; x_wconf 86' lang='lat' dir='ltr'><strong>memineris.</strong></span> 
     </span>
    </p>

    <p class='ocr_par' dir='ltr' id='par_1_23' title="bbox 121 3245 1411 3327">
     <span class='ocr_line' id='line_1_28' title="bbox 121 3245 1411 3327; baseline 0.002 -20"><span class='ocrx_word' id='word_1_271' title='bbox 121 3245 259 3308; x_wconf 87' lang='lat' dir='ltr'><strong>Similiter</strong></span> <span class='ocrx_word' id='word_1_272' title='bbox 273 3253 394 3308; x_wconf 88' lang='lat' dir='ltr'><strong>ueteres</strong></span> <span class='ocrx_word' id='word_1_273' title='bbox 409 3247 507 3324; x_wconf 83' lang='lat' dir='ltr'><strong>‘inger</strong></span> <span class='ocrx_word' id='word_1_274' title='bbox 521 3245 644 3323; x_wconf 81' lang='lat' dir='ltr'><strong>iugeris&#39;</strong></span> <span class='ocrx_word' id='word_1_275' title='bbox 668 3253 698 3305; x_wconf 92' lang='lat' dir='ltr'><strong>et</strong></span> <span class='ocrx_word' id='word_1_276' title='bbox 719 3245 867 3324; x_wconf 78' lang='lat' dir='ltr'><strong>‘iugerum</strong></span> <span class='ocrx_word' id='word_1_277' title='bbox 890 3247 1008 3323; x_wconf 83' lang='lat' dir='ltr'><strong>iugeri&#39;.</strong></span> <span class='ocrx_word' id='word_1_278' title='bbox 1053 3245 1192 3325; x_wconf 82' lang='lat' dir='ltr'><strong>iugerum</strong></span> <span class='ocrx_word' id='word_1_279' title='bbox 1216 3253 1261 3307; x_wconf 89' lang='lat' dir='ltr'><strong>est</strong></span> <span class='ocrx_word' id='word_1_280' title='bbox 1282 3247 1411 3327; x_wconf 89' lang='lat' dir='ltr'><strong>spatium</strong></span> 
     </span>
    </p>

    <p class='ocr_par' dir='ltr' id='par_1_24' title="bbox 120 3344 1409 3429">
     <span class='ocr_line' id='line_1_29' title="bbox 120 3344 1409 3429; baseline 0.003 -20"><span class='ocrx_word' id='word_1_281' title='bbox 120 3356 229 3419; x_wconf 89' lang='lat' dir='ltr'><strong>terrae,</strong></span> <span class='ocrx_word' id='word_1_282' title='bbox 264 3355 408 3428; x_wconf 89' lang='lat' dir='ltr'><strong>quantum</strong></span> <span class='ocrx_word' id='word_1_283' title='bbox 438 3365 493 3426; x_wconf 93' lang='lat' dir='ltr'><strong>par</strong></span> <span class='ocrx_word' id='word_1_284' title='bbox 523 3344 612 3407; x_wconf 88' lang='lat' dir='ltr'><strong>boum</strong></span> <span class='ocrx_word' id='word_1_285' title='bbox 642 3363 726 3407; x_wconf 88' lang='lat' dir='ltr'><strong>arare</strong></span> <span class='ocrx_word' id='word_1_286' title='bbox 757 3346 786 3408; x_wconf 92' lang='lat' dir='ltr'><strong>in</strong></span> <span class='ocrx_word' id='word_1_287' title='bbox 815 3346 863 3408; x_wconf 90' lang='lat' dir='ltr'><strong>die</strong></span> <span class='ocrx_word' id='word_1_288' title='bbox 896 3356 1029 3428; x_wconf 89' lang='lat' dir='ltr'><strong>possunt.</strong></span> <span class='ocrx_word' id='word_1_289' title='bbox 1083 3350 1230 3420; x_wconf 89' lang='lat' dir='ltr'><strong>Verum,</strong></span> <span class='ocrx_word' id='word_1_290' title='bbox 1260 3366 1316 3429; x_wconf 90' lang='lat' dir='ltr'><strong>pro</strong></span> <span class='ocrx_word' id='word_1_291' title='bbox 1346 3349 1409 3416; x_wconf 87' lang='lat' dir='ltr'><strong>sed.</strong></span> 
     </span>
    </p>

    <p class='ocr_par' dir='ltr' id='par_1_25' title="bbox 87 3447 1534 3632">
     <span class='ocr_line' id='line_1_30' title="bbox 121 3447 1534 3530; baseline -0.001 -19"><span class='ocrx_word' id='word_1_292' title='bbox 121 3450 413 3518; x_wconf 78' lang='lat' dir='ltr'><strong>Meminerimus,</strong></span> <span class='ocrx_word' id='word_1_293' title='bbox 449 3449 475 3509; x_wconf 93' lang='lat' dir='ltr'><strong>i·</strong></span> <span class='ocrx_word' id='word_1_294' title='bbox 507 3447 711 3513; x_wconf 89' lang='lat' dir='ltr'><strong>recordemur.</strong></span> <span class='ocrx_word' id='word_1_295' title='bbox 765 3447 803 3510; x_wconf 91' lang='lat' dir='ltr'><strong>ln</strong></span> <span class='ocrx_word' id='word_1_296' title='bbox 841 3448 1090 3518; x_wconf 87' lang='lat' dir='ltr'><strong>dictionibus,</strong></span> <span class='ocrx_word' id='word_1_297' title='bbox 1136 3452 1160 3510; x_wconf 90' lang='lat' dir='ltr'><strong>i·</strong></span> <span class='ocrx_word' id='word_1_298' title='bbox 1195 3452 1225 3511; x_wconf 90' lang='lat' dir='ltr'><strong>in</strong></span> <span class='ocrx_word' id='word_1_299' title='bbox 1263 3449 1534 3530; x_wconf 84' lang='lat' dir='ltr'><strong>partibus.en‚r.s</strong></span> 
     </span>
     <span class='ocr_line' id='line_1_31' title="bbox 87 3549 1409 3632; baseline 0.002 -21"><span class='ocrx_word' id='word_1_300' title='bbox 87 3550 364 3631; x_wconf 71' lang='lat' dir='ltr'><strong>diaphoniam,</strong></span> <span class='ocrx_word' id='word_1_301' title='bbox 391 3551 418 3610; x_wconf 89' lang='lat' dir='ltr'><strong>i·</strong></span> <span class='ocrx_word' id='word_1_302' title='bbox 446 3551 554 3612; x_wconf 90' lang='lat' dir='ltr'><strong>bonam</strong></span> <span class='ocrx_word' id='word_1_303' title='bbox 582 3552 783 3612; x_wconf 89' lang='lat' dir='ltr'><strong>sonoritatem.</strong></span> <span class='ocrx_word' id='word_1_304' title='bbox 835 3549 946 3621; x_wconf 85' lang='lat' dir='ltr'><strong>Quam</strong></span> <span class='ocrx_word' id='word_1_305' title='bbox 976 3550 1199 3628; x_wconf 79' lang='lat' dir='ltr'><strong>analogiam,</strong></span> <span class='ocrx_word' id='word_1_306' title='bbox 1230 3553 1254 3612; x_wconf 93' lang='lat' dir='ltr'><strong>i·</strong></span> <span class='ocrx_word' id='word_1_307' title='bbox 1284 3571 1409 3632; x_wconf 90' lang='lat' dir='ltr'><strong>propor-</strong></span> 
     </span>
    </p>

    <p class='ocr_par' dir='ltr' id='par_1_26' title="bbox 122 3650 1411 3732">
     <span class='ocr_line' id='line_1_32' title="bbox 122 3650 1411 3732; baseline 0 -18"><span class='ocrx_word' id='word_1_308' title='bbox 122 3654 233 3714; x_wconf 90' lang='lat' dir='ltr'><strong>tionem.</strong></span> <span class='ocrx_word' id='word_1_309' title='bbox 283 3653 327 3715; x_wconf 85' lang='lat' dir='ltr'><strong>Et</strong></span> <span class='ocrx_word' id='word_1_310' title='bbox 354 3659 643 3732; x_wconf 89' lang='lat' dir='ltr'><strong>praeceptorum</strong></span> <span class='ocrx_word' id='word_1_311' title='bbox 672 3650 849 3729; x_wconf 83' lang='lat' dir='ltr'><strong>regulam.</strong></span> <span class='ocrx_word' id='word_1_312' title='bbox 900 3653 1133 3731; x_wconf 90' lang='lat' dir='ltr'><strong>Praeceptorum</strong></span> <span class='ocrx_word' id='word_1_313' title='bbox 1161 3652 1262 3732; x_wconf 78' lang='lat' dir='ltr'><strong>regula</strong></span> <span class='ocrx_word' id='word_1_314' title='bbox 1291 3661 1350 3722; x_wconf 89' lang='lat' dir='ltr'><strong>est,</strong></span> <span class='ocrx_word' id='word_1_315' title='bbox 1377 3661 1411 3716; x_wconf 95' lang='lat' dir='ltr'><strong>ut</strong></span> 
     </span>
    </p>

    <p class='ocr_par' dir='ltr' id='par_1_27' title="bbox 122 3753 1411 3834">
     <span class='ocr_line' id='line_1_33' title="bbox 122 3753 1411 3834; baseline 0.003 -21"><span class='ocrx_word' id='word_1_316' title='bbox 122 3753 283 3819; x_wconf 87' lang='lat' dir='ltr'><strong>diceremus</strong></span> <span class='ocrx_word' id='word_1_317' title='bbox 306 3754 352 3816; x_wconf 88' lang='lat' dir='ltr'><strong>his</strong></span> <span class='ocrx_word' id='word_1_318' title='bbox 374 3754 494 3815; x_wconf 69' lang='lat' dir='ltr'><strong>‘domn&#39;</strong></span> <span class='ocrx_word' id='word_1_319' title='bbox 518 3760 547 3814; x_wconf 92' lang='lat' dir='ltr'><strong>et</strong></span> <span class='ocrx_word' id='word_1_320' title='bbox 569 3753 718 3832; x_wconf 64' lang='lat' dir='ltr'><strong>ingeris,</strong></span> <span class='ocrx_word' id='word_1_321' title='bbox 743 3754 795 3815; x_wconf 91' lang='lat' dir='ltr'><strong>sed</strong></span> <span class='ocrx_word' id='word_1_322' title='bbox 817 3755 893 3834; x_wconf 88' lang='lat' dir='ltr'><strong>quia&#39;</strong></span> <span class='ocrx_word' id='word_1_323' title='bbox 910 3755 1055 3834; x_wconf 88' lang='lat' dir='ltr'><strong>euphonia</strong></span> <span class='ocrx_word' id='word_1_324' title='bbox 1079 3754 1146 3834; x_wconf 92' lang='lat' dir='ltr'><strong>plus</strong></span> <span class='ocrx_word' id='word_1_325' title='bbox 1168 3753 1260 3824; x_wconf 88' lang='lat' dir='ltr'><strong>ualet,</strong></span> <span class='ocrx_word' id='word_1_326' title='bbox 1285 3755 1411 3818; x_wconf 88' lang='lat' dir='ltr'><strong>dicimus</strong></span> 
     </span>
    </p>

    <p class='ocr_par' dir='ltr' id='par_1_28' title="bbox 122 3853 1535 3938">
     <span class='ocr_line' id='line_1_34' title="bbox 122 3853 1535 3938; baseline 0.002 -22"><span class='ocrx_word' id='word_1_327' title='bbox 122 3853 165 3917; x_wconf 88' lang='lat' dir='ltr'><strong>his</strong></span> <span class='ocrx_word' id='word_1_328' title='bbox 178 3857 335 3920; x_wconf 75' lang='lat' dir='ltr'><strong>‘domibus&#39;</strong></span> <span class='ocrx_word' id='word_1_329' title='bbox 353 3865 383 3916; x_wconf 93' lang='lat' dir='ltr'><strong>et</strong></span> <span class='ocrx_word' id='word_1_330' title='bbox 397 3854 584 3935; x_wconf 67' lang='lat' dir='ltr'><strong>‘iugeribust</strong></span> <span class='ocrx_word' id='word_1_331' title='bbox 602 3889 637 3900; x_wconf 85' lang='lat'><em>-</em></span> <span class='ocrx_word' id='word_1_332' title='bbox 663 3855 816 3918; x_wconf 71' lang='lat' dir='ltr'><strong>‘artubus&#39;</strong></span> <span class='ocrx_word' id='word_1_333' title='bbox 834 3857 1011 3917; x_wconf 84' lang='lat' dir='ltr'><strong>necessitate</strong></span> <span class='ocrx_word' id='word_1_334' title='bbox 1027 3857 1167 3928; x_wconf 89' lang='lat' dir='ltr'><strong>dicimus,</strong></span> <span class='ocrx_word' id='word_1_335' title='bbox 1183 3859 1268 3938; x_wconf 88' lang='lat' dir='ltr'><strong>quia.</strong></span> <span class='ocrx_word' id='word_1_336' title='bbox 1291 3859 1316 3918; x_wconf 92' lang='lat' dir='ltr'><strong>si</strong></span> <span class='ocrx_word' id='word_1_337' title='bbox 1331 3857 1409 3918; x_wconf 89' lang='lat' dir='ltr'><strong>dice·</strong></span> <span class='ocrx_word' id='word_1_338' title='bbox 1424 3875 1453 3920; x_wconf 76' lang='lat' dir='ltr'><strong>er.</strong></span> <span class='ocrx_word' id='word_1_339' title='bbox 1465 3878 1535 3928; x_wconf 72' lang='lat' dir='ltr'><strong>eres</strong></span> 
     </span>
    </p>

    <p class='ocr_par' dir='ltr' id='par_1_29' title="bbox 122 3956 1409 4040">
     <span class='ocr_line' id='line_1_35' title="bbox 122 3956 1409 4040; baseline 0.002 -24"><span class='ocrx_word' id='word_1_340' title='bbox 122 3975 214 4022; x_wconf 85' lang='lat' dir='ltr'><strong>remus</strong></span> <span class='ocrx_word' id='word_1_341' title='bbox 235 3957 396 4028; x_wconf 54' lang='lat' dir='ltr'><strong>‘anianae</strong></span> <span class='ocrx_word' id='word_1_342' title='bbox 419 3957 574 4020; x_wconf 89' lang='lat' dir='ltr'><strong>uideretur</strong></span> <span class='ocrx_word' id='word_1_343' title='bbox 596 3958 780 4020; x_wconf 89' lang='lat' dir='ltr'><strong>descendere</strong></span> <span class='ocrx_word' id='word_1_344' title='bbox 803 3956 840 4018; x_wconf 92' lang='lat' dir='ltr'><strong>ab</strong></span> <span class='ocrx_word' id='word_1_345' title='bbox 859 3976 894 4018; x_wconf 91' lang='lat' dir='ltr'><strong>eo</strong></span> <span class='ocrx_word' id='word_1_346' title='bbox 917 3959 1051 4029; x_wconf 91' lang='lat' dir='ltr'><strong>nomine,</strong></span> <span class='ocrx_word' id='word_1_347' title='bbox 1081 3958 1161 4040; x_wconf 91' lang='lat' dir='ltr'><strong>quod</strong></span> <span class='ocrx_word' id='word_1_348' title='bbox 1189 3967 1234 4021; x_wconf 90' lang='lat' dir='ltr'><strong>cst</strong></span> <span class='ocrx_word' id='word_1_349' title='bbox 1255 3978 1303 4021; x_wconf 92' lang='lat' dir='ltr'><strong>ars</strong></span> <span class='ocrx_word' id='word_1_350' title='bbox 1325 3961 1409 4021; x_wconf 87' lang='lat' dir='ltr'><strong>artis:</strong></span> 
     </span>
    </p>
   </div>
   <div class='ocr_carea' id='block_1_3' title="bbox 122 4161 1409 4567">
    <p class='ocr_par' dir='ltr' id='par_1_30' title="bbox 122 4161 1409 4567">
     <span class='ocr_line' id='line_1_36' title="bbox 183 4161 1408 4229; baseline -0.002 -16"><span class='ocrx_word' id='word_1_351' title='bbox 183 4164 278 4216; x_wconf 67' lang='lat' dir='ltr'><strong>svnt</strong></span> <span class='ocrx_word' id='word_1_352' title='bbox 294 4161 420 4229; x_wconf 85' lang='lat' dir='ltr'><strong>pluralem</strong></span> <span class='ocrx_word' id='word_1_353' title='bbox 437 4163 463 4211; x_wconf 90' lang='lat' dir='ltr'><strong>in</strong></span> <span class='ocrx_word' id='word_1_354' title='bbox 482 4175 538 4211; x_wconf 87' lang='lat' dir='ltr'><strong>rum</strong></span> <span class='ocrx_word' id='word_1_355' title='bbox 556 4162 605 4213; x_wconf 80' lang='lat' dir='ltr'><strong>duo</strong></span> <span class='ocrx_word' id='word_1_356' title='bbox 621 4162 680 4226; x_wconf 76' lang='lat' dir='ltr'><strong>sere</strong></span> <span class='ocrx_word' id='word_1_357' title='bbox 697 4161 821 4212; x_wconf 81' lang='lat' dir='ltr'><strong>uocabulo</strong></span> <span class='ocrx_word' id='word_1_358' title='bbox 838 4168 1008 4222; x_wconf 82' lang='lat' dir='ltr'><strong>enaanernat,</strong></span> <span class='ocrx_word' id='word_1_359' title='bbox 1026 4163 1090 4225; x_wconf 72' lang='lat' dir='ltr'><strong>sort.</strong></span> <span class='ocrx_word' id='word_1_360' title='bbox 1110 4162 1193 4212; x_wconf 78' lang='lat' dir='ltr'><strong>mittit</strong></span> <span class='ocrx_word' id='word_1_361' title='bbox 1213 4177 1318 4212; x_wconf 83' lang='lat' dir='ltr'><strong>necesse</strong></span> <span class='ocrx_word' id='word_1_362' title='bbox 1335 4171 1375 4212; x_wconf 89' lang='lat' dir='ltr'><strong>est</strong></span> <span class='ocrx_word' id='word_1_363' title='bbox 1392 4163 1408 4212; x_wconf 94' lang='lat' dir='ltr'><strong>i.</strong></span> 
     </span>
     <span class='ocr_line' id='line_1_37' title="bbox 122 4229 1409 4296; baseline 0.002 -18"><span class='ocrx_word' id='word_1_364' title='bbox 122 4229 137 4278; x_wconf 80' lang='grc'>9</span> <span class='ocrx_word' id='word_1_365' title='bbox 154 4229 277 4282; x_wconf 81' lang='lat' dir='ltr'><strong>innectant</strong></span> <span class='ocrx_word' id='word_1_366' title='bbox 332 4231 397 4282; x_wconf 79' lang='lat' dir='ltr'><strong>Post</strong></span> <span class='ocrx_word' id='word_1_367' title='bbox 414 4229 529 4296; x_wconf 79' lang='lat' dir='ltr'><strong>regulam</strong></span> <span class='ocrx_word' id='word_1_368' title='bbox 547 4232 644 4296; x_wconf 79' lang='lat' dir='ltr'><strong>altprect</strong></span> <span class='ocrx_word' id='word_1_369' title='bbox 660 4231 742 4282; x_wconf 84' lang='lat' dir='ltr'><strong>tineae</strong></span> <span class='ocrx_word' id='word_1_370' title='bbox 758 4230 896 4294; x_wconf 82' lang='lat' dir='ltr'><strong>putredine</strong></span> <span class='ocrx_word' id='word_1_371' title='bbox 914 4231 1044 4280; x_wconf 76' lang='lat' dir='ltr'><strong>eatinctne</strong></span> <span class='ocrx_word' id='word_1_372' title='bbox 1061 4236 1135 4288; x_wconf 67' lang='lat' dir='ltr'><strong>euntr</strong></span> <span class='ocrx_word' id='word_1_373' title='bbox 1153 4232 1211 4281; x_wconf 85' lang='lat' dir='ltr'><strong>item</strong></span> <span class='ocrx_word' id='word_1_374' title='bbox 1228 4233 1330 4281; x_wconf 84' lang='lat' dir='ltr'><strong>litterae</strong></span> <span class='ocrx_word' id='word_1_375' title='bbox 1347 4246 1409 4280; x_wconf 84' lang='lat' dir='ltr'><strong>non·</strong></span> 
     </span>
     <span class='ocr_line' id='line_1_38' title="bbox 122 4294 1409 4365; baseline 0.001 -18"><span class='ocrx_word' id='word_1_376' title='bbox 122 4299 198 4350; x_wconf 75' lang='lat' dir='ltr'><strong>mitae</strong></span> <span class='ocrx_word' id='word_1_377' title='bbox 212 4307 272 4365; x_wconf 88' lang='lat' dir='ltr'><strong>poet</strong></span> <span class='ocrx_word' id='word_1_378' title='bbox 290 4299 360 4350; x_wconf 82' lang='lat' dir='ltr'><strong>nasis</strong></span> <span class='ocrx_word' id='word_1_379' title='bbox 379 4313 455 4350; x_wconf 82' lang='lat' dir='ltr'><strong>neren</strong></span> <span class='ocrx_word' id='word_1_380' title='bbox 471 4301 595 4364; x_wconf 77' lang='lat' dir='ltr'><strong>sequenti.</strong></span> <span class='ocrx_word' id='word_1_381' title='bbox 666 4299 696 4348; x_wconf 92' lang='lat' dir='ltr'><strong>ll</strong></span> <span class='ocrx_word' id='word_1_382' title='bbox 716 4298 747 4348; x_wconf 85' lang='lat' dir='ltr'><strong>ab</strong></span> <span class='ocrx_word' id='word_1_383' title='bbox 767 4297 806 4346; x_wconf 84' lang='lat' dir='ltr'><strong>his</strong></span> <span class='ocrx_word' id='word_1_384' title='bbox 824 4294 976 4363; x_wconf 65' lang='lat' dir='ltr'><strong>nasis...]</strong></span> <span class='ocrx_word' id='word_1_385' title='bbox 997 4297 1056 4346; x_wconf 90' lang='lat' dir='ltr'><strong>Iden</strong></span> <span class='ocrx_word' id='word_1_386' title='bbox 1076 4297 1124 4347; x_wconf 89' lang='lat' dir='ltr'><strong>hoc</strong></span> <span class='ocrx_word' id='word_1_387' title='bbox 1143 4297 1171 4348; x_wconf 84' lang='lat' dir='ltr'><strong>n</strong></span> <span class='ocrx_word' id='word_1_388' title='bbox 1188 4299 1249 4360; x_wconf 83' lang='lat' dir='ltr'><strong>quia</strong></span> <span class='ocrx_word' id='word_1_389' title='bbox 1267 4299 1409 4361; x_wconf 87' lang='lat' dir='ltr'><strong>antiquitus</strong></span> 
     </span>
     <span class='ocr_line' id='line_1_39' title="bbox 123 4363 1408 4432; baseline 0.004 -21"><span class='ocrx_word' id='word_1_390' title='bbox 123 4368 225 4417; x_wconf 84' lang='lat' dir='ltr'><strong>secunde</strong></span> <span class='ocrx_word' id='word_1_391' title='bbox 246 4368 425 4418; x_wconf 84' lang='lat' dir='ltr'><strong>declinationis</strong></span> <span class='ocrx_word' id='word_1_392' title='bbox 447 4366 588 4417; x_wconf 86' lang='lat' dir='ltr'><strong>secundnm</strong></span> <span class='ocrx_word' id='word_1_393' title='bbox 611 4365 725 4416; x_wconf 83' lang='lat' dir='ltr'><strong>ordinem</strong></span> <span class='ocrx_word' id='word_1_394' title='bbox 743 4365 908 4432; x_wconf 81' lang='lat' dir='ltr'><strong>proterebant</strong></span> <span class='ocrx_word' id='word_1_395' title='bbox 924 4365 1051 4430; x_wconf 79' lang='lat' dir='ltr'><strong>Itemipins</strong></span> <span class='ocrx_word' id='word_1_396' title='bbox 1068 4367 1125 4417; x_wconf 85' lang='lat' dir='ltr'><strong>rod.</strong></span> <span class='ocrx_word' id='word_1_397' title='bbox 1144 4365 1226 4416; x_wconf 84' lang='lat' dir='ltr'><strong>Bern.</strong></span> <span class='ocrx_word' id='word_1_398' title='bbox 1246 4367 1334 4431; x_wconf 76' lang='lat' dir='ltr'><strong>386s.</strong></span> <span class='ocrx_word' id='word_1_399' title='bbox 1355 4363 1408 4417; x_wconf 77' lang='lat'><strong>30¹³</strong></span> 
     </span>
     <span class='ocr_line' id='line_1_40' title="bbox 125 4432 1406 4501; baseline 0.002 -20"><span class='ocrx_word' id='word_1_400' title='bbox 125 4434 153 4482; x_wconf 84' lang='lat' dir='ltr'><strong>tt</strong></span> <span class='ocrx_word' id='word_1_401' title='bbox 171 4448 216 4484; x_wconf 90' lang='lat' dir='ltr'><strong>nen</strong></span> <span class='ocrx_word' id='word_1_402' title='bbox 234 4432 283 4501; x_wconf 83' lang='lat' dir='ltr'><strong>est]</strong></span> <span class='ocrx_word' id='word_1_403' title='bbox 303 4450 396 4486; x_wconf 88' lang='lat' dir='ltr'><strong>nomen</strong></span> <span class='ocrx_word' id='word_1_404' title='bbox 416 4445 454 4484; x_wconf 87' lang='lat' dir='ltr'><strong>est</strong></span> <span class='ocrx_word' id='word_1_405' title='bbox 472 4449 551 4500; x_wconf 86' lang='lat' dir='ltr'><strong>snper</strong></span> <span class='ocrx_word' id='word_1_406' title='bbox 563 4459 596 4470; x_wconf 88' lang='lat'><em>-</em></span> <span class='ocrx_word' id='word_1_407' title='bbox 608 4434 697 4484; x_wconf 85' lang='lat' dir='ltr'><strong>bellica</strong></span> <span class='ocrx_word' id='word_1_408' title='bbox 715 4435 834 4484; x_wconf 85' lang='lat' dir='ltr'><strong>dicuntur</strong></span> <span class='ocrx_word' id='word_1_409' title='bbox 850 4433 979 4499; x_wconf 79' lang='lat' dir='ltr'><strong>Remipiua</strong></span> <span class='ocrx_word' id='word_1_410' title='bbox 997 4432 1078 4485; x_wconf 85' lang='lat' dir='ltr'><strong>Bern.</strong></span> <span class='ocrx_word' id='word_1_411' title='bbox 1097 4437 1114 4487; x_wconf 92' lang='lat' dir='ltr'><strong>l.</strong></span> <span class='ocrx_word' id='word_1_412' title='bbox 1133 4437 1149 4484; x_wconf 90' lang='lat' dir='ltr'><strong>t.</strong></span> <span class='ocrx_word' id='word_1_413' title='bbox 1218 4432 1406 4501; x_wconf 77' lang='lat' dir='ltr'><strong>25Terentius]</strong></span> 
     </span>
     <span class='ocr_line' id='line_1_41' title="bbox 124 4499 1224 4567; baseline 0.003 -18"><span class='ocrx_word' id='word_1_414' title='bbox 124 4499 186 4552; x_wconf 80' lang='lat' dir='ltr'><strong>Ena.</strong></span> <span class='ocrx_word' id='word_1_415' title='bbox 198 4503 214 4552; x_wconf 95' lang='grc'><strong>1</strong></span> <span class='ocrx_word' id='word_1_416' title='bbox 218 4503 241 4552; x_wconf 86' lang='lat' dir='ltr'><em>V</em></span> <span class='ocrx_word' id='word_1_417' title='bbox 253 4506 276 4565; x_wconf 84' lang='grc'><strong>7,</strong></span> <span class='ocrx_word' id='word_1_418' title='bbox 287 4506 321 4554; x_wconf 74' lang='grc'><strong>45</strong></span> <span class='ocrx_word' id='word_1_419' title='bbox 389 4504 423 4554; x_wconf 74' lang='grc'><strong>29</strong></span> <span class='ocrx_word' id='word_1_420' title='bbox 440 4500 647 4567; x_wconf 86' lang='lat' dir='ltr'><strong>meminerimus]</strong></span> <span class='ocrx_word' id='word_1_421' title='bbox 666 4503 700 4566; x_wconf 78' lang='lat' dir='ltr'><strong>cs.</strong></span> <span class='ocrx_word' id='word_1_422' title='bbox 719 4503 785 4554; x_wconf 85' lang='lat' dir='ltr'><strong>Dea.</strong></span> <span class='ocrx_word' id='word_1_423' title='bbox 802 4517 829 4567; x_wconf 90' lang='lat' dir='ltr'><strong>p.</strong></span> <span class='ocrx_word' id='word_1_424' title='bbox 850 4504 909 4565; x_wconf 77' lang='lat'><strong>³79,</strong></span> <span class='ocrx_word' id='word_1_425' title='bbox 930 4504 1017 4552; x_wconf 75' lang='lat' dir='ltr'><strong>terna</strong></span> <span class='ocrx_word' id='word_1_426' title='bbox 1035 4503 1123 4554; x_wconf 83' lang='lat' dir='ltr'><strong>adnot.</strong></span> <span class='ocrx_word' id='word_1_427' title='bbox 1142 4501 1224 4553; x_wconf 79' lang='lat' dir='ltr'><strong>Keilii</strong></span> 
     </span>
    </p>
   </div>
   <div class='ocr_carea' id='block_1_4' title="bbox 124 4604 251 4614">
    <p class='ocr_par' dir='ltr' id='par_1_31' title="bbox 124 4604 251 4614">
     <span class='ocr_line' id='line_1_42' title="bbox 124 4604 251 4614; baseline 0 -4"><span class='ocrx_word' id='word_1_428' title='bbox 124 4604 251 4614; x_wconf 48' lang='lat' dir='ltr'><strong>...q-„-</strong></span> 
     </span>
    </p>
   </div>
   <div class='ocr_carea' id='block_1_5' title="bbox 123 4670 1408 4930">
    <p class='ocr_par' dir='ltr' id='par_1_32' title="bbox 123 4670 1408 4930">
     <span class='ocr_line' id='line_1_43' title="bbox 123 4670 1408 4736; baseline 0.003 -18"><span class='ocrx_word' id='word_1_429' title='bbox 123 4684 167 4734; x_wconf 86' lang='lat' dir='ltr'><strong>per</strong></span> <span class='ocrx_word' id='word_1_430' title='bbox 177 4671 307 4724; x_wconf 75' lang='lat' dir='ltr'><strong>abladuom</strong></span> <span class='ocrx_word' id='word_1_431' title='bbox 320 4688 409 4724; x_wconf 83' lang='lat' dir='ltr'><strong>casnm</strong></span> <span class='ocrx_word' id='word_1_432' title='bbox 423 4672 606 4723; x_wconf 82' lang='lat' dir='ltr'><strong>declinationes</strong></span> <span class='ocrx_word' id='word_1_433' title='bbox 619 4672 701 4723; x_wconf 84' lang='lat' dir='ltr'><strong>noluit</strong></span> <span class='ocrx_word' id='word_1_434' title='bbox 712 4671 846 4722; x_wconf 87' lang='lat' dir='ltr'><strong>ostendere</strong></span> <span class='ocrx_word' id='word_1_435' title='bbox 858 4680 886 4721; x_wconf 87' lang='lat' dir='ltr'><strong>et</strong></span> <span class='ocrx_word' id='word_1_436' title='bbox 897 4685 947 4721; x_wconf 91' lang='lat' dir='ltr'><strong>non</strong></span> <span class='ocrx_word' id='word_1_437' title='bbox 960 4685 1007 4736; x_wconf 87' lang='lat' dir='ltr'><strong>per</strong></span> <span class='ocrx_word' id='word_1_438' title='bbox 1018 4670 1160 4736; x_wconf 78' lang='lat' dir='ltr'><strong>genitiunm</strong></span> <span class='ocrx_word' id='word_1_439' title='bbox 1173 4681 1201 4721; x_wconf 88' lang='lat' dir='ltr'><strong>nt</strong></span> <span class='ocrx_word' id='word_1_440' title='bbox 1211 4671 1408 4733; x_wconf 85' lang='lat' dir='ltr'><strong>Priscianus,</strong></span> 
     </span>
     <span class='ocr_line' id='line_1_44' title="bbox 124 4737 1408 4806; baseline 0.004 -19"><span class='ocrx_word' id='word_1_441' title='bbox 124 4739 166 4787; x_wconf 82' lang='lat' dir='ltr'><strong>sed</strong></span> <span class='ocrx_word' id='word_1_442' title='bbox 182 4739 322 4793; x_wconf 84' lang='lat' dir='ltr'><strong>Priscianus</strong></span> <span class='ocrx_word' id='word_1_443' title='bbox 341 4741 451 4792; x_wconf 76' lang='lat' dir='ltr'><strong>Graecm</strong></span> <span class='ocrx_word' id='word_1_444' title='bbox 475 4742 588 4791; x_wconf 85' lang='lat' dir='ltr'><strong>imitatus</strong></span> <span class='ocrx_word' id='word_1_445' title='bbox 611 4752 650 4791; x_wconf 82' lang='lat' dir='ltr'><strong>est</strong></span> <span class='ocrx_word' id='word_1_446' title='bbox 672 4741 717 4804; x_wconf 91' lang='lat' dir='ltr'><strong>qui</strong></span> <span class='ocrx_word' id='word_1_447' title='bbox 734 4739 872 4790; x_wconf 85' lang='lat' dir='ltr'><strong>ablatinnm</strong></span> <span class='ocrx_word' id='word_1_448' title='bbox 892 4753 943 4788; x_wconf 88' lang='lat' dir='ltr'><strong>non</strong></span> <span class='ocrx_word' id='word_1_449' title='bbox 966 4737 1071 4798; x_wconf 83' lang='lat' dir='ltr'><strong>hebeat,</strong></span> <span class='ocrx_word' id='word_1_450' title='bbox 1096 4739 1141 4790; x_wconf 81' lang='lat' dir='ltr'><strong>aad</strong></span> <span class='ocrx_word' id='word_1_451' title='bbox 1164 4753 1211 4806; x_wconf 91' lang='lat' dir='ltr'><strong>pro</strong></span> <span class='ocrx_word' id='word_1_452' title='bbox 1230 4739 1273 4790; x_wconf 93' lang='lat' dir='ltr'><strong>illo</strong></span> <span class='ocrx_word' id='word_1_453' title='bbox 1293 4741 1408 4805; x_wconf 82' lang='lat' dir='ltr'><strong>genitiuo</strong></span> 
     </span>
     <span class='ocr_line' id='line_1_45' title="bbox 125 4807 1408 4876; baseline 0.005 -22"><span class='ocrx_word' id='word_1_454' title='bbox 125 4815 228 4869; x_wconf 83' lang='lat' dir='ltr'><strong>utuntur,</strong></span> <span class='ocrx_word' id='word_1_455' title='bbox 245 4807 360 4862; x_wconf 87' lang='lat' dir='ltr'><strong>Donatus</strong></span> <span class='ocrx_word' id='word_1_456' title='bbox 380 4825 440 4859; x_wconf 86' lang='lat' dir='ltr'><strong>uero</strong></span> <span class='ocrx_word' id='word_1_457' title='bbox 459 4811 520 4872; x_wconf 84' lang='lat' dir='ltr'><strong>quia</strong></span> <span class='ocrx_word' id='word_1_458' title='bbox 538 4807 636 4860; x_wconf 85' lang='lat' dir='ltr'><strong>Latinis</strong></span> <span class='ocrx_word' id='word_1_459' title='bbox 654 4808 793 4872; x_wconf 87' lang='lat' dir='ltr'><strong>scribebat,</strong></span> <span class='ocrx_word' id='word_1_460' title='bbox 811 4821 863 4857; x_wconf 91' lang='lat' dir='ltr'><strong>non</strong></span> <span class='ocrx_word' id='word_1_461' title='bbox 881 4821 927 4874; x_wconf 87' lang='lat' dir='ltr'><strong>per</strong></span> <span class='ocrx_word' id='word_1_462' title='bbox 947 4807 1107 4873; x_wconf 75' lang='lat' dir='ltr'><strong>genetiunm,</strong></span> <span class='ocrx_word' id='word_1_463' title='bbox 1130 4807 1177 4858; x_wconf 88' lang='lat' dir='ltr'><strong>sed</strong></span> <span class='ocrx_word' id='word_1_464' title='bbox 1199 4823 1247 4876; x_wconf 85' lang='lat' dir='ltr'><strong>per</strong></span> <span class='ocrx_word' id='word_1_465' title='bbox 1268 4809 1408 4860; x_wconf 85' lang='lat' dir='ltr'><strong>ablntiuum</strong></span> 
     </span>
     <span class='ocr_line' id='line_1_46' title="bbox 124 4876 511 4930; baseline 0.016 -8"><span class='ocrx_word' id='word_1_466' title='bbox 124 4887 180 4924; x_wconf 86' lang='lat' dir='ltr'><strong>snas</strong></span> <span class='ocrx_word' id='word_1_467' title='bbox 195 4876 372 4930; x_wconf 83' lang='lat' dir='ltr'><strong>declinationes</strong></span> <span class='ocrx_word' id='word_1_468' title='bbox 391 4879 511 4929; x_wconf 84' lang='lat' dir='ltr'><strong>ostendit.</strong></span> 
     </span>
    </p>
   </div>
   <div class='ocr_carea' id='block_1_6' title="bbox 0 0 1692 5580">
    <p class='ocr_par' dir='ltr' id='par_1_33' title="bbox 0 0 1692 5580">
     <span class='ocr_line' id='line_1_47' title="bbox 0 0 1692 5580; baseline 0 0"><span class='ocrx_word' id='word_1_469' title='bbox 0 0 1692 5580; x_wconf 95' lang='lat' dir='ltr'><strong> </strong></span> 
     </span>
    </p>
   </div>
  </div>
 </body>
</html>
