3316 5566
302 267 361 330 illd
820 265 887 319 aas
905 266 1082 320 ANONYMA

298 455 416 518 cetera?
452 454 538 528 Quod
560 455 599 516 ita
622 453 760 517 soluitur:
785 455 815 516 in
839 453 961 516 Graecis
983 454 1153 517 nominibus
1175 473 1229 518 eus
1251 473 1310 518 nna
1332 454 1443 538 syllaba
1465 467 1519 518 est.

299 577 330 628 e,
355 556 409 620 alia
433 555 544 638 syllaba
567 574 616 628 ns,
640 565 673 618 ut
694 573 817 618 urceus:
841 555 899 617 boo
922 557 1001 618 enim
1025 574 1132 618 nomen
1155 556 1356 640 trissyllabum
1379 569 1432 628 est,
1455 557 1578 638 Orpheus

298 667 397 722 autem
420 655 612 740 dissyllabum
635 665 690 720 est.
734 657 806 718 ltem
835 659 955 719 nomina
983 657 1095 721 Graeca
1122 661 1154 720 in
1182 677 1235 720 eus
1263 659 1427 722 desinentia
1457 661 1578 722 uacuum

305 809 446 825 ......
468 761 580 824 Latina
603 761 633 822 in
661 759 719 823 dua
743 777 760 820 c
782 761 989 828 terminantur,
1019 767 1051 822 nt
1073 779 1090 821 o
1112 760 1219 840 lignee.
1271 760 1345 824 ltem
1374 765 1405 824 in
1432 763 1490 823 iuna
1516 769 1578 839 quot

299 881 409 941 genera
439 863 634 925 inueniuntur
661 864 693 922 in
721 860 852 923 secunda
880 859 1094 924 declinatione?
1143 861 1221 933 Duo,
1249 863 1389 925 leminina
1418 872 1447 926 et
1473 872 1598 924 neutram

299 967 456 1036 feminina,
487 962 722 1046 ntGlycerium.
767 963 838 1024 inde
867 962 1031 1024 Donatus
1059 963 1143 1025 dicit:
1181 965 1274 1026 Sunt
1300 973 1493 1043 praeterea
1519 962 1578 1025 alia

299 1069 445 1128 nomina
469 1073 728 1137 sononeutra,
758 1063 961 1127 intellectu
984 1065 1181 1137 leminina,
1205 1075 1245 1127 ut
1266 1066 1484 1128 Sofronium
1505 1065 1579 1126 Fro-

301 1171 443 1230 nosium
475 1167 698 1248 Glycerium.
742 1165 822 1228 ilaec
851 1173 948 1228 autem
971 1167 1026 1228 tria
1049 1167 1170 1247 propria
1192 1169 1313 1230 nomina
1335 1175 1405 1228 sunt
1426 1167 1579 1228 mulierum.

300 1271 336 1332 Et
357 1277 496 1332 neutrum
519 1287 609 1330 unum
633 1287 743 1330 nomen
766 1266 987 1348 appellatiunrn.
1013 1274 1045 1328 ut
1066 1267 1122 1330 boc
1139 1277 1286 1338 scortum,
1311 1269 1367 1330 boc
1384 1279 1429 1331 est
1445 1269 1579 1332 meretrix.

300 1373 376 1434 lline
399 1369 462 1433 lob
479 1370 564 1432 dixit:
588 1388 678 1431 uxor
700 1388 779 1432 mea
801 1370 850 1430 sit
871 1377 1034 1432 scortum
1058 1369 1231 1451 alterius,
1255 1379 1285 1432 ct
1300 1369 1489 1432 Salomon:
1510 1389 1578 1451 pre·
1590 1386 1608 1424 u

300 1475 386 1535 tium
409 1473 530 1534 scortl
553 1473 612 1533 uix
636 1489 730 1532 unus
752 1473 867 1551 panls.
912 1469 1023 1532 Neutra
1046 1473 1077 1533 in
1101 1489 1166 1542 um,
1195 1481 1224 1533 ut
1248 1471 1304 1533 boc
1326 1471 1469 1553 tempium
1491 1469 1581 1551 templi

300 1574 410 1656 templo
438 1573 581 1654 tempium
612 1572 754 1654 templum
778 1593 794 1635 a
818 1570 929 1652 templo
952 1579 981 1633 ct
1002 1571 1109 1653 plurali
1137 1573 1246 1654 templa
1274 1573 1454 1654 templorum
1475 1572 1580 1653 templis

299 1675 408 1758 templa
434 1674 543 1755 templa
570 1693 586 1736 a
610 1673 736 1755 templis.
781 1674 830 1736 Sic
858 1672 1023 1736 declinatur
1052 1674 1162 1736 donum
1190 1683 1340 1756 sceptrum
1369 1673 1579 1739 tabernaculum

299 1777 424 1842 uerbum
453 1776 656 1840 holocaustum
683 1783 856 1857 portentum
884 1783 997 1840 uotum.
1041 1774 1115 1838 ltcm
1144 1778 1174 1838 in
1201 1777 1277 1848 ium.
1308 1786 1341 1840 ut
1369 1778 1426 1839 boc
1451 1778 1580 1838 ieiunium

297 1881 454 1962 prandium
477 1878 633 1942 consillum
656 1876 843 1957 euangelium
865 1877 1042 1940 sacrificium
1066 1885 1094 1938 et
1116 1885 1226 1949 cetera,
1250 1887 1280 1942 et
1302 1881 1401 1940 omnia
1425 1881 1537 1940 nomina
1554 1879 1580 1938 in
1591 1891 1609 1930 1⁵

299 2002 348 2045 unu
381 1980 429 2044 nel
462 1983 493 2044 in
525 1983 588 2043 iuna
620 1979 784 2042 desinentia
817 1978 966 2040 secundas
999 1978 1205 2042 declinationis
1232 1989 1312 2043 sunt.
1362 1981 1519 2044 Sciendum
1544 1987 1581 2040 cst

297 2091 395 2146 autern
418 2083 455 2144 de
478 2081 528 2144 illo
551 2083 680 2151 nomine,
704 2080 781 2162 quod
806 2089 850 2142 est
872 2079 1031 2151 balineum,
1055 2081 1134 2159 quod
1156 2083 1187 2142 in
1209 2081 1352 2161 singulari
1375 2101 1499 2145 numero
1518 2099 1581 2142 neu·

299 2193 376 2246 trum
399 2191 444 2246 est
466 2191 495 2246 et
516 2183 666 2245 secundae
688 2181 903 2250 declinationis.
927 2183 957 2242 in
980 2181 1087 2262 plurali
1108 2201 1180 2244 uero
1203 2201 1329 2246 numero
1351 2185 1523 2246 lemininum
1545 2189 1583 2243 cst

299 2296 328 2349 ct
351 2288 464 2368 primae
486 2283 692 2347 declinationis
715 2292 744 2344 et
769 2285 813 2344 slc
833 2281 1013 2344 declinatur:
1038 2282 1094 2344 boc
1115 2283 1264 2346 balineum
1287 2285 1375 2347 buius
1395 2285 1503 2348 balinei
1522 2283 1582 2345 buic

299 2387 417 2450 balineo
446 2387 502 2449 boc
531 2384 680 2449 balineum
703 2405 721 2446 o
744 2383 893 2447 balineum
916 2382 954 2446 ab
977 2383 1032 2445 boc
1061 2383 1179 2448 balineo
1202 2396 1231 2449 et
1252 2385 1360 2468 plurali
1384 2389 1440 2450 bae
1461 2387 1613 2450 balineaea

299 2489 404 2552 barum
427 2488 611 2551 balinearum
633 2488 679 2550 bis
700 2486 827 2549 balineis
848 2485 901 2548 bas
925 2484 1056 2548 balineas
1078 2506 1095 2548 o
1118 2485 1253 2550 balineae
1275 2489 1312 2552 ab
1335 2488 1380 2550 bis
1403 2489 1540 2564 balineis,
1560 2493 1584 2546 et
1647 2521 1648 2580 ἐ

298 2593 342 2652 sic
371 2591 458 2652 ctiam
487 2597 516 2652 ct
543 2591 701 2670 ‘porrum’
725 2595 864 2650 neutrum
887 2605 996 2650 nomen
1025 2597 1071 2650 est
1098 2597 1127 2649 et
1154 2590 1303 2652 secundae
1330 2591 1531 2653 declinationis
1556 2589 1582 2649 in
1647 2591 1648 2618 ¹

297 2691 442 2771 singulari
465 2709 592 2754 numero
600 2735 729 2760 .......
753 2691 783 2750 in
799 2689 906 2770 plurali
929 2708 1003 2751 uero
1026 2691 1200 2753 lemininum
1223 2693 1294 2753 lacit
1316 2699 1345 2754 et
1366 2695 1481 2774 primae
1503 2689 1583 2752 decli·

299 2795 427 2858 nationis
448 2801 507 2857 est:
537 2793 594 2854 bae
622 2811 712 2873 cepae
741 2792 846 2854 barum
875 2809 1016 2870 ceparum
1040 2800 1070 2853 et
1091 2799 1207 2864 cetera,
1236 2795 1372 2873 quamuis
1401 2793 1586 2875 antiquissimi

298 2897 360 2959 ina
383 2914 500 2976 quoque
522 2893 702 2974 singularam
726 2911 882 2956 numerum
905 2893 1048 2954 feminino
1070 2911 1181 2972 genere
1204 2898 1302 2975 ‘cepa’
1325 2897 1485 2975 protulisse
1507 2898 1613 2956 inus-a

299 2999 433 3062 niuntur.
479 2996 660 3059 Naeuius:
683 2995 787 3057 illum
811 2995 846 3056 di
868 2995 1007 3068 lerant,
1032 2999 1092 3076 qui
1114 2999 1272 3076 primum
1294 2997 1435 3060 holitor
1457 3015 1582 3076 cepam.
1646 3055 1647 3062 ,

266 3099 483 3162 'Luciliusz
507 3097 630 3178 lippus
653 3096 796 3159 edenda
819 3098 897 3159 acri
919 3097 1069 3159 assidue
1098 3100 1274 3178 ceparius
1296 3117 1396 3179 cepa.
1442 3101 1584 3178 Frequeo·
1646 3109 1647 3189 t

299 3203 357 3263 tior
372 3207 471 3263 tamen
486 3217 557 3261 usus
572 3199 643 3260 ‘boc
657 3201 742 3278 cepe’
765 3197 903 3280 protulit,
928 3199 1006 3277 quod
1024 3200 1054 3260 in
1071 3199 1213 3280 singulari
1236 3218 1362 3262 numero
1385 3209 1523 3264 neutrum
1546 3205 1584 3258 est

298 3313 328 3364 et
349 3299 567 3364 indeclinabile.
613 3300 791 3362 Naeuius:
826 3303 885 3362 cui
919 3318 1010 3380 cepe
1041 3301 1184 3364 edendo
1213 3301 1345 3364 oculus
1376 3303 1472 3364 alter
1506 3319 1584 3381 pro·

298 3401 399 3466 lluit.
443 3403 515 3464 item
540 3405 667 3465 Varro:
692 3401 1143 3482 multitarieinpatellis
1171 3420 1334 3484 coquere
1362 3423 1462 3485 cepe.
1507 3403 1615 3481 Cepi-o

299 3507 364 3567 cius
385 3513 416 3566 et
437 3505 583 3585 capicium
606 3514 725 3566 ueteres
747 3503 897 3567 dixerunt.
935 3504 1019 3565 Scire
1042 3513 1140 3566 autem
1163 3504 1307 3568 debemus
1329 3508 1360 3567 ln
1384 3505 1432 3568 bis
1453 3506 1584 3566 termina·
1645 3567 1646 3576 ,

298 3607 431 3670 tionibus
454 3606 601 3669 secundae
623 3605 844 3678 declinationis,
873 3623 946 3686 quas
968 3605 1096 3668 diximus
1119 3608 1274 3669 terminari
1296 3609 1327 3670 in
1349 3627 1382 3670 er
1405 3609 1435 3669 in
1458 3611 1484 3670 ir
1507 3608 1536 3668 iu
1557 3621 1587 3665 us
1645 3583 1646 3621 ¹

368 3877 456 3926 leina
490 3875 589 3941 syllaba
607 3875 658 3944 est]
679 3879 808 3929 Lamnum
824 3880 862 3930 aie
880 3880 1001 3942 explere:
1019 3879 1045 3928 in
1065 3877 1163 3930 Latinis
1181 3893 1242 3929 nero
1261 3894 1311 3929 una
1329 3879 1428 3944 syllaba
1445 3891 1484 3930 est
1532 3881 1587 3928 2ιιι

299 3957 399 3995 comens
439 3945 598 4010 trisyllabum
650 3943 762 3998 ttuocai
779 3947 804 3996 io
822 3944 885 4012 dua]
908 3947 1037 3997 Lacunam
1054 3949 1175 4008 indicaui,
1193 3950 1254 4014 quia
1273 3947 1429 3998 Graecorum
1445 3955 1471 3998 et
1490 3947 1587 3998 Latino·

297 4031 351 4064 rum
370 4015 492 4064 nominum
509 4015 535 4064 ta
553 4029 597 4065 ena
615 4016 758 4064 exeuntium
776 4016 907 4066 uacatione
925 4014 995 4064 inter
1011 4030 1039 4066 se
1058 4017 1199 4081 conparari
1214 4020 1302 4080 potet:
1329 4017 1428 4066 illorum
1446 4032 1491 4078 en,
1509 4015 1586 4065 ltornm
1644 4015 1645 4053 l

298 4097 327 4132 ee
346 4083 545 4134 teretinatioaem
562 4097 627 4136 este.
686 4083 834 4132 terminatur
904 4083 988 4150 lignes
1057 4097 1141 4132 meum
1227 4083 1396 4148 tigligerium
1467 4077 1584 4142 Donatus]

297 4167 323 4214 p.
344 4153 406 4213 3⁷5,
425 4153 459 4200 27
527 4151 701 4202 testu-onium
719 4149 874 4200 tranensium
893 4151 1029 4216 gligerium
1098 4152 1114 4202 8
1133 4150 1199 4200 llaec
1216 4161 1300 4200 nartem
1319 4149 1376 4214 tria]
1397 4150 1442 4200 list
1459 4149 1508 4200 hoc
1526 4150 1586 4198 bitum

297 4221 665 4284 aeuun1=m‚0m.neuu·om
718 4231 746 4268 ut
764 4219 825 4268 baec
878 4219 904 4268 lr’
923 4221 1042 4268 meretrix
1121 4221 1152 4270 to
1170 4219 1225 4278 lob]
1244 4235 1302 4283 cup.
1323 4219 1420 4269 xxxi
1439 4221 1472 4269 10
1522 4217 1588 4266 Salo·

299 4284 371 4354 mon]
390 4287 517 4340 Paouerd.
531 4287 558 4337 V
572 4289 623 4337 26?
641 4287 771 4353 praecium
841 4289 870 4337 11
891 4301 966 4337 umus
1036 4288 1068 4338 lb
1085 4287 1264 4352 euuangelinm
1335 4289 1366 4338 l‘t
1385 4283 1523 4352 balineum]
1542 4282 1585 4332 bal-

298 4405 407 4466 lenenm,
424 4419 525 4470 seraper
575 4405 601 4454 in
620 4403 785 4472 singulariter
871 4406 903 4456 19
920 4369 1034 4468 baldium
1078 4405 1178 4454 bullonii
1196 4411 1245 4456 ete.
1296 4406 1329 4454 20
1349 4403 1437 4469 plurali
1457 4421 1471 4454 e
1489 4401 1587 4453 balleoiu
1643 4429 1644 4483 l

298 4475 329 4522 21
348 4488 421 4522 suum
489 4475 522 4524 22
535 4474 560 4523 in
573 4473 698 4540 singulari
717 4471 835 4539 numero]
855 4475 985 4524 Lamnum
1001 4475 1087 4533 statui,
1107 4474 1166 4540 quic
1184 4475 1210 4523 to
1226 4471 1389 4538 sequentibus
1401 4487 1450 4522 noa
1462 4474 1495 4521 de
1505 4485 1587 4536 pomo,

297 4543 346 4591 aed
361 4542 394 4590 de
411 4555 474 4608 cepe
491 4543 577 4606 agitur
644 4543 677 4594 23
695 4551 720 4592 et
737 4543 848 4608 primunt
866 4540 1043 4592 declinationis
1056 4542 1087 4592 be
1099 4557 1161 4607 cepe
1229 4543 1263 4592 25
1279 4539 1401 4590 feminina
1419 4553 1512 4604 genera
1530 4551 1587 4604 cepa

298 4609 331 4656 26
350 4609 442 4659 ιιειιίιιε
460 4608 528 4658 illam
546 4607 663 4660 delerant
680 4625 730 4672 qne
799 4609 894 4660 bolitur
979 4613 1011 4662 27
1030 4619 1147 4676 sapatum
1170 4624 1233 4674 cepa
1318 4610 1351 4660 28
1370 4623 1385 4658 o
1403 4622 1465 4674 cepe
1483 4605 1588 4672 promitit

298 4675 332 4791 39
351 4676 441 4793 ιιοὲιὲιέε
459 4677 598 4794 1ὔιιιοῐιιιίι
656 4681 689 4730 30
706 4693 811 4742 quoque
828 4693 855 4728 re
872 4693 936 4746 eppa
1004 4680 1035 4730 st
1054 4675 1191 4743 deserunt]
1212 4677 1449 4730 Deaaiuersotoco
1462 4677 1497 4740 cs.
1511 4675 1587 4724 Prisc,

331 4757 360 4806 Ρ·
433 4779 440 4806 r
508 4760 563 4811 ud·
1453 4777 1456 4783 ’
