3378 5550
495 345 543 395 Dr}
563 343 805 397 mssouuurtt
824 344 1015 398 strutiouts.
1318 361 1402 412 cxxi

192 535 263 634 Iam
278 537 352 609 qiua
366 535 405 592 de
419 535 573 596 codicibus
587 535 695 594 irarum
711 535 953 610 differentiarum
968 551 988 594 u
999 537 1156 612 prioribus
1171 539 1332 598 editoribus
1348 541 1401 598 ud-

109 639 211 698 ltiiitis
233 637 311 696 ninii
332 640 452 698 omuino
472 642 600 711 constat,
624 638 682 698 Irae
703 639 818 698 dixisse
836 638 963 712 suffieit,
988 638 1155 700 Breuilium
1178 639 1327 701 interdum
1349 657 1402 700 au-

11 791 12 822 ,
110 742 271 801 ducissime
290 741 475 814 corripendo
496 742 681 816 scripturam
703 743 865 801 inmutasse
880 741 993 814 uideri,
1020 741 1238 815 Gotlrosredum
1262 759 1333 802 uero
1355 746 1404 804 uel

11 847 12 876 ³
109 849 274 918 corruptas
294 843 409 902 codicis
432 840 595 902 Berneruis
615 845 758 904 lectiones
775 843 953 918 plerumque
974 859 1088 903 stimmo
1108 861 1177 904 eum
1195 846 1259 917 nae
1279 861 1402 922 expres-

109 949 180 1006 sisse
204 944 301 1014 (unde
320 945 410 1004 simul
425 942 594 1020 Bonparsii
612 938 768 1024 ἀκρίβεια
787 947 932 1020 eopnosei
945 949 1071 1020 potest),
1095 948 1261 1007 Armenium
1276 949 1405 1022 denique

112 1048 280 1107 Breuilium
309 1054 441 1106 secutum
470 1047 622 1107 interdum
652 1049 701 1106 ael
721 1045 899 1106 deteriorem
920 1047 1099 1122 reddidisse,
1124 1051 1214 1124 quod,
1239 1055 1271 1108 ut
1292 1067 1328 1109 eo
1350 1067 1403 1109 ea·

11 1171 12 1238 j
110 1153 208 1226 empto
229 1155 313 1220 utor,
337 1167 385 1208 nr.
414 1153 463 1206 too
481 1149 600 1222 sactum
623 1157 682 1223 est,
709 1167 769 1224 quo
789 1150 858 1210 loeo
878 1167 945 1210 cum
967 1158 996 1210 et
1019 1149 1172 1212 Breuilius
1193 1159 1221 1212 et
1244 1151 1403 1223 Gotltosre-

11 1263 12 1272 ’
110 1255 166 1312 dus
196 1267 260 1311 una
286 1268 353 1310 eum
374 1251 452 1311 liltro
475 1249 624 1312 anutsi
643 1258 724 1311 reete
744 1251 922 1312 exhiberent
943 1254 1036 1313 ‘uires
1058 1255 1226 1327 uiriosum’,
1257 1254 1406 1334 Accusatus

111 1357 190 1414 male
210 1355 333 1429 scripsit
354 1355 527 1432 ‘uitiosum',
550 1371 613 1430 pua
634 1354 665 1413 in
688 1369 722 1412 re
743 1355 916 1414 mirandum
937 1363 990 1428 est,
1018 1355 1101 1430 quod
1121 1355 1404 1432 Reifferscheidium

112 1459 218 1516 tabuit
240 1457 387 1516 ussealam
408 1454 534 1516 Suetoni
554 1457 621 1516 rell.
639 1473 673 1532 p.
701 1461 766 1515 294.
814 1455 872 1527 [liii
891 1473 957 1516 cum
981 1457 1198 1528 Gotlnofredum
1217 1475 1250 1534 p.
1269 1465 1327 1516 274
1341 1475 1402 1532 seq.

111 1567 214 1620 testem
236 1557 381 1618 addidere
401 1575 433 1618 se
453 1559 575 1632 diceret,
601 1575 710 1618 reuma
726 1559 899 1631 Areualum,
924 1558 981 1618 liae
1002 1566 1045 1619 est
1062 1557 1229 1619 Breuilium
1244 1562 1402 1635 expressit.

114 1663 177 1733 strio
202 1658 325 1733 sactum
351 1667 411 1734 est,
447 1667 481 1721 ut
506 1661 656 1722 editorum
689 1663 877 1722 nouellorum
909 1664 1155 1736 encopitamentu
1182 1679 1245 1738 pro
1277 1664 1405 1738 antiqua

11 1803 12 1814 .
111 1765 226 1824 codicis
248 1763 446 1838 manuscripti
466 1762 675 1838 Bonpursinni
693 1765 820 1824 lectione
839 1765 1015 1839 plerumque
1036 1763 1275 1823 venditarentur.

198 1867 289 1925 Hane
312 1865 444 1925 Bretdlii
462 1872 490 1924 et
513 1864 696 1938 Gotltosredi
720 1863 939 1940 collectionem,
969 1881 1150 1940 prtumpuam
1174 1872 1299 1940 ‚reperto
1326 1867 1405 1925 libro

112 1970 318 2043 manuscripto
338 1969 414 2027 satis
435 1974 550 2028 uetusto
571 1963 672 2027 maior
692 1970 723 2026 ei
742 1970 773 2026 in
791 1976 946 2042 posterum
965 1969 1041 2038 fides
1055 1969 1114 2026 erit
1127 1966 1283 2044 natendo,
1306 1975 1405 2028 tamen

113 2075 212 2131 denuo
235 2071 314 2147 typis
334 2067 507 2130 describere
527 2071 618 2143 nolui,
642 2067 717 2144 quia
733 2067 861 2129 Areuali
874 2067 1008 2129 editione
1030 2067 1191 2144 aMipneo
1213 2087 1311 2146 nuper
1325 2085 1406 2129 anno

116 2179 193 2231 tiso
218 2175 250 2232 iu
272 2172 469 2248 patrolopine
495 2179 564 2231 tom.
594 2169 771 2230 LXXXIII
801 2169 931 2246 repetita
957 2169 1033 2232 satis
1061 2170 1221 2246 diaulputa
1247 2179 1301 2231 est.
1346 2171 1408 2233 Sed

112 2273 231 2336 culicis
258 2271 421 2348 diliperuer
447 2276 570 2334 monesi
594 2271 770 2350 scripturae
802 2275 846 2332 nd
873 2271 1054 2346 Gothosredi
1079 2271 1238 2333 editionem
1266 2275 1404 2347 alteram,

113 2393 193 2452 puae
214 2391 244 2435 a.
270 2380 346 2434 1602
368 2375 399 2434 S.
425 2373 567 2436 Geramsii
590 2377 758 2450 (oeneuae)
775 2370 949 2456 prodiit*),
972 2377 1113 2435 conlatae
1136 2372 1317 2435 uarietatem
1333 2377 1405 2436 ure-

114 2477 180 2538 uali
192 2475 326 2538 muneris
340 2479 487 2554 adpositis
501 2479 656 2539 doctorum
666 2480 803 2538 uiromrm
818 2475 981 2538 memoriae
995 2479 1079 2538 trudi
1092 2479 1294 2538 necessarium
1311 2477 1391 2539 duni
1398 2501 1407 2537 :

201 2629 233 2690 Ρ.
257 2627 297 2690 to
327 2630 466 2702 Gotlrosr.
494 2629 507 2689 1
539 2629 611 2690 lutei
635 2628 774 2710 pollicere
794 2627 798 2710 Ι
818 2628 987 2709 pollieinrur
1006 2625 1010 2709 Ι
1029 2627 1051 2690 4
1073 2638 1103 2690 et
1125 2627 1201 2690 iusta
1224 2639 1378 2710 correptae
1402 2631 1405 2710 Ι

114 2731 134 2792 6
158 2729 298 2808 inteliegi.
320 2730 366 2792 sie
387 2749 504 2808 semper
521 2727 527 2814 Ι
547 2729 565 2792 t
589 2749 675 2811 asper
698 2730 733 2790 ad
757 2738 873 2810 tempus
891 2730 897 2810 Ι
916 2728 936 2792 8
958 2729 1057 2791 hiemo
1078 2731 1240 2792 inturniscit
1258 2727 1263 2815 Ι
1518 2729 1520 2732 ’

200 2853 230 2914 p.
253 2831 307 2905 80,
336 2831 356 2895 8
379 2832 534 2913 conpletur
559 2832 563 2915 Ι
590 2829 630 2894 12
652 2842 734 2894 caret
756 2834 855 2894 merui
875 2839 879 2908 Ι
898 2842 1014 2895 retenet
1032 2831 1038 2914 Ι
1059 2830 1098 2893 14
1120 2833 1198 2912 quod
1222 2832 1406 2895 demonstra-

117 2955 196 3006 mus,
227 2936 264 2997 de
284 2954 363 2998 eras.
389 2935 394 3018 Ι
419 2937 520 3015 sepius
545 2931 550 3016 Ι
577 2931 616 2998 15
643 2933 823 3016 locupletum
846 2932 1044 3017 opuleut'prm
1076 2933 1162 3014 (suit.·
1184 2935 1375 3015 opulentiam)
1402 2946 1406 3031 Ι

116 3035 287 3120 tamquam}

201 3161 229 3220 p.
246 3137 296 3206 91.
321 3137 361 3201 16
376 3139 538 3209 hominum,
561 3139 672 3199 urinum
688 3143 719 3200 in
734 3157 797 3202 ras.
818 3136 822 3220 Ι
845 3135 883 3201 19
899 3157 1058 3217 nunrquanr
1079 3137 1083 3220 Ι
1103 3135 1145 3200 20
1159 3155 1246 3216 greca
1267 3138 1272 3219 Ι
1292 3139 1406 3225 discen·

118 3244 160 3302 dit
178 3239 183 3326 Ι
202 3229 287 3304 cadet
306 3245 310 3318 Ι
330 3241 476 3303 discendit
499 3237 505 3320 Ι
529 3239 650 3319 inpulsu
675 3237 680 3322 Ι
706 3251 808 3312 uentu,
829 3259 911 3303 corr.
936 3243 1016 3301 trunti
1035 3239 1040 3321 Ι
1061 3239 1199 3302 lacrimae
1218 3235 1224 3324 Ι
1244 3240 1376 3320 Nymbus
1400 3237 1405 3322 Ι

118 3348 246 3424 erumpit
267 3345 414 3425 uaiiquam
437 3345 508 3432 (sie)
528 3341 533 3424 Ι
553 3341 627 3403 caeli
646 3340 651 3426 Ι
670 3339 709 3403 21
733 3345 840 3404 sentiat
859 3341 864 3423 Ι
883 3339 925 3403 22
947 3343 985 3423 qd
1002 3351 1081 3420 terga
1103 3341 1108 3424 Ι
1126 3341 1168 3404 23
1190 3343 1375 3422 conpositum
1400 3340 1405 3424 Ι

117 3461 157 3526 25
178 3460 371 3545 οοηιίιιοΙΙΙῑιιτ
389 3459 395 3546 Ι
414 3459 455 3523 26
477 3435 525 3524 (1Ιί
545 3460 549 3543 Ι
568 3459 609 3523 tt
633 3462 776 3524 facundae
796 3460 800 3542 Ι
820 3461 1037 3552 ουῐηιεῑὶᾳυειη
1057 3461 1062 3544 Ι
1081 3457 1122 3523 28
1145 3462 1314 3540 accipemus
1334 3459 1338 3541 Ι

11 3637 14 3650 ,
200 3603 229 3663 p.
252 3579 302 3652 92,
324 3579 367 3644 29
388 3600 464 3662 quae
487 3581 573 3660 longe
593 3577 598 3661 Ι
618 3584 747 3642 uisemus
766 3578 772 3662 Ι
791 3578 833 3643 30
855 3590 884 3642 et
897 3555 1023 3643 ¹¹¹saniam
1044 3577 1049 3662 Ι
1067 3575 1109 3643 32
1131 3588 1229 3640 rectae
1248 3577 1254 3662 Ι
1273 3578 1314 3642 33
1330 3580 1406 3642 duna

11 3711 12 3714 ¹
119 3686 155 3746 dir
173 3684 224 3762 (==
247 3684 312 3765 deo)
335 3683 443 3746 dantur
463 3682 468 3764 Ι
486 3680 529 3746 34
550 3692 649 3744 uestes
671 3682 872 3762 feminarum-l
892 3680 934 3744 35
956 3684 1093 3763 poenitus
1113 3679 1117 3763 Ι
1136 3679 1179 3744 36
1201 3682 1405 3762 conparatur*
1422 3690 1438 3751 ,ἶ

118 3785 157 3850 38
171 3787 220 3867 qui
236 3805 251 3847 a
265 3787 373 3848 ceteris
392 3781 398 3868 Ι
417 3787 599 3848 sinereteris
617 3781 623 3868 Ι
642 3781 684 3848 39
695 3784 862 3866 apheresim
883 3781 888 3853 Ι
907 3785 1049 3864 sincopen
1070 3783 1075 3864 Ι
1095 3785 1248 3865 apheresis
1267 3783 1272 3866 Ι
1292 3776 1392 3846 temue'

120 3897 161 3950 tes
179 3887 183 3968 Ι
204 3905 272 3949 rare
293 3896 399 3949 nantes
421 3906 475 3966 pro
498 3895 634 3949 natantes
653 3886 658 3970 Ι
676 3883 716 3947 41
740 3885 916 3967 reliquimur
935 3883 940 3968 Ι
959 3884 1000 3948 42
1024 3889 1193 3948 miserimus
1212 3887 1219 3967 Ι
1236 3883 1277 3948 43
1299 3887 1408 3948 dieitur

11 4023 12 4050 ι
120 3985 186 4070 qnffi
217 3991 273 4068 (=
294 3987 449 4070 quoniam)
478 3990 537 4052 oris
571 3991 654 4051 racio
680 3987 685 4072 Ι
710 3991 798 4051 etiam
832 3998 989 4071 praecatur
1014 3987 1019 4070 Ι
1043 3990 1164 4068 inperiti
1189 3987 1194 4069 Ι
1219 3989 1254 4050 ad
1285 4007 1408 4068 [rraeces

11 4115 12 4128 ¹
120 4088 315 4176 discendunt}

201 4213 229 4274 p.
256 4189 316 4286 193,
345 4191 386 4256 ts
413 4210 520 4271 segnes
544 4191 551 4276 Ι
572 4189 615 4256 52
637 4195 726 4256 etiam
758 4190 762 4276 Ι
791 4204 873 4272 post:
902 4163 1031 4256 iumenta
1060 4192 1202 4254 dicimus:
1231 4192 1370 4254 disiuntio
1401 4190 1405 4274 Ι

11 4287 12 4350 Ι
121 4309 160 4375 53
180 4315 230 4394 qui
255 4287 316 4376 ΙΙηο
335 4309 342 4395 Ι
359 4309 401 4375 55
423 4313 541 4379 desinet
558 4311 563 4395 Ι
582 4309 624 4375 56
647 4322 680 4375 ut
701 4332 769 4375 curn
793 4311 916 4394 exiierit,
940 4331 1006 4374 euru
1031 4314 1077 4373 exi
1100 4316 1131 4374 in
1154 4329 1215 4374 ras.
1235 4309 1240 4394 Ι
1258 4309 1299 4376 58
1321 4315 1406 4392 quasi

123 4417 303 4497 principium,
326 4433 409 4478 corr.
431 4416 559 4495 primum
579 4412 598 4500 Ι·

187 4701 213 4766 *Ι
229 4705 327 4754 Tertiae
345 4705 463 4755 editionis
481 4719 548 4755 anno
568 4707 633 4756 1622
656 4705 776 4756 Genenne
798 4715 899 4755 curatae
921 4704 966 4767 (ei.
984 4703 1057 4756 uem.
1075 4720 1102 4770 p.
1121 4706 1171 4756 274
1189 4715 1214 4754 et
1230 4705 1306 4768 451),
1329 4720 1404 4768 quarn

126 4775 243 4822 restinctae
263 4773 374 4822 similem
397 4773 477 4824 luisse
499 4775 650 4839 paginarum
676 4775 826 4840 appendicis
845 4775 941 4823 numeri
961 4786 985 4824 er
1003 4773 1053 4840 ipsi
1072 4773 1137 4823 tutso
1157 4770 1237 4839 positi
1255 4785 1405 4841 coarguunt,

127 4839 188 4887 nulla
204 4853 327 4908 poteram,
345 4842 462 4905 quamuis
480 4843 572 4910 rapide
591 4843 758 4908 inquirerem,
777 4843 866 4894 notitia
883 4843 965 4896 iuhu'b
