3316 5566
274 355 335 422 134
783 357 851 411 uus
870 357 1046 411 ANONYMA

273 546 447 628 semiplena.
493 547 571 608 llaec
595 564 663 626 pars
678 548 700 619 †
715 545 752 605 rle
775 547 912 608 nominee
935 547 1065 624 penitens
1088 549 1208 608 iuuenta
1233 554 1292 614 est,
1317 565 1354 607 ne
1378 547 1495 607 iteratio
1517 565 1563 606 no-

273 651 361 710 minis
383 647 533 710 fastidium
563 657 692 716 crearet,
723 656 836 710 otest:
867 647 1016 710 laudate
1045 647 1232 709 dominum
1261 647 1303 708 ile
1333 648 1466 717 caelis,
1494 646 1563 706 lau·

273 753 357 814 elate
389 770 468 812 eum
500 751 535 810 in
566 747 736 810 excelsis
781 749 813 810 ln
837 751 1042 830 conpositione
1070 767 1142 827 ergo
1172 750 1259 810 lruius
1282 751 1373 829 partis
1396 748 1563 816 ostenditur,

273 854 351 935 quod
374 853 473 915 olircio
496 851 625 915 nominis
648 850 794 929 iungitur:
818 853 857 912 ita
880 852 959 914 enirn
983 852 1124 914 (licuntur
1140 851 1196 912 lrae
1212 851 1286 912 rlrrae
1302 860 1404 932 partes
1420 851 1564 917 orationis,

273 957 349 1018 irlest
372 974 479 1016 nomen
504 961 533 1014 et
556 971 734 1033 pronomen,
764 954 841 1014 sicut
862 961 983 1014 curator
1006 961 1035 1013 et
1057 960 1242 1034 procurator,
1266 952 1369 1014 consul
1393 961 1424 1014 et
1446 966 1586 1032 pronon-s

274 1055 335 1128 sul,
364 1063 513 1135 pugnator
541 1064 570 1116 et
592 1061 804 1136 propugnator.
850 1055 932 1117 Sicut
961 1057 1038 1116 euim
1071 1073 1253 1135 praenomen
1281 1055 1400 1124 dicitur,
1430 1073 1466 1114 eo
1494 1052 1566 1130 qood

276 1159 386 1220 nomini
410 1159 613 1238 praeponitur,
637 1159 678 1218 ita
701 1173 865 1236 pronomen
891 1157 1072 1237 appellatur,
1096 1175 1132 1216 eo
1155 1156 1233 1235 quorl
1257 1159 1371 1218 nomini
1394 1155 1567 1234 subponitur

276 1261 325 1322 trel
348 1261 545 1340 postponitur.
591 1259 655 1320 Non
685 1260 763 1320 enirn
792 1260 922 1320 nascitur
952 1258 1026 1318 haec
1056 1257 1221 1338 eloquutio,
1252 1259 1308 1319 lroc
1331 1266 1376 1318 est
1398 1274 1566 1336 pronomen,

276 1363 332 1423 nisi
349 1371 418 1422 ante
435 1362 598 1442 praemisso
615 1361 750 1430 nornine,
774 1369 805 1420 ot
827 1370 887 1421 est:
903 1360 1056 1437 ‘Virgilius
1071 1361 1192 1439 scripsit
1208 1358 1355 1427 Bucolica,
1373 1360 1438 1438 ipse
1453 1359 1568 1437 scripsit

277 1465 444 1542 Georgica’.
489 1462 561 1523 ltenr
587 1461 742 1550 Flaccup
770 1461 854 1523 dicit:
889 1463 1050 1524 uidimus
1078 1481 1119 1522 ex
1148 1459 1329 1522 llehraeis
1352 1462 1471 1522 uirum
1497 1458 1600 1519 ele-n

275 1575 419 1643 garriam
443 1572 479 1625 et
501 1563 673 1626 admirati
696 1581 775 1624 cum
799 1581 922 1624 surmus
944 1573 1053 1641 atque
1076 1561 1245 1643 amplexi.
1289 1561 1352 1623 Non
1370 1563 1449 1623 eninr
1468 1565 1568 1623 iterum

277 1667 354 1728 ‹lixit
383 1668 499 1728 ‘uirum
529 1665 694 1735 admirati’,
730 1665 780 1725 sed
810 1669 925 1726 ‘eum’.
971 1665 1043 1726 ltrrn
1072 1663 1252 1743 Virgilius
1279 1665 1377 1726 Maro
1411 1677 1569 1744 pronomen

277 1769 421 1838 ‹tetiniuit,
445 1785 512 1829 curn
529 1768 618 1828 riirit:
643 1784 848 1846 pronomen
872 1775 928 1828 est
952 1765 1298 1828 subministratoria
1323 1783 1411 1844 pars
1432 1767 1569 1826 oratio-

276 1873 346 1940 nis,
370 1888 462 1950 quae
485 1868 632 1948 qrririem
656 1869 794 1946 alasque
817 1870 979 1930 nominis
1002 1868 1242 1931 amminiculo
1259 1867 1571 1929 iniirmauidctur

276 1991 370 2039 esse,
401 1971 463 2032 serl
493 1967 817 2052 nonreulli.ll3lll
840 1969 944 2031 illius
973 1969 1031 2030 uel
1061 1970 1214 2031 maxime
1243 1978 1326 2047 eget
1348 1968 1602 2030 adiumentum

276 2076 489 2136 Cur'autem
514 2091 717 2152 pronomen
734 2072 887 2134 uerbum
904 2070 1113 2152 praecedit,
1138 2090 1215 2133 curn
1240 2069 1393 2133 uerlrum
1417 2072 1570 2132 omniun

177 2201 180 2208 ¹
276 2177 440 2256 partium
478 2176 670 2253 egregium
708 2175 769 2243 sit,
807 2175 915 2236 cuius
960 2172 1244 2252 dispensatione
1288 2181 1398 2252 atque
1435 2172 1571 2234 iudicio

278 2279 399 2338 orrrnis
422 2276 644 2336 Latinitatis
666 2281 790 2336 status
813 2276 1026 2355 perficitur
1049 2283 1087 2335 et
1108 2283 1281 2346 ornatur,
1306 2293 1410 2354 quarn
1434 2274 1572 2355 princi·

277 2378 394 2458 palem
419 2385 561 2456 partem
584 2378 771 2438 orationis
793 2376 918 2437 cuncti
941 2377 1135 2440 astruunt?
1166 2375 1360 2438 Namlicet
1383 2377 1419 2436 in
1443 2376 1572 2438 aritine

278 2498 453 2560 praeesse
483 2495 612 2540 nomen
645 2478 835 2548 eliminat,
868 2485 988 2540 tamen
1022 2480 1061 2538 in
1092 2479 1285 2558 positione
1313 2479 1603 2556 quaestionume

278 2581 530 2662 principatum
576 2587 693 2646 tenet,
739 2581 798 2640 cui
835 2579 1155 2641 arlrrerhiorurn
1193 2580 1573 2658 coniunctionumque

278 2683 420 2762 agmina
452 2699 559 2741 omne
590 2682 649 2741 ius
676 2698 779 2742 suum
810 2681 1005 2744 dederunt.
1052 2681 1123 2742 llac
1152 2699 1239 2758 ergo
1270 2681 1418 2741 ratione
1442 2698 1573 2759 prono·

279 2803 356 2845 men
380 2803 395 2842 a
421 2784 567 2842 nomine
591 2801 797 2844 secernere
821 2781 1038 2852 noluerunt,
1068 2785 1172 2844 sicut
1195 2801 1260 2842 nec
1283 2782 1411 2843 socius
1432 2780 1490 2842 uel
1514 2779 1572 2840 rni-

279 2889 401 2948 nistcr
436 2905 451 2945 a
483 2901 573 2962 rege
607 2883 664 2945 uel
699 2885 872 2964 principe
907 2886 1131 2946 secernitur.
1183 2885 1344 2956 Quaeritur
1377 2901 1463 2962 ergo:
1502 2885 1574 2942 inter

279 3090 381 3151 luter
404 3107 610 3168 pronomen
633 3097 753 3149 autem
770 3087 1034 3148 etnomenlroc
1056 3089 1237 3156 interest,
1261 3087 1355 3167 quod
1379 3103 1573 3167 pronomen

279 3191 551 3270 conparatione
581 3207 713 3250 carens
742 3207 938 3269 personam
967 3188 1093 3260 habet,
1123 3199 1162 3250 ut
1184 3207 1251 3268 ego
1280 3201 1316 3251 tu
1338 3187 1420 3258 ille,
1449 3205 1572 3250 nonren

279 3301 397 3352 autern
429 3309 592 3369 persona
615 3290 758 3352 abiecta
782 3293 1092 3369 conparationem
1121 3293 1297 3370 recipiat,
1327 3299 1365 3352 ut
1388 3309 1498 3352 carus
1518 3308 1573 3350 ca·

279 3397 361 3455 rior
383 3393 614 3453 carissimus.
652 3392 733 3453 Vnde
753 3391 929 3454 Claudius
951 3393 980 3452 in
998 3391 1169 3454 rleiinitione
1185 3395 1315 3454 noruiois
1331 3393 1420 3454 dixit:
1444 3391 1573 3454 Nomen

184 3569 186 3576 y
279 3503 334 3556 est
357 3513 443 3575 pars
465 3493 650 3555 orationis
673 3512 751 3555 cunr
776 3512 860 3554 casu
884 3503 920 3552 et
942 3485 1229 3576 significatione
1251 3496 1331 3555 siue
1352 3503 1521 3574 tempore
1543 3499 1607 3556 eto

280 3615 450 3678 persona.
489 3595 691 3656 ‘Pronomiois
713 3603 810 3656 autern
834 3596 988 3675 proprium
1012 3597 1077 3668 est’,
1101 3597 1179 3656 sicut
1201 3597 1421 3657 Priscianus
1443 3593 1574 3660 ostendit.
1649 3663 1650 3666 ,

279 3703 346 3779 ‘pro
369 3698 467 3775 aliquo
490 3697 611 3777 proprio
635 3698 755 3758 nomine
777 3697 845 3777 poni
870 3705 899 3756 et
915 3702 1011 3756 certas
1027 3697 1193 3774 signiticare
1210 3699 1373 3777 porsouas’.
1408 3695 1575 3757 Prononrini

280 3807 353 3878 quot
375 3799 531 3860 accidunt?
562 3798 629 3859 Sex.
654 3797 753 3870 Quae?
782 3797 914 3869 Qualitas
936 3815 1031 3876 genus
1054 3815 1195 3860 numerus
1218 3801 1310 3880 ligura
1335 3817 1460 3878 persona
1484 3814 1573 3858 casus.

280 3007 387 3048 nomen
418 2996 448 3048 et
476 3004 639 3064 pronomen
668 2985 739 3065 quiri
773 2986 918 3046 interest?
956 2985 1138 3064 Virgilius
1169 2986 1267 3047 lilaro
1301 2985 1431 3047 ostendit
1461 2985 1604 3045 dicensze

1649 3551 1650 3614 l

1649 3617 1650 3656 ι

1649 3671 1650 3710 ι

1649 3725 1650 3776 l

1649 3785 1650 3840 l

1649 3989 1650 4016 l

280 3969 515 3980 ...-...-.---.-.....-

349 4090 362 4137 l
381 4086 413 4136 ‹le
432 4087 550 4136 nominoe
568 4082 695 4153 pendens]
716 4087 758 4137 An
776 4089 854 4135 latet:
876 4085 909 4135 rle
927 4087 1062 4135 ‘nomine’
1081 4095 1106 4136 ct
1123 4091 1192 4151 ‘pro’
1211 4085 1279 4134 dieta
1297 4085 1354 4134 idco
1367 4087 1418 4141 -i
1487 4084 1574 4136 iretis
1649 4105 1650 4122 ι

279 4155 396 4208 tellicio
450 4154 512 4210 hoec
529 4155 579 4205 due
631 4157 763 4204 orationes
814 4155 950 4204 ecuratur
1003 4163 1152 4218 procuretur
1202 4154 1361 4218 iipugnutur
1405 4163 1576 4220 propugnatur
1649 4149 1650 4186 i

349 4221 518 4291 praenomen]
539 4236 680 4288 pronomen
749 4221 895 4272 'inomiuis
947 4221 1058 4272 nominis
1132 4221 1278 4273 eborones
1350 4224 1380 4272 10
1399 4223 1480 4272 ebreis
1548 4221 1575 4268 li
1649 4207 1650 4288 l

281 4292 408 4356 Virgilius
427 4287 510 4356 Maro]
531 4291 589 4342 Nou
606 4297 680 4342 extat
698 4289 738 4339 iric
756 4293 825 4338 locate
843 4289 914 4352 apud
932 4290 1027 4340 Maium
1045 4305 1126 4356 ireque
1143 4291 1170 4339 in
1187 4291 1302 4355 epistulis
1320 4305 1401 4355 ireque
1418 4295 1444 4340 in
1457 4291 1574 4354 epitomis.
1649 4289 1650 4334 1

281 4363 313 4411 16
332 4359 382 4410 Gur
400 4357 496 4424 autem]
515 4361 550 4422 cs.
574 4359 676 4424 Virgilii
695 4357 805 4422 Epitom.
825 4357 869 4406 IX
884 4374 911 4420 p.
930 4360 982 4408 137
1000 4357 1078 4407 Maii:
1111 4355 1181 4407 Nunc
1205 4357 1274 4406 aliod
1292 4358 1451 4419 quaestionis
1468 4356 1576 4408 imminet
1649 4347 1650 4426 l

281 4444 373 4494 genus,
391 4443 436 4476 cur
453 4429 528 4477 etiarn
547 4441 688 4493 pronomen
709 4425 811 4474 acerbum
832 4425 972 4490 praecedit,
991 4441 1047 4474 cunr
1069 4427 1171 4474 uectium
1192 4425 1303 4474 omnium
1321 4425 1432 4491 partium
1451 4426 1575 4491 egregium

281 4498 323 4546 sit.
360 4496 430 4557 Quae
447 4501 577 4558 secuntur,
593 4511 648 4546 eum
665 4495 712 4544 loc
730 4497 786 4544 loco
803 4494 899 4542 nonime
917 4495 1084 4547 consentiunt.
1154 4494 1272 4559 precedet
1341 4495 1371 4543 17
1390 4495 1474 4556 adque
1491 4492 1575 4542 inditio
1649 4529 1650 4532 ,

283 4566 315 4615 18
332 4575 427 4612 stratus
497 4566 530 4614 20
547 4564 711 4626 questionum
780 4563 812 4610 22
831 4562 947 4610 iussuunr
1000 4561 1097 4611 dedunt
1164 4563 1197 4613 ‘23
1215 4561 1297 4611 sotius
1369 4563 1402 4612 24
1421 4573 1546 4613 seoraatur
1649 4565 1650 4612 i

282 4633 395 4693 errentur
479 4635 512 4683 25
532 4631 656 4696 Virgilius
674 4626 758 4696 Maro]
778 4630 854 4679 Hunc
872 4631 950 4680 locum
967 4631 1039 4692 apud
1055 4629 1151 4678 llloiuur
1170 4645 1219 4679 non
1236 4631 1322 4679 terreni
1328 4665 1335 4688 ,
1353 4631 1403 4680 oiri
1416 4633 1487 4694 forte
1503 4647 1530 4694 p.
1547 4629 1576 4676 29
1649 4615 1650 4692 l

282 4699 373 4748 nerle:
402 4714 460 4748 curn
484 4713 624 4766 pronomen
647 4697 862 4763 comparationem
891 4695 983 4746 lrauere
1006 4712 1055 4746 uon
1075 4699 1160 4762 possit
1176 4698 1224 4746 llaec
1241 4697 1380 4759 reserenda
1397 4706 1464 4751 ιιιιιι,
1547 4695 1575 4744 ii
1649 4695 1650 4750 l

284 4779 375 4814 nomeu
394 4779 439 4814 eric
506 4768 539 4816 ‘29
558 4763 695 4831 Claudius]
716 4765 774 4816 Non
791 4772 866 4815 extol
883 4767 905 4815 ia
922 4768 992 4815 locus
1010 4767 1036 4814 iu
1054 4767 1165 4816 editione
1187 4764 1383 4818 Vindobnnerrsi.
1464 4767 1495 4816 at
1514 4764 1575 4814 Pris-
1649 4753 1650 4828 l

283 4830 632 4898 cianus]rs.1p.55,13
684 4833 799 4884 statice
855 4834 888 4882 33
906 4833 974 4894 quod
992 4833 1115 4882 accedunt
1166 4848 1248 4898 genus
1267 4847 1349 4897 georas
