3346 5558
294 251 396 302 CCLVI
697 239 747 289 DE
766 237 916 290 tumulto
936 237 1188 290 GRAMMATICO.

294 445 380 498 num,
408 435 440 488 nt
469 424 598 488 ‘amandi
628 425 754 486 amando
781 424 938 487 amandum
967 435 1096 488 amatum
1126 431 1248 491 amatu’.
1276 431 1306 485 et
1331 423 1400 486 ideo
1421 425 1599 487 Phoenices

295 528 435 591 dixerunt
457 527 517 590 llll.

380 731 392 816 Η
410 734 429 794 l.
446 729 515 814 9?ss
538 731 573 792 Vt
601 731 770 794 isidorus
798 732 885 794 dicit:
914 730 1085 810 Cognomen
1113 735 1197 810 quasi
1227 730 1360 794 naturale
1391 750 1499 793 nomen
1531 743 1597 798 est:

293 835 332 897 ah
362 834 483 898 infantia
512 837 592 896 eninr
621 834 728 913 aliquis
755 837 864 914 accipit
886 832 974 902 illud,
1004 833 1098 915 quod,
1127 835 1153 894 si
1176 834 1240 895 aliis
1262 832 1421 914 speciebus
1443 838 1597 904 caruerit,

293 955 453 1018 numquam
476 943 575 998 nmen
600 938 778 1015 cognomine
801 935 923 1036 ca'rehit
1610 951 1623 988 ⁵

379 1138 393 1224 ll
409 1141 429 1206 i.
449 1137 507 1202 10·
522 1137 534 1222 fl
549 1139 627 1212 Quot
649 1139 747 1202 modis
768 1141 914 1220 accipitur
937 1141 1103 1218 agnomen?
1146 1139 1257 1203 Tribus
1286 1142 1398 1212 modis,
1427 1141 1465 1202 ab
1487 1145 1599 1203 animo

293 1261 459 1324 a1corpore
482 1244 677 1311 extrinsecus,
700 1241 819 1304 additur
841 1243 924 1322 quasi
948 1241 1096 1303 accidens.
1134 1241 1169 1303 vt
1191 1241 1361 1306 isidorus
1383 1243 1466 1305 dicit:
1490 1245 1599 1324 Agno-

295 1363 362 1406 men
396 1363 470 1406 uero
504 1346 588 1423 quasi
616 1344 755 1406 accidens
789 1362 913 1412 nomeu,
945 1353 977 1404 ut
1007 1341 1177 1414 ‘Creticus’,
1213 1349 1282 1426 quia
1311 1345 1427 1406 Cretam
1456 1345 1595 1425 subegit.

293 1446 403 1508 Tribus
431 1464 503 1508 uero
533 1445 751 1526 principalibus
779 1446 874 1507 modis
897 1447 1054 1525 recipitur,
1078 1445 1115 1508 eh
1141 1449 1258 1517 auimo,
1284 1454 1316 1508 ut
1338 1446 1487 1510 ‘Achates’
1508 1449 1597 1508 idest

295 1551 515 1628 magnanimum
537 1568 553 1610 a
575 1566 719 1628 corpore,
742 1557 775 1610 ut
788 1547 954 1610 ‘Excelsus'
977 1557 1027 1610 aut
1043 1547 1194 1620 ‘eruunt
1216 1548 1293 1610 idest
1315 1548 1447 1624 †ciclos;
1471 1553 1637 1611 eruin-10

299 1670 385 1713 secus
407 1658 440 1713 ut
462 1651 575 1714 ‘Diues’
599 1650 749 1732 ‘Pauper’.
787 1679 791 1688 ⁴

378 1853 392 1940 ΙΙ
408 1857 428 1919 i.
447 1853 506 1918 12·
522 1855 533 1940 ΙΙ
550 1856 728 1926 Sciendum,
752 1864 851 1917 utrum
876 1857 995 1918 nomina
1019 1863 1234 1936 conparantur,
1258 1873 1294 1916 an
1318 1864 1487 1925 creaturae.
1509 1875 1596 1936 quae

292 1960 533 2022 demonstrantur
555 1977 608 2039 per
632 1959 770 2021 nomina?
807 1958 878 2019 Sine
894 1957 984 2019 dubio
999 1966 1153 2019 creaturae
1170 1966 1369 2036 conparantur
1383 1977 1439 2038 per
1454 1959 1593 2034 nomina,

292 2073 324 2124 ut
345 2061 516 2125 isidorus
545 2061 632 2122 dicit:
662 2061 840 2142 Conparatio
863 2068 907 2121 est
929 2079 1036 2126 nomen
1060 2061 1168 2121 mentis
1189 2062 1381 2139 conparentis
1401 2059 1596 2140 praecellens

292 2167 322 2225 in
346 2166 505 2234 creaturis,
529 2181 585 2224 nec
607 2165 743 2233 nomina,
767 2161 818 2223 sed
842 2168 994 2224 creaturas
1016 2181 1070 2242 per
1092 2165 1212 2224 nomina
1235 2178 1442 2242 conparamus.
1608 2176 1634 2216 1⁵

378 2365 391 2451 ll
406 2367 425 2429 i.
446 2364 532 2450 12³1!
554 2367 657 2428 Vtrum
679 2373 878 2446 conparantur
901 2367 1001 2428 omnia
1025 2368 1145 2429 nomina
1172 2367 1319 2448 qualitatis
1341 2377 1372 2429 et
1394 2369 1596 2449 quantitatis?

292 2471 370 2542 Non,
394 2478 426 2531 ut
447 2470 618 2532 isidorus
641 2469 722 2530 dicit:
747 2469 811 2531 Non
834 2469 932 2530 omnia
956 2471 1075 2530 nomina
1098 2468 1248 2549 qualitatis
1270 2479 1299 2531 et
1321 2471 1492 2550 quantitatis
1513 2489 1593 2533 con-

293 2581 445 2653 parantur,
469 2573 520 2634 sed
544 2589 619 2651 quae
642 2578 853 2650 conparantur,
878 2567 1048 2648 qualitatem
1071 2579 1121 2632 aut
1142 2573 1337 2652 quantitatem
1360 2574 1535 2651 significent.

377 2773 389 2860 ll
407 2778 426 2838 i.
445 2773 503 2840 15·
518 2774 530 2860 ΙΙ
552 2776 634 2837 Vnde
663 2784 692 2837 et
720 2793 806 2838 casus
834 2793 851 2836 a
879 2773 1011 2836 cadendo
1044 2775 1198 2846 dicuntur,
1234 2784 1266 2838 ut
1294 2777 1462 2838 isidorus
1495 2776 1589 2839 dicit:

291 2878 381 2941 Casus
413 2878 499 2941 llexie
532 2897 586 2959 per
616 2878 716 2940 uarias
742 2875 898 2956 qualitates
926 2877 1097 2939 nominandi
1125 2879 1260 2958 corporis
1286 2877 1334 2940 uel
1361 2881 1423 2949 rei,
1459 2877 1538 2940 unde
1571 2889 1633 2941 aff0

292 2981 426 3044 cadendo
453 2999 538 3043 casus
566 2979 635 3042 dicti
663 2985 746 3052 sunt,
782 2978 830 3041 uel
860 2978 937 3058 quod
965 2967 1196 3062 unumqhodque
1225 3000 1331 3043 nomeu
1360 2981 1439 3042 cadit
1466 2981 1503 3042 de
1530 2999 1590 3042 suo

291 3092 369 3145 statu
394 3086 425 3146 in
448 3083 575 3144 altorum
598 3091 721 3152 statum,
745 3081 838 3143 ueluti
862 3089 907 3142 est
929 3082 1046 3144 ‘doctus
1067 3081 1169 3144 docti’.

358 3279 461 3374 1⁸d1⁸m
513 3316 647 3388 phenices]
666 3320 700 3384 cs.
717 3321 774 3372 cad.
794 3319 873 3370 Bern.
894 3319 984 3383 iiis.
1004 3319 1050 3370 il:
1086 3319 1153 3380 Quid
1174 3319 1234 3371 iecit
1255 3319 1396 3371 Donatus
1414 3321 1446 3370 dc
1464 3333 1590 3384 quattuor

291 3391 406 3456 pertibus
424 3405 488 3453 quse
505 3388 658 3458 addiderant
675 3388 812 3454 phenices?
847 3387 987 3438 Articulum
1005 3388 1105 3439 iuncxit
1122 3389 1279 3454 pronomini,
1298 3391 1359 3452 quin
1376 3405 1516 3456 pronomen
1535 3403 1587 3450 est.

291 3458 479 3525 iupersonalem
497 3459 595 3508 iuncxit
612 3456 703 3516 uerbo,
727 3457 788 3520 quia
805 3468 888 3506 actum
912 3455 1058 3520 significem
1080 3456 1253 3522 inpersonalia
1272 3457 1363 3516 uerbo,
1387 3457 1542 3508 infinitiuum
1562 3470 1590 3509 et

291 3525 397 3592 gerendi
414 3527 519 3576 modum
538 3526 596 3575 ideo
614 3524 691 3575 uerbo
710 3523 819 3583 iuncxit,
839 3523 908 3587 quod
920 3525 1046 3574 actionem
1064 3535 1089 3575 et
1106 3526 1254 3590 passionom
1273 3525 1367 3576 hahent
1384 3535 1409 3575 et
1426 3536 1541 3592 tempora
1562 3539 1588 3577 et

291 3629 382 3680 modos
468 3629 614 3690 houquam
683 3626 760 3689 8qui
778 3637 871 3676 cretum
950 3629 983 3677 10
1000 3624 1186 3692 magnanimus
1246 3595 1363 3678 ddcelsus
1381 3635 1420 3677 'ut
1480 3630 1513 3678 14
1529 3629 1587 3693 isy-

290 3694 382 3764 dorus]
403 3696 486 3747 Eoetat
504 3698 529 3747 in
546 3703 605 3746 arta
622 3711 746 3758 anonyma
764 3694 893 3747 Berncnoi
908 3697 966 3746 cad.
986 3695 1047 3757 123,
1065 3712 1091 3760 p.
1111 3699 1157 3760 76,
1175 3698 1292 3802 Ῑῖιοιιιιὶἱο
1310 3697 1400 3748 addito
1418 3697 1515 3748 aoniae

292 3814 496 3894 praecellentiam
513 3830 559 3866 ars
576 3830 700 3881 anonyma
770 3815 801 3864 19
819 3813 939 3877 isydorus
1008 3815 1042 3864 20
1059 3829 1136 3864 cesus
1157 3813 1251 3880 ilqctip,
1269 3831 1338 3867 corr.
1357 3831 1388 3870 ιιι.
1407 3815 1441 3865 11
1508 3817 1538 3864 21
1561 3829 1588 3865 et

289 3900 306 3947 q
327 3883 527 3946 renumquodque

376 4054 433 4116 His
453 4055 553 4115 addas
574 4051 653 4115 artis
674 4071 843 4131 anonymae
864 4051 1031 4116 Beraensis
1050 4055 1131 4115 lacos
1152 4057 1268 4131 aliquot
1282 4071 1317 4130 p.
1335 4061 1383 4132 82,
1400 4062 1435 4126 2,·
1459 4061 1507 4124 86,
1527 4061 1586 4126 27,-

293 4165 362 4234 mo,
388 4164 437 4219 24.
