3352 5556
528 329 603 381 cvtt
622 331 826 382 tcxcnurrts
844 331 1016 384 tuantrts
1307 345 1413 394 ccxxr

98 527 183 577 sunt
212 519 295 578 tsttt’
332 517 420 578 Dico:
442 519 561 578 ‘Coreto
578 519 687 578 l'routo
709 525 739 577 et
755 519 948 580 seruandus?
986 519 1060 579 Dicit
1079 517 1165 578 mibi:
1189 519 1271 595 ‘quid
1289 519 1414 579 sciunti'

102 605 205 664 Dico:
230 604 351 663 ‘notarii
373 608 463 662 suut’
501 602 654 674 Quomodo
679 602 733 663 boc
756 606 872 664 sciunt?
910 605 993 664 Docti
1017 611 1096 663 snut.
1138 601 1210 662 Dum
1235 602 1300 662 dico
1323 605 1415 663 ‘docti

100 692 212 759 sunt’,
242 687 369 749 ostendo
396 707 448 748 eos
475 688 613 768 aequales
640 706 714 749 esse.
759 688 834 749 Dicit
862 688 950 749 milti:
984 687 1093 748 ‘nullus
1122 689 1227 748 melior
1254 687 1291 748 ab
1321 690 1413 748 istis?

101 774 208 834 Dico:
235 773 353 833 ‘doctus
376 783 420 834 est
442 773 557 842 Caerete,
582 774 697 833 doctior
716 773 826 834 Fronto
849 782 878 834 et
900 774 1086 834 doctissimus
1110 773 1304 834 Seruandus.'
1341 773 1415 834 Dum

69 860 180 922 adico
208 857 328 919 ‘doctus
350 861 416 926 est’,
439 859 563 920 ostendo
585 857 674 918 illum.
691 857 798 936 aliquid
823 859 914 927 scire;
939 859 1008 919 dutn
1032 858 1099 919 dico
1121 858 1269 925 ‘doctior',
1293 859 1415 919 ostendo

102 943 204 1004 illum
234 943 301 1024 plus
329 944 404 1004 scire
431 943 467 1003 de
498 943 601 1022 docto;
637 942 706 1002 dum
736 944 801 1004 dico
831 943 1054 1012 ‘doctissintns’,
1085 941 1209 1004 ostendo
1239 942 1320 1005 illum
1350 943 1417 1022 plus

101 1031 193 1090 scire
220 1029 257 1088 de
280 1028 366 1088 docto
388 1037 418 1088 et
439 1027 582 1089 doctiore.
628 1028 665 1088 Et
687 1035 758 1106 quot
780 1027 888 1106 gradus
911 1029 1029 1088 suntin
1059 1028 1286 1106 convocatione?
1330 1027 1414 1088 Tres

103 1115 192 1183 tini?
231 1113 379 1174 Positiuus
402 1115 611 1191 conparatiuus
635 1121 663 1172 et
685 1114 891 1192 superlationis.
927 1113 1113 1174 Tantundem
1138 1115 1195 1192 ipsi
1218 1113 1298 1174 tres?
1341 1115 1416 1192 Aput

103 1209 240 1260 ueteres
269 1197 434 1258 habebatur
462 1207 491 1258 et
518 1208 649 1276 quartus.
695 1197 848 1268 Quomodo
880 1197 1051 1258 dicebatur?
1096 1197 1289 1258 Praelatiuus.
1335 1197 1414 1268 Quo·

71 1322 86 1344 -.
104 1285 209 1344 modo
232 1282 378 1344 iaciebant
400 1285 494 1360 ipsam
517 1283 775 1362 conparationem?
821 1283 981 1350 Positiuns.
1010 1293 1043 1344 ut
1063 1283 1181 1352 doctus
1206 1286 1415 1362 conparatiuus

103 1379 172 1430 tam
201 1368 317 1442 doctus,
341 1369 521 1447 praelatiuus
543 1368 666 1437 doctior,
690 1367 887 1446 superlatiuus
910 1367 1106 1428 doctissimus.
1144 1367 1241 1439 Quare
1256 1368 1313 1428 boc
1329 1368 1415 1428 lacie-

104 1453 211 1514 bant?
256 1452 407 1513 Dicentes:
453 1454 673 1531 ‘unusquisqne
701 1461 842 1532 quantum
871 1453 935 1522 dat,
959 1461 1070 1514 tantum
1095 1452 1183 1513 debet
1206 1457 1324 1514 emere’
1348 1453 1415 1513 ideo

105 1539 249 1600 similem
274 1536 419 1598 iaciebant
442 1539 683 1617 conparationem
706 1538 847 1616 positiuo,
871 1539 1037 1598 nescientes
1059 1537 1135 1617 quod
1159 1537 1233 1598 illud
1257 1542 1339 1598 ‘tam'
1364 1537 1413 1598 ad·

105 1625 260 1686 aterbium
284 1631 329 1683 est
350 1624 546 1702 cooperantis,
570 1622 648 1702 quod
670 1621 760 1683 babet
782 1624 811 1682 iu
835 1641 867 1681 se
890 1624 1133 1700 significationem
1157 1624 1299 1698 augentis.
1339 1623 1413 1693 Quid

74 1713 155 1770 :.ibi
189 1707 358 1768 iaciebant?
403 1710 520 1768 Vitium.
565 1706 656 1778 Quale
678 1708 801 1767 uitium?
844 1707 1025 1783 Tautologia.
1071 1708 1145 1778 Quid
1171 1719 1216 1768 est
1237 1706 1415 1784 tautologia?

108 1794 262 1856 Eiusdem
286 1793 356 1853 dicti
379 1795 514 1872 repetitio
539 1795 652 1862 uitiosa,
680 1800 712 1852 ut
735 1795 875 1870 ‘egomet’
900 1795 1056 1870 ‘ipsemet'.
1103 1792 1256 1863 Quomodo
1276 1792 1416 1852 dicebaut

107 1881 266 1960 ‘egomet'
290 1879 458 1956 ‘ipsemet'?
495 1877 655 1957 Tamquam
679 1879 702 1937 si
726 1878 859 1938 dicerent
881 1883 948 1955 ‘ego
971 1883 1037 1956 ego’
1061 1879 1135 1957 ‘ipse
1159 1879 1244 1956 ipse’.
1285 1877 1320 1937 Et
1342 1896 1415 1957 quo·

108 1966 210 2026 trrodo
239 1963 379 2024 dicebaut
406 1965 476 2024 ‘tam
505 1963 622 2024 doctus’
652 1969 681 2021 et
703 1963 861 2023 ‘doctior’?
904 1963 1065 2042 Tamquam
1089 1963 1113 2022 si
1136 1962 1267 2022 dicerent
1288 1962 1415 2022 ‘doctior

107 2051 263 2111 Doctior’.

65 2308 77 2320 .
206 2251 221 2337 ΙΙ
238 2253 259 2314 1.
276 2249 331 2313 21³
347 2250 358 2336 ΙΙ
375 2252 588 2332 Conparatiuus
618 2251 727 2330 gradus
756 2253 802 2312 cui
825 2253 905 2312 casui
928 2253 1041 2312 seruit?
1084 2251 1220 2313 Ablatiuo
1242 2253 1306 2314 siue
1329 2271 1415 2332 prae·

108 2341 278 2420 positione.
323 2339 452 2399 Dicimus
475 2341 552 2398 enim
576 2337 703 2398 ‘doctior
725 2337 796 2398 illo'.
841 2336 1011 2425 Quomodo?
1050 2337 1123 2397 Puta
1146 2339 1170 2397 si
1193 2335 1288 2399 dicam
1313 2345 1414 2398 contra

146 2573 381 2612 stutttrvnttttts.

108 2636 179 2710 quid
208 2631 302 2688 snutt'
333 2633 394 2688 Dico
417 2632 472 2688 illi:
495 2630 608 2688 ‘Notarii
632 2629 718 2687 suut'.
762 2633 831 2687 Dicit
852 2631 930 2688 mibi:
953 2630 1107 2700 ‘Quomodo
1130 2632 1182 2689 boc
1203 2633 1323 2691 sciuntt’
1354 2633 1415 2690 Dico

109 2721 166 2776 illi:
200 2717 296 2774 ‘Docti
320 2716 404 2773 suut'
443 2717 508 2774 Dum
531 2719 591 2772 tliou
614 2715 699 2772 ‘docti
722 2715 814 2788 sunt’‚
843 2716 958 2772 ostendo
988 2716 1050 2773 illos
1078 2718 1206 2791 aequales
1234 2735 1303 2774 esse.
1348 2719 1415 2775 Dicit
1511 2743 1512 2748 ι

110 2805 199 2862 mitti:
225 2801 339 2859 ‘Tamen
362 2803 424 2876 quis
446 2802 543 2858 utelius
565 2801 598 2858 ob
622 2801 681 2856 istis
705 2801 757 2858 boc
779 2801 860 2857 scit?’
886 2801 1046 2876 Respoutlen
1062 2802 1118 2873 illi,
1141 2811 1221 2876 puta:
1243 2801 1356 2860 ‘Doctus
1372 2814 1416 2860 est

109 2895 196 2960 tiata,
221 2887 331 2944 doctior
353 2884 499 2961 Virgilius,
522 2887 698 2943 doctissimus
721 2886 864 2942 Donatus’.
910 2887 973 2942 Dum
990 2887 1051 2944 dico
1068 2886 1177 2944 ‘doctus
1192 2887 1283 2960 Cato'‚
1298 2888 1414 2946 ostendo

81 2977 195 3034 aiilntn
221 2973 324 3046 aliquid
346 2975 424 3029 scire.
469 2973 533 3028 Dum
557 2972 617 3027 dico
640 2969 765 3028 ‘doctior
787 2970 947 3044 Virgilius',
976 2973 1091 3028 ostendo
1120 2990 1180 3028 eum
1204 2973 1267 3048 plus
1289 2975 1359 3030 scire
1382 2975 1415 3029 do

108 3065 231 3116 tlatone
277 3059 340 3114 Dum
364 3059 425 3114 dico
449 3057 635 3114 ‘doctissimus
658 3056 801 3128 Donatus’,
825 3058 940 3112 ostendo
964 3075 1025 3114 eum
1049 3057 1109 3131 plus
1132 3059 1201 3114 scire
1222 3075 1235 3114 n
1253 3059 1365 3130 Virgilio
1388 3069 1415 3114 et

109 3147 271 3201 allatone.
310 3143 358 3201 14.
396 3143 429 3199 Et
450 3152 519 3218 quot
540 3141 640 3216 gradus
662 3150 727 3197 snut
749 3142 776 3197 in
799 3142 1020 3216 comparatione?
1057 3144 1132 3200 Tres.
1169 3142 1238 3210 Qui?
1275 3143 1413 3200 Positiuus

110 3231 324 3304 comparatione
347 3226 542 3302 superlatiuus.
572 3226 710 3282 Positiuus
733 3227 825 3300 plnres
849 3229 949 3283 iortnas
965 3227 1054 3284 babet.
1086 3227 1146 3284 Erit
1160 3230 1186 3284 itt
1210 3246 1241 3284 us
1264 3238 1294 3284 ut
1316 3229 1414 3285 doctus

110 3328 165 3372 etc.
205 3315 253 3370 16.
277 3311 472 3369 'Tantummodo
496 3314 547 3386 ipsi
572 3321 626 3366 tros
649 3314 718 3384 apud
743 3321 851 3368 ueteres
874 3311 1050 3368 trahebantur.
1086 3311 1118 3368 tn
1140 3323 1252 3388 quartus
1275 3315 1412 3388 quomodo

74 3399 281 3459 indicebatur?
303 3397 478 3454 Praelatinus.
522 3395 664 3465 Quomodo
688 3396 819 3453 iaciebant
841 3398 926 3470 ipsam
949 3399 1197 3472 comparationem?
1219 3399 1369 3471 Positiuus‚
1386 3408 1416 3455 ut

111 3490 237 3552 tloctus;
265 3485 484 3558 comparatione,
515 3491 566 3538 tam
596 3482 708 3546 doctum
737 3483 920 3555 praetutium,
950 3491 981 3537 ut
1002 3483 1122 3550 ‹loctior3
1153 3483 1355 3558 superlatiuus,
1385 3493 1416 3540 ut

111 3571 303 3628 doctissimus.
347 3569 434 3638 Quare
457 3569 509 3624 lroc
531 3569 567 3622 ita
597 3566 747 3622 iaciebant?
783 3567 919 3623 Dicentes:
964 3565 1172 3643 ‘uuusquisque
1200 3577 1329 3642 quantum
1359 3570 1415 3641 dat,

114 3667 226 3714 tantum
243 3654 324 3710 debet
339 3655 449 3710 emere'.
478 3653 541 3708 ideo
558 3650 691 3708 iaciebant
713 3655 926 3726 comparatinum
951 3654 1065 3709 similem
1089 3655 1227 3727 positiu03
1250 3657 1414 3726 nescientes,

114 3741 192 3816 quod
218 3739 283 3795 illud
307 3738 564 3794 ‘tam’atluerbinm
587 3739 865 3810 contemperantis,
888 3738 960 3812 quod
984 3739 1010 3793 in
1034 3755 1063 3794 se
1087 3739 1167 3796 habet
1189 3740 1414 3810 significationem

80 3827 248 3900 nongentis
306 3825 353 3879 17.
377 3821 444 3890 Quid
468 3821 504 3879 ibi
528 3821 680 3878 iaciebant?
703 3820 811 3880 Vitium.
835 3821 919 3889 Quale
943 3824 1057 3879 uitium?
1080 3821 1251 3898 tautologia.
1288 3825 1356 3894 Quid
1373 3837 1416 3882 est

118 3909 293 3983 tautologia?
315 3908 439 3964 Eiusdem
462 3908 526 3963 dicti
550 3907 677 3982 repetitio
700 3907 815 3979 uitiosa,
838 3918 869 3963 ut
892 3907 1013 3982 ‘egomet
1036 3908 1117 3982 ipse’.
1162 3910 1225 3966 Nam
1249 3912 1321 3984 quod
1344 3911 1415 3968 dice·

118 3997 183 4052 lunt
209 3993 276 4051 ‘tam
298 3993 407 4050 doctus'
432 4002 459 4050 et
481 3991 623 4063 ‘doctior'‚
647 4000 781 4065 tamqnam
805 3992 828 4048 si
850 3993 972 4050 dicerent
994 3990 1135 4050 ‘doctior’.

183 4079 227 4138 20
250 4079 382 4136 lolianus
402 4097 432 4150 p.
456 4083 505 4135 65.
531 4081 584 4133 66:
621 4077 826 4151 Comparatinus
853 4079 954 4151 gradus
982 4079 1023 4135 cui
1053 4081 1126 4135 casui
1150 4079 1254 4136 seruit?
1288 4080 1414 4137 Alilatiuo

120 4169 177 4222 sine
209 4167 426 4240 praepositione:
455 4165 570 4219 dicimus
597 4164 668 4218 enim
697 4161 815 4219 ‘Doctior
838 4162 907 4220 illo'.
950 4161 1093 4231 Quomodo
1116 4163 1235 4222 abiatiuo
1259 4167 1316 4222 sine
1339 4184 1415 4240 prae·

121 4381 234 4418 contcrs
252 4379 410 4417 sennensis
428 4365 476 4416 207
495 4377 644 4414 ventures.

190 4436 223 4485 lb
239 4445 341 4501 egomet
358 4435 414 4500 ipse
431 4433 535 4495 quaudo
553 4432 670 4481 dicebant
739 4433 771 4483 18
788 4431 883 4482 diceret

123 4641 232 4675 recitat
251 4639 363 4674 concors
381 4635 538 4671 seruauere
558 4622 606 4670 123
624 4635 771 4673 vastares.

188 4692 325 4755 Deqnales
394 4691 600 4741 bdecatomem
653 4691 833 4740 iuratorum
888 4689 1015 4754 positiuus
1034 4693 1216 4757 conparatione
1234 4693 1416 4760 superlatious.

122 4763 269 4811 untnndem
287 4763 338 4827 ipsi
357 4771 407 4810 tres
425 4759 494 4824 apud
513 4771 610 4808 ueteres
629 4757 768 4806 habebatur
824 4760 854 4806 10
874 4759 1010 4823 pietatibus
1082 4763 1112 4809 te
1131 4777 1196 4811 uuus
1215 4763 1274 4824 quis
1292 4777 1415 4825 quantum

124 4833 153 4882 13
170 4832 340 4897 ωιιριιιιιὶιιο
359 4827 441 4878 simile
512 4829 543 4878 lb
561 4836 683 4892 origentes
754 4827 784 4875 rt
803 4827 825 4874 si
844 4826 939 4876 diceret
1026 4827 1056 4878 18
1077 4829 1131 4881 d'ol.
1151 4833 1216 4881 119⁸
1233 4833 1414 4900 corporalibus
