3560 5574
435 345 628 399 averonns
647 345 817 398 nuourur
836 346 885 396 nn
904 346 1126 398 praecursu.
1367 345 1431 410 303

132 533 314 615 depingitur,
338 553 435 615 quam,
459 543 492 596 ut
514 533 582 596 alii
604 541 725 614 putant,
750 534 824 596 duas
847 552 913 596 esse
934 533 1049 596 litteras
1071 552 1087 594 c
1110 542 1139 596 et
1161 537 1186 605 i,
1210 533 1432 616 conglutinatae

131 642 230 698 autem
258 643 289 698 et
316 637 490 699 coniunctae
519 635 607 697 simul
635 634 710 698 alius
731 654 836 698 sonum
860 643 958 698 mutae
986 637 1084 698 lacere
1113 637 1237 714 scimus,
1267 656 1344 718 quae
1372 638 1432 700 duo

131 747 308 800 testamenta
332 739 487 816 significat.

217 841 240 901 E
262 839 377 902 uocalis
398 845 458 910 est,
482 841 566 902 ouius
588 839 682 918 llgura
706 849 806 920 typum
830 842 970 903 trinitatis
992 840 1130 902 ostendit.
1176 823 1353 903 Breuiantur
1375 841 1432 922 syl·

111 941 237 1018 clabae,
259 959 337 1020 (puae
358 943 501 1004 liniuntur
522 942 552 1002 ln
577 960 610 1016 e,
633 949 666 1001 ut
686 960 776 1022 saepe
799 950 829 1003 et
850 943 938 1004 hodic
954 951 983 1004 et
999 943 1204 1022 producuntur
1226 945 1256 1004 in
1279 942 1333 1005 alia
1359 943 1431 1006 lrora

133 1043 290 1115 aduerbia,
315 1061 397 1125 ‚quae
420 1045 563 1105 laniuntur
585 1043 616 1104 in
639 1063 671 1112 c,
702 1053 733 1106 ut
755 1043 841 1105 docte
869 1043 1010 1125 pulchre,
1040 1046 1125 1106 cuius
1146 1091 1295 1108 .....
1316 1044 1433 1108 duobus

136 1143 316 1226 ',t.106*ll
341 1143 477 1226 capitulis
499 1145 643 1224 liguratur
665 1153 695 1207 et
716 1163 775 1208 una
798 1145 913 1225 uirgnla
937 1147 1015 1234 inter
1038 1146 1110 1208 duas
1133 1145 1207 1208 illas.

218 1247 240 1308 F
262 1246 450 1309 semluocalis
472 1253 518 1308 est
538 1255 568 1308 et
589 1264 772 1317 consonans,
801 1249 888 1309 cuius
914 1247 1007 1326 ligura
1036 1248 1114 1310 binis
1142 1247 1268 1328 uirgulis
1297 1248 1432 1329 depingi·

135 1357 193 1417 tur,
224 1357 254 1409 et
279 1367 338 1412 nna
366 1355 447 1410 recta
475 1348 633 1411 deducitur
655 1348 692 1410 de
714 1349 812 1411 medio
841 1350 919 1419 eius,
949 1349 1056 1411 deinde
1085 1349 1194 1411 dicitur
1221 1348 1342 1429 triplex:
1371 1358 1433 1411 tres

101 1465 124 1503 ro
136 1447 217 1528 leges
238 1451 354 1530 llgurat.

218 1553 241 1614 G
265 1563 345 1614 muta
369 1561 413 1615 est
435 1561 465 1614 et
487 1569 667 1624 consonans,
691 1570 767 1631 quae
789 1553 866 1615 lianc
888 1553 986 1632 legem
1009 1552 1114 1622 babet,
1139 1562 1171 1614 ut
1192 1573 1281 1634 saepe
1303 1572 1433 1635 praeno·

137 1673 203 1715 rncu
225 1652 375 1736 subposita
400 1654 561 1734 significet,
585 1663 618 1715 ut
640 1654 664 1715 G
688 1653 780 1716 Gaius
796 1655 914 1717 Caesar.
952 1654 1034 1725 Quae
1050 1653 1164 1716 duabus
1178 1656 1306 1735 uirgulis
1321 1657 1431 1737 scripta

137 1755 194 1818 duo
221 1765 397 1819 testamnta
426 1757 587 1836 significat,
621 1773 698 1835 qnae
727 1756 841 1818 adiecta
868 1755 965 1817 uocali
1000 1765 1125 1836 utraque
1158 1764 1243 1837 parte
1272 1776 1431 1820 numerum

138 1856 279 1938 complet,
302 1866 336 1919 ut
357 1876 393 1938 ga
416 1859 493 1920 idest
516 1875 533 1918 o
554 1866 585 1919 et
606 1859 791 1938 praeposita,
815 1865 849 1919 nt
871 1875 908 1937 ag
930 1857 1009 1920 idest
1031 1867 1180 1920 sexcenta.

107 1971 128 2009 1⁵
222 1959 349 2021 limuta
372 1969 402 2020 et
424 1977 591 2021 consonans
612 1959 761 2022 interdum
784 1967 853 2020 nota
876 1959 1086 2040 adspirationis
1107 1959 1253 2022 creditur:
1283 1961 1350 2022 ideo
1373 1979 1431 2024 non

139 2061 331 2123 adnumerant
353 2078 418 2122 eam
441 2059 490 2122 alii
513 2079 579 2122 cnm
603 2060 729 2131 litteris,
753 2079 789 2122 eo
811 2060 889 2140 quod
913 2061 1021 2123 dicitur
1044 2067 1150 2124 ‘nota’
1175 2071 1207 2122 ut
1228 2061 1333 2134 homo,
1357 2083 1431 2144 quo·

141 2163 223 2223 modo
245 2162 353 2226 dicitur
375 2160 486 2232 littera,
518 2171 551 2225 ut
572 2162 603 2224 hi
626 2161 712 2231 milri,
740 2181 817 2244 qnae
840 2163 955 2225 duabus
979 2163 1104 2242 uirgulis
1126 2165 1325 2242 significatur,
1356 2182 1431 2244 quac

141 2263 195 2324 duo
216 2273 388 2326 testamenta
411 2267 591 2343 signiticaret,
615 2271 701 2326 uetus
724 2274 753 2325 et
775 2283 900 2334 nouum,
924 2273 954 2326 et
975 2283 1033 2328 una
1055 2275 1137 2328 recta
1160 2268 1239 2328 inter
1261 2265 1334 2327 duas
1357 2263 1431 2337 illas,
1546 2281 1548 2285 ·

141 2383 210 2443 quae
231 2375 334 2448 typum
357 2367 524 2446 significant
545 2368 623 2427 inter
646 2365 719 2428 duas
742 2365 832 2445 leges.
1371 2422 1375 2430 .

109 2481 132 2517 20
222 2467 367 2530 luccalis
390 2476 443 2530 est.
489 2466 603 2540 Quibus
624 2469 720 2529 modis
741 2469 853 2530 utitur?
896 2468 1032 2532 lutitur
1059 2487 1096 2530 ex
1118 2479 1186 2531 octo
1209 2469 1343 2550 partibus
1365 2489 1431 2532 ora·

140 2569 235 2632 tionis:
258 2571 332 2632 traco
354 2578 424 2632 sunt
446 2571 565 2631 nomina
589 2588 706 2640 earum,
731 2578 763 2631 ut
784 2587 899 2631 nomen
917 2589 1082 2650 pronomen
1106 2571 1231 2634 uerbum
1255 2571 1432 2634 aduerbium

141 2673 320 2750 participium
350 2673 520 2733 coniunctio
549 2672 729 2751 praepositio
752 2672 928 2732 interiectio.
973 2670 1097 2742 Quando
1126 2676 1221 2736 utitur
1243 2684 1310 2736 octo
1333 2682 1434 2753 partes

143 2773 294 2834 orationis?
316 2773 329 2833 1
351 2773 449 2834 littera
466 2791 589 2840 nomen,
614 2775 703 2847 †tem
727 2789 907 2852 pronomen,
931 2771 1004 2833 itera
1029 2773 1171 2845 uerbum,
1196 2785 1241 2836 ter
1256 2775 1431 2840 aduerbium

144 2873 213 2936 laeta
234 2877 438 2955 participium,
460 2875 527 2956 †ex
550 2876 731 2944 coniunctio,
751 2893 766 2934 a
783 2875 980 2954 praepositio,
1005 2883 1077 2936 attat
1099 2877 1274 2938 interiectio.
1319 2877 1433 2956 Corpus

110 2975 199 3036 ocius
219 2977 248 3038 ia
271 2976 327 3048 alia
350 2976 423 3039 hora
446 2995 549 3038 omnes
576 2983 676 3055 partes
704 2975 846 3037 orationis
874 2975 1016 3055 complet,
1046 2985 1079 3038 ut
1100 2978 1109 3036 i
1134 2996 1257 3047 nomen,
1288 2977 1431 3056 iprono·

143 3095 220 3147 men,
242 3077 361 3158 quando
384 3078 492 3140 dicitur
514 3079 524 3138 i
547 3095 699 3158 pronun:
722 3077 900 3156 imperatiuo
924 3078 1050 3139 uerbum
1073 3088 1132 3140 est:
1156 3077 1283 3140 anarbo
1306 3078 1432 3140 neuuali

145 3181 232 3248 uenit,
260 3189 293 3241 ut
315 3189 361 3242 est
382 3199 418 3240 eo
441 3181 475 3240 is.
522 3180 613 3246 llluo
636 3178 777 3241 aduerbia
793 3175 804 3259 ΙΙ
820 3178 840 3239 1.
860 3175 936 3240 167·
954 3176 965 3260 ΙΙ
981 3177 1101 3250 dicitur,
1125 3188 1157 3241 ut
1179 3179 1281 3242 semel.
1326 3181 1339 3242 1
1362 3198 1430 3261 par·

145 3280 268 3360 ticipium
297 3290 355 3352 est,
385 3283 454 3359 quia
484 3279 614 3359 complet
641 3290 755 3358 partem
783 3281 975 3360 participium
1003 3281 1131 3342 nominis
1161 3291 1190 3343 et
1212 3283 1243 3343 ia
1271 3281 1328 3342 alia
1358 3282 1430 3343 bora

145 3391 250 3460 partem
273 3384 374 3452 uerbi,
399 3391 432 3445 ut
454 3384 464 3442 i
487 3381 604 3463 quando
627 3381 734 3443 dicitur
748 3381 772 3461 †
788 3379 884 3442 albaui
908 3383 1099 3458 coniungitur
1114 3381 1240 3444 duarum
1263 3381 1431 3445 litterarum

114 3482 315 3562 asyllabarum
338 3487 369 3547 in
392 3503 460 3546 nna.
505 3483 518 3544 1
540 3484 718 3564 praepositio
742 3482 860 3561 quando
882 3482 991 3544 dicitur
1008 3485 1084 3554 ‘in’,
1108 3483 1187 3564 qtrod
1211 3493 1280 3545 ante
1303 3504 1320 3546 n
1345 3503 1432 3564 prae·

148 3589 266 3662 ponitur.
310 3586 497 3657 lnteriectic,
527 3592 560 3647 ut
581 3583 700 3666 †iuuax
722 3587 731 3645 i
753 3586 819 3646 simi
850 3586 859 3646 i
887 3584 967 3646 dial
997 3585 1083 3663 lunga
1113 3586 1192 3647 idest
1218 3585 1230 3645 l
1259 3593 1289 3646 ct
1315 3587 1347 3647 in
1375 3585 1431 3646 alia

149 3685 211 3750 bora
232 3707 415 3760 consonans,
443 3689 593 3754 minuta:
617 3688 626 3747 i
649 3685 772 3765 duplex,
798 3695 828 3747 ut
851 3689 906 3747 aio.
953 3688 1047 3766 Saepe
1070 3696 1168 3748 autern
1190 3686 1301 3748 dicitur
1323 3688 1432 3758 media,

149 3795 175 3847 ut
194 3791 244 3850 uir.
288 3791 369 3862 Quae
398 3789 538 3851 scribitur
568 3789 651 3866 uirga
678 3797 760 3850 recta
791 3787 919 3868 desuper
948 3797 978 3850 et
1005 3788 1060 3850 alia
1089 3789 1245 3849 deducitur
1274 3807 1430 3869 superea,

149 3905 212 3965 quae
233 3901 333 3973 typum
357 3893 444 3953 unius
472 3890 525 3971 Dei
553 3891 697 3960 ostendit,
727 3890 794 3967 quia
823 3897 924 3950 rectus
954 3899 999 3951 est
1026 3891 1107 3952 deus.
1153 3891 1193 3952 Da
1222 3889 1294 3950 milri
1323 3907 1431 3951 nomen

118 3991 204 4052 aetus
222 3995 251 4053 in
274 3992 430 4056 Hebraico.
474 3992 549 4054 lotb.
594 3992 627 4052 ln
651 3992 776 4053 Graeco.
806 3992 879 4054 lota.
910 3991 943 4052 ln
958 3991 1074 4053 Latino.
1105 3991 1126 4052 l.
1151 3991 1163 4052 1
1185 3993 1270 4052 cuius
1291 3993 1430 4069 generis?

148 4091 240 4156 Trium
266 4113 428 4174 generum,
458 4104 491 4156 ut
517 4093 568 4156 hic
597 4103 627 4155 et
655 4093 729 4156 lraec
757 4102 787 4154 et
814 4093 872 4155 boc
900 4095 918 4155 i.
964 4093 1010 4154 Fit
1036 4094 1046 4152 i
1068 4112 1122 4172 pro
1152 4091 1232 4155 nrille
1262 4091 1318 4154 sub
1346 4095 1431 4173 uirga

148 4197 244 4272 posita,
266 4205 314 4258 ut:
338 4197 490 4274 ‘quoniam
513 4195 593 4258 mille
615 4197 685 4257 anni
707 4205 776 4257 ante
798 4195 899 4257 oculos
921 4197 1011 4258 tuos’.

206 4417 413 4484 lconglutinatc
481 4418 649 4468 iconiuncte
700 4427 768 4466 mute
836 4414 968 4480 tigerne
1014 4415 1163 4465 breuiuntur
1180 4413 1268 4464 aillabe
1336 4415 1433 4466 orosa

146 4485 232 4534 ‘cuius’
250 4485 335 4536 lornra
352 4488 393 4536 nel
411 4483 494 4550 ligura
512 4487 641 4535 excidisse
659 4486 768 4536 uidetur.
823 4486 855 4533 10
872 4483 996 4548 liguratur
1048 4485 1079 4532 11
1098 4497 1161 4547 eope
1206 4497 1347 4548 pronomen
1400 4485 1433 4533 11

146 4552 263 4616 siguificat
283 4565 311 4603 ut
328 4569 346 4618 g
364 4554 438 4618 gaius
457 4568 529 4602 cesar
598 4555 631 4602 14
648 4563 676 4603 nt
693 4567 726 4618 ga
739 4552 764 4602 ld
777 4567 791 4600 c
803 4563 828 4602 ct
845 4551 977 4617 preposita
994 4561 1022 4600 ut
1034 4566 1068 4616 ng
1079 4551 1106 4600 id
1124 4561 1245 4601 senceum
1313 4553 1433 4614 liquem

145 4619 234 4671 duabus
305 4623 337 4671 18
356 4621 464 4670 induas
483 4620 539 4670 illas
608 4623 640 4670 11
660 4621 801 4687 propositio
870 4620 904 4668 14
922 4634 954 4669 ex
972 4619 1341 4684 coniunctionenpreposltlo
1399 4620 1433 4670 25

145 4689 253 4754 conrplex
324 4690 357 4740 18
374 4689 419 4751 qui
437 4688 547 4754 complet
615 4692 648 4740 19
667 4689 804 4738 litterarum
823 4685 847 4749 iu
866 4701 916 4750 upa
936 4687 1082 4736 sillabarum
1095 4688 1119 4735 iu
1135 4701 1185 4735 una
1236 4690 1270 4738 30
1286 4701 1338 4749 qun
1355 4698 1432 4754 aaran

145 4771 171 4804 en
234 4759 266 4808 31
287 4756 295 4805 i
314 4753 383 4822 simi]
402 4757 457 4806 An:
477 4758 484 4805 i
503 4755 632 4821 simplex?
686 4758 790 4822 ilonga
809 4756 881 4810 idn.
966 4756 999 4805 31
1018 4755 1114 4804 utiutn
1183 4755 1259 4806 auin
1278 4770 1355 4820 greco
1406 4755 1432 4806 iu

145 4821 213 4874 latim
262 4825 290 4874 in
308 4825 380 4874 cuiue
398 4839 490 4892 genere
