3346 5558
627 397 836 450 ontinenam.
1339 395 1379 460 67

167 587 247 658 Quot
268 594 338 648 sunt
360 584 521 646 diuisiones
543 583 689 661 qualitatis
709 582 905 665 appellatione
920 591 950 644 et
965 603 1056 666 qnare
1072 583 1246 666 appellatiua
1262 587 1382 646 nomina

88 689 239 751 dicuntur?
283 685 454 749 Isidorus
476 686 619 756 ostendit,
647 703 714 746 oum
737 685 823 746 dicit:
852 685 1092 766 Appellatiua
1120 688 1266 749 nomina
1295 687 1382 748 inde

87 800 281 861 uocantur,
320 789 417 871 quod
455 791 661 851 eommunia
693 795 780 850 sunt
813 795 848 848 et
880 789 916 848 in
950 787 1150 852 multorum
1183 788 1383 866 signifiea-

89 895 184 954 tione
207 893 434 954 consistunt
472 891 567 954 liaeo
590 893 627 952 in
650 891 787 970 uiginti
812 897 953 969 septem
976 893 1125 970 speeies
1148 891 1382 953 diuiduntur.

67 993 144 1056 tilla
167 997 246 1056 enim
269 1001 341 1058 sunt
363 992 542 1073 corporalia,
566 991 622 1054 alia
640 991 854 1072 incorporalia,
879 992 934 1054 alia
950 994 1117 1074 primitius,
1141 990 1197 1054 alia
1214 992 1383 1060 diriuatiua,

88 1096 137 1158 alia
159 1095 351 1166 diminution,
374 1094 431 1157 alia
447 1114 521 1157 sono
537 1095 728 1170 diminutius,
753 1103 811 1156 tota
827 1094 955 1163 Graeca,
980 1101 1040 1156 tota
1056 1094 1176 1165 launa,
1199 1097 1277 1156 inter
1292 1093 1383 1155 Grae·
1407 1175 1410 1180 Ι

89 1215 147 1258 eam
168 1197 364 1278 Latinamque
393 1197 533 1273 sormam,
562 1195 618 1258 alia
648 1195 824 1277 homonyma
853 1196 910 1258 hoe
933 1203 978 1258 est
1001 1197 1189 1267 uninomina,
1219 1195 1274 1258 alia
1297 1215 1384 1276 syno-

89 1317 168 1380 nyma
198 1297 246 1360 nel
275 1297 452 1380 polyonyma
481 1301 539 1361 hoc
562 1307 606 1360 est
628 1296 842 1378 plurinomina,
873 1297 926 1358 alia
950 1299 1168 1379 patronomiea,
1199 1295 1256 1360 alia
1279 1300 1383 1360 ctetica

89 1403 145 1462 otio
165 1403 314 1479 epitheta,
343 1405 406 1462 alia
428 1403 603 1480 qualitates,
634 1403 698 1461 alia
727 1404 918 1478 quantitatis,
947 1403 1011 1462 alio
1031 1404 1144 1477 pentir,
1176 1399 1230 1462 alia
1260 1402 1384 1481 patriae,

60 1501 137 1562 natta
163 1501 238 1573 loci,
263 1503 319 1566 alia
341 1505 474 1572 numeri,
502 1501 557 1564 alia
580 1502 709 1572 ordinis,
733 1501 788 1562 alia
811 1502 847 1564 ad
871 1501 981 1580 aliquid
1005 1502 1098 1572 dieta,
1128 1502 1182 1565 alia
1212 1502 1248 1564 ad
1277 1502 1384 1582 aliquid

88 1603 301 1682 quodammodo
336 1623 369 1666 se
405 1603 558 1675 habentia,
596 1602 651 1666 alia
689 1602 853 1683 generalia,
890 1604 948 1666 alia
983 1602 1135 1685 specialia,
1174 1604 1228 1666 alia
1266 1605 1385 1668 uerbia-

89 1705 135 1776 lia,
163 1705 220 1768 alia
250 1708 415 1788 participiis
440 1705 562 1776 similia,
593 1705 649 1768 alia
681 1703 782 1767 uerbis
815 1705 931 1767 similla.
977 1705 1163 1786 Corporalia,
1194 1725 1250 1788 qua
1275 1753 1386 1768 .....

90 1826 164 1870 mare
197 1819 229 1870 et
263 1818 371 1870 cetera.
426 1807 628 1888 incorporalia
661 1826 754 1889 quare
787 1807 944 1869 dicuntur?
1002 1807 1078 1879 Quia
1111 1818 1215 1870 oarent
1247 1825 1385 1886 corpore,

90 1918 118 1970 at
144 1911 256 1972 iustitia
290 1909 418 1989 dignitas
454 1909 577 1989 angelus
613 1911 720 1970 anima.
772 1909 925 1971 Primitiua
956 1911 1076 1972 nomina
1107 1927 1198 1988 quare
1228 1909 1385 1973 dicuntur?

64 2009 160 2080 iouia
188 2014 316 2092 primam
345 2013 523 2093 positionem
552 2009 665 2072 habent
693 2029 748 2073 nec
777 2010 896 2074 aliunde
918 2020 1093 2083 nascuntur,
1123 2019 1155 2073 ut
1178 2031 1262 2074 mons
1283 2011 1384 2074 schola

91 2121 162 2174 terra
185 2113 277 2175 horno
300 2112 425 2175 eaelum.
469 2114 631 2175 Dirinatiua
654 2112 722 2174 ideo
745 2115 894 2182 dicuntur,
918 2115 984 2191 quia
1009 2131 1044 2174 ex
1068 2112 1126 2174 alio
1150 2115 1269 2176 nomine
1292 2114 1385 2176 dedu·
1485 2157 1495 2166 -

92 2223 198 2286 eantur,
224 2224 258 2278 ut
279 2223 437 2278 montanus
458 2235 475 2278 a
497 2224 599 2277 monte
621 2214 738 2285 dieitur,
762 2214 986 2277 selrolastiousa
1003 2213 1104 2276 schola
1126 2234 1236 2278 nomen
1260 2218 1383 2296 aceepit,

92 2323 117 2376 ot
135 2323 272 2378 terrenus
294 2336 311 2378 a
335 2325 412 2379 terra
436 2319 617 2388 nominatur,
641 2318 683 2378 sio
705 2337 721 2378 a
744 2317 827 2378 eaelo
851 2315 986 2379 caelestis
1008 2318 1126 2379 dicitur.
1164 2317 1207 2379 De
1223 2317 1270 2380 his
1285 2327 1384 2381 autem

92 2416 249 2480 diriuatiuis
281 2418 452 2482 nominibus
479 2421 748 2499 grammaticus
771 2417 857 2481 dicit:
903 2419 937 2480 lu
960 2420 1120 2498 primitiuis
1149 2429 1178 2481 et
1201 2419 1387 2484 diminutiuis

63 2520 256 2584 aaronitas
278 2531 324 2584 est
346 2523 420 2583 ratio
442 2523 472 2583 in
494 2518 768 2591 terminationibus,
792 2521 820 2580 in
845 2521 1012 2582 diriuatiuis
1035 2539 1109 2582 uero
1131 2520 1212 2584 nulla
1236 2529 1282 2584 est
1296 2524 1385 2584 ratio:

93 2624 181 2684 uarias
217 2625 298 2685 enim
334 2633 363 2685 et
392 2621 570 2704 multiplices
597 2625 712 2703 speeies
739 2620 853 2683 habent
879 2624 909 2682 in
939 2621 1199 2684 terminationibus
1227 2623 1385 2686 diriuatiua

93 2727 213 2786 nomina.
259 2725 424 2805 Aliquando
451 2727 530 2787 enim
558 2726 590 2785 in
618 2723 672 2786 aiis
702 2724 841 2786 desinunt
864 2723 911 2784 uei
934 2725 964 2784 in
988 2722 1033 2784 ale
1055 2723 1200 2803 producta
1223 2743 1239 2785 a
1262 2727 1387 2804 paenul-

93 2825 170 2895 tima,
192 2833 226 2887 nt
249 2827 332 2888 ouria
354 2825 475 2889 curialis
498 2835 527 2888 et
549 2825 675 2896 curiale,
699 2826 841 2886 memoria
858 2825 1041 2887 memorialis
1056 2833 1085 2888 et
1102 2825 1288 2896 memoriale,
1313 2845 1386 2923 neu·-

95 2933 163 2988 trum
191 2928 337 2990 neutralis
370 2937 399 2991 et
425 2919 575 3000 neutrale,
609 2927 752 2989 iudicium
782 2925 929 2989 iudicialis
959 2937 989 2988 et
1017 2926 1171 2998 iudiciale,
1206 2929 1250 2990 sie
1277 2927 1387 3008 hospes

66 3025 256 3108 *hospitalis
279 3031 364 3092 nauis
386 3030 512 3106 naualis,
536 3047 644 3109 eorpus
667 3027 832 3108 corporalis
848 3027 859 3112 ΙΙ
876 3030 895 3091 l.
911 3026 972 3091 81b
988 3025 1012 3112 Η.
1052 3029 1114 3090 atta
1129 3031 1161 3091 in
1177 3027 1231 3091 elis
1247 3029 1388 3092 desinunt

94 3132 275 3208 productae,
300 3141 333 3193 ut
354 3131 431 3194 fldus
453 3131 561 3203 tidelis,
585 3131 696 3194 crudus
718 3128 862 3200 erudelis,
886 3139 1010 3211 patruus
1031 3129 1189 3211 patruelis,
1212 3132 1305 3193 irater
1327 3131 1387 3193 ira·

95 3232 198 3306 truelis.
244 3234 308 3296 Alia
335 3237 367 3296 iu
395 3233 442 3296 ilis
470 3244 499 3296 et
525 3236 555 3296 in
583 3233 623 3294 ile
651 3233 792 3294 desinunt
818 3234 827 3293 i
850 3231 968 3312 longam
996 3233 1207 3313 paenultimam
1236 3233 1384 3305 habentia,

24 3405 25 3424 ἦ
97 3338 124 3392 ut
137 3335 223 3397 aedes
237 3333 320 3396 aedis
335 3335 453 3406 aedilis,
477 3353 568 3398 senex
590 3333 708 3412 senilis,
732 3353 806 3396 anus
828 3334 929 3405 anilis,
953 3355 1028 3416 puer
1051 3335 1188 3417 puerilis,
1210 3338 1258 3399 uir
1280 3335 1386 3407 uirilis,

24 3467 25 3480 ι
98 3435 163 3497 einis
188 3434 300 3506 ciuilis,
331 3457 437 3499 seruus
464 3439 597 3508 seruilis,
624 3455 699 3516 gens
725 3434 860 3515 gentilis,
888 3435 982 3500 hostis
1009 3439 1137 3501 hostilis.
1180 3438 1254 3500 Item
1282 3440 1312 3500 in
1335 3437 1386 3510 ile,

24 3525 25 3602 ἷ
69 3543 125 3595 aot
149 3540 214 3601 ouis
242 3538 336 3606 ouile.
367 3558 475 3602 munus
503 3537 629 3609 munile,
658 3536 745 3598 sedes
770 3535 872 3599 sedile.
917 3537 978 3600 Alia
1001 3549 1140 3621 correpta
1163 3541 1172 3601 i
1195 3539 1386 3620 paenultima,

98 3647 126 3698 ut
148 3642 210 3703 iero
239 3641 361 3709 fertilis,
397 3650 465 3704 utor
492 3640 585 3710 utilis,
614 3638 683 3700 uolo
710 3638 853 3708 uolatilis,
884 3647 981 3702 textus
1008 3641 1134 3713 textilis,
1164 3642 1250 3703 flotus
1280 3640 1385 3713 liotilis,

24 3727 25 3740 ¹
99 3757 160 3818 paro
185 3742 298 3823 parilis.
348 3741 410 3804 atta
439 3745 470 3804 in
498 3744 558 3804 oris
587 3740 728 3802 desinunt
755 3740 899 3820 producta
929 3761 945 3803 a
974 3742 1170 3823 paenultima,
1200 3751 1232 3804 ut
1259 3743 1388 3825 populos

24 3855 25 3864 ’
100 3844 253 3922 popularis,
282 3844 420 3924 singulus
448 3843 623 3923 singularis,
653 3841 757 3904 consul
785 3841 967 3915 consularis,
997 3844 1082 3906 miles
1106 3844 1257 3918 militaris,
1285 3846 1386 3908 schola

24 3943 25 4010 l
100 3943 246 4018 scholaris,
271 3947 380 4009 iamilia
403 3945 649 4016 ramittarts;.alia
672 3947 703 4006 in
727 3943 824 4015 ubris,
848 3954 880 4006 ut
901 3945 980 4008 solus
995 3944 1139 4016 salubris;
1163 3945 1218 4010 alia
1241 3950 1272 4010 in
1295 3947 1385 4020 eloris,

73 4048 442 4119 animumanimumum:
472 4049 528 4111 alia
555 4049 662 4120 iniis,
692 4055 726 4107 ut
752 4065 823 4126 ager
852 4051 915 4127 agri
942 4051 1082 4129 agrestis,
1111 4051 1154 4112 sio
1176 4049 1290 4113 eaelum
1313 4050 1387 4114 caeli

24 4229 26 4348 l
160 4271 258 4333 lqood
328 4267 488 4334 euitatus]
507 4270 522 4319 1
541 4273 606 4334 o,5
673 4269 734 4318 din
754 4267 845 4333 uiginti
864 4268 975 4339 septem]
997 4272 1088 4337 uiginti
1107 4281 1164 4322 octo
1184 4270 1302 4322 Isidorou
1372 4275 1386 4323 l

103 4337 217 4387 omonimo
287 4339 426 4402 andnomya
478 4339 615 4402 sinonyma
683 4335 867 4401 Spolionyma
918 4338 1074 4404 plurinomia
1142 4339 1234 4390 tethice
1252 4339 1302 4389 alio
1320 4343 1385 4405 putri

24 4451 25 4470 χ
102 4401 217 4465 allolooi,
239 4406 461 4469 ommacio-ia,
487 4421 552 4472 quoe
570 4404 783 4472 exsequentibus
804 4408 930 4470 supplent.
1018 4409 1049 4458 12
1068 4407 1212 4474 corporalia
1229 4423 1280 4471 quo
1300 4446 1307 4459 .
1327 4444 1333 4457 .
1353 4446 1385 4460 ..

103 4469 169 4536 mare]
190 4474 316 4526 Lacunam
333 4477 371 4524 lta
387 4475 445 4536 fere
463 4479 585 4540 explear:
604 4471 754 4539 Corporaiia
772 4488 851 4535 quare
867 4474 1004 4524 dicuntur?
1041 4475 1105 4534 Quia
1124 4475 1218 4526 hebent
1235 4491 1339 4542 eorpus,
1360 4489 1387 4526 m

105 4556 264 4594 ....more
281 4553 307 4592 et
323 4553 408 4592 cetera
477 4545 508 4594 te
525 4557 634 4609 corpore
653 4551 680 4590 ut
697 4541 789 4592 addidi
856 4543 888 4592 15
906 4544 949 4606 qui
968 4543 1077 4610 primam
1096 4545 1265 4610 possitiouem
1318 4545 1386 4596 scola

104 4605 192 4658 illatio
268 4611 301 4660 17
318 4610 469 4660 scolasticus
487 4625 503 4660 ιι
520 4612 591 4661 aeolo
671 4611 702 4661 19
720 4607 889 4676 gramaticus]
907 4611 942 4670 cs.
960 4611 1044 4665 Palae,
1065 4611 1083 4662 I
1097 4629 1124 4678 p.
1145 4614 1206 4676 130,
1224 4615 1259 4662 20
1275 4629 1330 4680 aeq.
1348 4614 1386 4664 H.

102 4671 297 4744 iddiriuatiuis]
314 4677 484 4728 diminutiuis.
519 4681 563 4731 Aa
579 4679 677 4745 potius:
696 4680 723 4728 in
741 4677 958 4729 denominatiuis?
1027 4681 1060 4730 22
1079 4681 1104 4730 in
1122 4680 1179 4732 aliis
1232 4682 1387 4747 peneoltima

102 4739 129 4789 ii
145 4743 257 4795 iodieoiis
275 4757 300 4796 et
317 4746 427 4796 iodioole
445 4748 466 4796 si
485 4746 576 4814 hospis
662 4747 695 4796 25
713 4746 848 4796 neuialis·
894 4748 927 4797 26
945 4748 1069 4813 producte
1086 4759 1114 4799 ut
1130 4748 1189 4800 fldis
1258 4751 1292 4801 ut
1310 4765 1389 4816 pene-

103 4807 215 4884 ultimam‚
232 4815 269 4865 oie
285 4830 388 4880 semper
402 4816 461 4880 sere
529 4817 562 4866 ‘28
580 4814 660 4867 hedes
679 4813 734 4866 edis
752 4813 826 4864 edilis
896 4817 929 4867 29
947 4817 1049 4867 seruilis
1066 4834 1114 4870 om.
1170 4819 1204 4868 30
1221 4818 1291 4868 sedis
1355 4822 1388 4871 32

104 4889 123 4922 ln
141 4879 171 4928 ris
221 4883 359 4948 pertultima
427 4885 460 4935 33
478 4883 545 4934 milis
597 4883 664 4934 scola
684 4882 791 4932 scolaris
810 4882 898 4934 llmilin
967 4888 1000 4936 35
1018 4887 1127 4952 agrestis
1146 4886 1192 4938 reli
1210 4886 1336 4938 coelestus

1147 4973 1180 5022 5¹!
