3346 5558
545 263 596 315 DE
614 263 801 314 subudum
818 263 924 314 ARTE.
1243 273 1375 324 ccxbnr

96 457 299 512 conuertuntur
326 450 460 512 Latinam
495 450 551 512 boc
585 451 685 511 modo:
719 449 870 512 Altimirus
899 447 1073 510 Gildimirns
1100 449 1259 511 Ricimirus
1286 448 1374 510 flain-

95 538 180 597 mirus
202 535 380 614 (ranimirus)
403 535 598 598 Vuadamirus
613 535 840 614 Vuiglimundus
861 534 1058 596 Ricimundus
1072 533 1281 595 liademundus
1296 533 1374 594 Vuil·

95 621 212 681 mundus
234 631 263 680 et
285 621 404 692 similia,
428 623 505 682 sicut
526 623 558 682 in
580 621 782 683 Hebraeorum
799 617 970 680 nominibus
992 618 1137 680 aLatiuis
1160 619 1267 680 factum
1290 621 1374 680 uide-

96 721 161 765 mus.
198 704 270 767 llam
293 705 329 766 dc
352 705 519 768 llabrabam
543 705 756 776 Habrabamus‚
781 704 817 765 de
840 702 926 765 iacob
947 703 1072 766 lacobus
1088 712 1117 764 et
1133 705 1169 764 dc
1184 703 1254 766 Saul
1269 703 1375 765 Saulus

96 787 105 859 'l
120 789 137 848 f.
154 788 210 850 lllb
226 789 237 872 [Ι
255 799 284 851 et
306 791 343 852 de
366 792 471 871 losepb
495 791 596 873 (iosap)
620 790 762 870 Iosephus
784 792 924 870 (iosepus)
948 789 1044 852 Latini
1068 789 1216 851 dixerunt.

167 873 282 936 blassm.
300 896 329 957 p.
345 873 421 938 390:
445 877 650 956 patronomica
693 874 845 955 helpericb
891 883 938 956 art
955 875 1065 936 artricb
1081 875 1197 936 rinhart
1254 877 1378 936 stainam

95 959 197 1021 ricbrat
258 961 395 1022 tancrabt
416 961 542 1024 fastrabt
564 959 683 1041 gotrabt
704 960 841 1021 rabtman
863 961 1002 1038 gobtman
1031 961 1172 1022 arabman
1200 960 1334 1022 ricbman

94 1047 217 1106 uuizmau
297 1049 394 1108 ainart
449 1044 589 1108 meinhart
644 1047 757 1107 ricluat
813 1045 948 1107 rainbart
979 1045 1105 1106 nitidum
1135 1045 1288 1107 eonsilium
1318 1063 1374 1128 om.

95 1130 202 1191 arcrabt
265 1150 293 1212 p.
316 1129 377 1194 391
401 1132 538 1193 tanerabt
586 1133 704 1211 gotraht
752 1130 892 1208 gotbman
942 1139 1057 1192 artman
1113 1130 1248 1192 ribcman
1272 1139 1376 1210 potens

95 1215 173 1276 borao
194 1217 330 1278 uuizman
353 1217 496 1280 candidus
519 1215 618 1279 bomo.

166 1336 238 1397 Post
259 1341 389 1396 ‘umatus
410 1338 506 1398 iromo’
530 1354 671 1428 secontia
692 1338 784 1398 boec:

167 1453 203 1515 Et
229 1457 286 1516 ista
316 1457 414 1516 omnia
443 1473 510 1515 cum
541 1455 660 1516 Latinas
693 1455 862 1536 acceperint
897 1452 1024 1534 syllabas
1053 1453 1142 1533 (ps-l,
1182 1457 1211 1514 in
1246 1454 1376 1533 linguam

95 1549 299 1602 conuertuntur
321 1540 455 1602 Latinam
480 1539 534 1600 boc
558 1539 658 1600 modo:
683 1539 856 1619 llelpericus
878 1539 1024 1601 ainardus
1045 1539 1188 1600 Ricardus
1204 1539 1377 1600 Stainardns

95 1621 248 1686 liicrbadus
283 1624 454 1686 lilanbadus
481 1625 651 1687 Arebradus
686 1623 832 1686 Fulradus
860 1623 1032 1685 Tancradus
1059 1623 1218 1685 Fastradus
1247 1623 1326 1703 l-da)
1351 1633 1380 1684 ct

95 1709 201 1770 similia.
247 1709 322 1772 Sunt
344 1727 472 1788 namque
494 1708 700 1790 principaliter
728 1719 758 1770 et
785 1711 814 1769 in
839 1709 883 1770 bis
907 1709 984 1788 (biis)
1008 1708 1178 1770 nominibus
1200 1708 1376 1788 dissyllabae

97 1793 297 1875 ldispsyllabc),
331 1795 438 1874 quibus
473 1793 682 1876 monosyllabis
717 1795 882 1874 (macons-l
921 1793 1030 1855 additis
1059 1794 1175 1855 diuersa
1206 1796 1375 1894 efficiuntur

96 1881 212 1940 nomina.
257 1880 333 1940 Sunt
356 1883 434 1940 enim
458 1880 545 1942 baec:
569 1878 684 1941 belmus
706 1879 784 1941 ulfus
807 1886 862 1940 eto.

168 1965 284 2026 blassm.
300 1985 331 2044 ys.
346 1962 406 2026 391
432 1964 695 2046 etplurimatalia,
720 1964 836 2044 quibus,
861 1973 893 2026 ut
915 1963 1049 2032 diximus,
1073 1963 1179 2024 additis
1202 1962 1376 2044 monosylla-

97 2047 134 2110 bis
154 2048 279 2128 plurima
302 2059 523 2130 componuntur
545 2050 602 2111 boc
623 2011 712 2110 modo
735 2053 868 2110 nomina:
895 2049 1083 2128 Vuigbelmus
1106 2057 1161 2110 etc.
1186 2049 1378 2127 gauzbclmus

130 2133 265 2196 elmulfus
315 2135 441 2197 siculfns
488 2134 643 2197 leutardus
674 2135 844 2196 mainardus
867 2134 1026 2213 aginardus
1047 2134 1201 2196 uuitardus
1228 2132 1378 2195 ricbertus

18 2225 20 2280 ι
96 2218 253 2282 rambertus
289 2219 462 2282 frotberdus
499 2219 681 2281 mansfredus
738 2219 913 2299 gontfredus
977 2221 1150 2298 gontinarus
1215 2229 1378 2280 teutmarus

18 2329 20 2372 l

135 3547 179 3610 lle
202 3549 349 3610 mediae
372 3548 679 3626 significationis
702 3555 738 3609 et
760 3547 963 3628 qualitatis
986 3557 1021 3609 et
1044 3550 1267 3628 quantitatis
1289 3549 1344 3609 lll.

96 2302 217 2384 ocbugus
240 2305 397 2384 deotingus
440 2306 580 2384 redingus
601 2307 743 2368 teotricus
787 2307 925 2366 ainricus.

168 2427 270 2486 Post‘
271 2427 438 2488 roinra'ctts’
460 2432 602 2486 secantur
622 2425 715 2486 dccc:

169 2552 199 2604 et
219 2542 449 2606 innumerabilia
471 2544 548 2605 talia.
594 2543 666 2605 Nam
690 2553 719 2602 et
739 2545 866 2605 istorum
882 2543 1035 2604 nominum
1050 2541 1177 2622 syllabae
1193 2545 1391 2623 praepositae,

97 2631 233 2706 repositae
256 2629 347 2691 multa
370 2629 531 2690 conficiunt
546 2631 676 2694 nomina,
700 2637 732 2690 ιιι
748 2627 913 2689 Frodaldus
928 2627 1104 2690 didefrodus
1120 2637 1174 2689 etc.
1190 2628 1236 2701 cs.
1254 2631 1376 2689 Moram.

95 2731 121 2786 ρ.
144 2721 197 2774 392
240 2712 409 2776 forobertus
434 2713 621 2774 bertefredus
643 2713 813 2776 richbertus
836 2712 1001 2774 bertericus
1023 2713 1181 2774 ratberdns
1205 2713 1379 2774 berteradus

97 2799 273 2861 maimbertus
297 2798 484 2860 bertcmarus
506 2798 682 2876 gauzbertus
705 2797 910 2877 berteganrles.

171 2921 287 2995 Cetera,
312 2937 391 2994 quac
412 2921 498 2996 apud
519 2919 745 2980 Massmonnom
767 2925 885 2996 extant,
909 2937 949 2978 esc
964 2921 1026 2979 alio
1041 2919 1170 2992 quodum
1186 2917 1296 2994 cupite,
1322 2937 1380 2994 quo

98 3019 129 3077 de
146 3021 305 3096 qmcribus
332 3022 490 3096 caedatur,
518 3019 616 3097 petito
643 3027 721 3081 sunt.
767 3020 846 3080 Nom
874 3020 907 3082 ιίι
925 3021 1104 3097 [regimenio
1128 3019 1277 3081 doratensi
1303 3019 1383 3080 iliud

98 3119 184 3194 lpum
206 3125 245 3184 de
260 3120 486 3201 patronomicis
506 3129 601 3201 capot
622 3121 654 3182 io
676 3123 752 3182 boec
774 3125 869 3184 cerdo
890 3121 993 3184 statim
1016 3122 1143 3184 desinit:

173 3253 201 3304 et
222 3241 448 3304 innumerabilia
471 3241 537 3313 alia,
561 3259 635 3320 quae
658 3241 699 3300 sic
723 3251 950 3320 componuntur.

172 3361 315 3440 Sequitur
337 3369 431 3438 capot
452 3359 659 3422 undecimum:

172 3668 286 3730 blediae
309 3668 531 3747 significationis
554 3665 600 3727 uel
624 3666 768 3728 adiectiua
792 3667 962 3729 nominibus
977 3667 1081 3730 Latine
1096 3668 1236 3730 dicuntur
1252 3669 1379 3738 nomina,

21 3819 22 3826 y
101 3765 165 3826 quac
187 3761 217 3813 ct
238 3754 350 3815 Graece
374 3753 502 3832 epitheta
525 3763 679 3820 uocantur,
711 3770 786 3831 quae
810 3754 839 3812 in
861 3753 1024 3814 meditullio
1047 3755 1139 3834 posita
1163 3753 1199 3814 ad
1222 3763 1382 3831 utrumque

101 3851 172 3898 suam
195 3839 362 3900 necessarie
384 3846 565 3900 conuertunt
587 3838 842 3915 significationem,
866 3837 944 3899 idest
965 3838 1000 3900 ad
1023 3837 1134 3900 bonum
1159 3848 1189 3899 et
1211 3838 1247 3899 ad
1263 3838 1380 3908 malum,

83 3929 125 3978 ιιι
150 3922 302 4002 aliquoties
335 3923 494 3992 laudantis,
529 3921 682 4000 aliquoties
714 3924 910 4002 uituperantis
948 3924 1107 3986 ostendunt
1140 3925 1288 3989 affectum.
1339 3925 1381 3984 Ex

102 4005 198 4084 quibus
220 4020 289 4070 sunt
311 4008 397 4069 baec:
423 4024 548 4088 magnus
570 4007 683 4084 grande
705 4008 781 4069 forte
803 4007 859 4070 lata
883 4009 969 4088 longa
991 4019 1092 4090 aperta
1109 4009 1223 4070 occulta
1240 4020 1268 4068 et
1282 4017 1380 4068 cetera

102 4090 168 4155 talia.
205 4094 341 4174 ‘Magnus
356 4096 527 4174 imperator’
553 4093 677 4153 dicimus
692 4091 846 4163 laudantia,
871 4103 900 4154 et
920 4097 1054 4173 ‘magnus
1069 4093 1155 4157 latro'
1177 4096 1381 4172 uituperantis

102 4174 214 4250 ‘enode
243 4178 367 4240 malum’
395 4186 425 4239 et
451 4177 577 4257 ‘grande
606 4176 740 4244 bouum',
770 4177 839 4239 ‘lata
868 4187 899 4239 et
919 4182 1044 4260 spatiosa
1068 4179 1167 4240 leotio’
1191 4190 1221 4239 et
1242 4181 1381 4258 spatiosa

104 4261 141 4322 uia
162 4282 236 4342 quae
258 4265 341 4325 ducit
362 4264 398 4324 ad
423 4265 570 4336 mortem’‚
595 4261 693 4339 longa
717 4267 785 4342 pax’
808 4272 837 4323 ct
859 4263 957 4344 longa
981 4264 1151 4334 discordia’,
1181 4267 1294 4343 aperta
1318 4263 1380 4325 lau·

79 4343 180 4410 ¹·datio’
204 4359 233 4410 ct
255 4353 368 4429 ‘aperta
388 4349 590 4428 uituperatio’.
636 4347 684 4408 Sic
707 4357 736 4408 et
759 4346 882 4430 reliqua.

286 4467 333 4530 lle
356 4466 552 4546 qualitatis
574 4475 609 4528 et
630 4469 850 4546 quantitatis
873 4467 937 4530 llll
955 4467 960 4551 1
977 4473 1030 4544 fio.
1050 4471 1109 4546 foi.
1135 4471 1193 4531 IV.

112 4633 314 4647 ‘h—

163 4759 342 4819 lmedic,ln‘s
410 4759 628 4825 sgreceeptteta
697 4759 864 4825 lispnciosm
884 4757 921 4808 bis
989 4757 1189 4824 diongna‚dt'a

1144 4847 1178 4910 q!
