3354 5580
267 351 332 416 230
662 350 897 404 COMMENTVM
914 349 1159 402 Ernslnunnan

267 549 395 623 separat.
439 540 563 620 Proprie
591 546 690 601 eutem
720 539 843 602 diastole
866 545 912 600 est
934 537 1193 602 intercolumnium
1216 541 1235 600 i.
1259 540 1401 619 spatium,
1432 539 1511 618 quod
1535 539 1568 599 iit

267 641 530 705 intercolumnas.
576 639 681 703 ‘Stolo’
711 641 788 702 enim
817 641 927 702 dicitur
949 640 1102 712 columna,
1136 640 1206 702 iude
1229 640 1351 702 diastole
1374 641 1482 701 dicitur
1506 640 1567 700 dis-

268 745 397 814 iunctio,
432 763 468 804 eo
501 743 579 824 quod
613 742 689 804 male
723 744 878 805 coniuncta
913 742 1070 820 disiungat.
1120 740 1169 803 lid
1198 743 1320 814 incarn,
1349 745 1366 804 i.
1396 743 1433 803 ad
1464 744 1565 804 tinent.

144 876 164 913 ῃ.
180 847 561 914 sessiliscernuutur,
584 847 605 904 i.
628 853 812 925 separentur.
858 844 1124 924 cohaerentia,
1148 845 1167 904 i.
1184 845 1401 924 coniungentis,
1427 845 1568 905 ut‘uir·

144 965 227 1016 pers,
241 965 254 1004 9
268 949 366 1028 ginis
388 949 466 1008 ira’.
511 944 770 1026 Apostrophus
791 947 889 1008 itern.
934 947 1071 1024 Congrue
1094 946 1167 1007 dixit
1187 946 1292 1014 ‘item’,
1316 947 1455 1024 quoniam
1480 963 1593 1025 pree-s

268 1051 346 1111 dicta
374 1051 501 1112 iteratur
528 1049 634 1126 ligura,
670 1048 721 1108 sed
751 1045 827 1108 aliud
860 1067 948 1128 supra
978 1057 1008 1109 et
1034 1046 1114 1109 aliud
1143 1049 1202 1125 agit
1230 1047 1317 1108 inira.
1360 1046 1571 1128 Apostrophus

269 1153 349 1212 enim
372 1151 487 1211 Graece
510 1150 666 1211 conuersio
689 1149 846 1212 locutionis
869 1149 977 1211 dicitur
998 1150 1119 1220 Latine,
1142 1148 1212 1210 inde
1235 1149 1433 1229 apostrophus
1455 1167 1472 1208 a
1496 1165 1570 1208 con-

269 1253 410 1314 uersioue
433 1257 564 1320 uocatur,
589 1252 654 1330 quia
679 1259 892 1313 consonantem
916 1251 1068 1321 dictionis,
1093 1247 1177 1312 cuius
1199 1249 1312 1312 uocalis
1327 1251 1470 1319 aulertur,
1495 1269 1570 1310 con·

270 1353 359 1414 uertit
381 1353 416 1412 ad
439 1353 656 1431 praecedentia.
702 1352 784 1414 Vnde
813 1353 885 1414 haec
913 1355 1006 1431 figura
1035 1352 1112 1414 bene
1139 1353 1317 1414 conuersiua
1340 1349 1386 1411 uel
1410 1353 1570 1412 reuersiua

272 1454 285 1537 ΗΗ
302 1451 363 1516 207
382 1451 393 1534 Η
418 1455 481 1514 siue
503 1457 674 1532 regressiua
696 1454 814 1516 dicitur.
859 1454 1004 1516 [lilieruut
1031 1463 1130 1515 autem
1158 1455 1238 1514 inter
1260 1472 1293 1514 se
1315 1452 1518 1534 apostrophus
1542 1461 1607 1511 etto

270 1555 409 1626 diastole,
433 1554 511 1634 quod
534 1555 657 1617 diastole
679 1555 715 1616 ad
739 1557 953 1617 extremitatem
976 1557 1096 1635 ponitur
1118 1554 1248 1625 litterae,
1272 1554 1470 1634 apostrophus
1495 1571 1571 1615 uero

270 1658 306 1720 ad
329 1659 527 1719 summitatem
551 1669 583 1718 ut
605 1657 716 1719 tanton’
740 1676 794 1737 pro
818 1664 937 1719 tantone
959 1665 988 1718 et
1016 1657 1114 1719 uiden’
1137 1674 1192 1736 pro
1221 1656 1360 1726 uidesne,
1391 1655 1489 1717 audiu'
1515 1674 1572 1735 pro

271 1760 402 1821 audisne.
448 1759 510 1820 Hoc
539 1768 636 1819 autern
660 1761 691 1820 lit
714 1777 802 1819 causa
825 1762 929 1828 metri,
960 1761 988 1820 in
1013 1777 1101 1838 prosa
1129 1777 1202 1819 uero
1225 1757 1260 1819 ad
1283 1759 1440 1838 pristinam
1463 1774 1572 1818 reuer-

134 1879 218 1932 ssu,
233 1879 257 1918 re
271 1863 341 1922 titur
366 1860 510 1934 formam.
556 1861 741 1928 Ceterum,
771 1878 825 1939 pro
854 1859 916 1922 sed.
968 1860 1114 1929 Addita,
1150 1859 1287 1922 adiuncta
1315 1879 1339 1920 s.
1364 1877 1422 1938 per
1449 1858 1572 1925 dasian:

273 1961 331 2024 uel
359 1961 547 2030 detracta,
576 1959 725 2023 subtracta
748 1980 802 2040 per
825 1961 910 2023 sileo.
954 1962 1087 2023 ‘Dasiau'
1110 1963 1325 2039 interpretatur
1347 1958 1498 2040 pinguedo
1522 1958 1571 2020 uel
1587 1973 1609 2011 1¹³

272 2064 413 2143 aspiratio
428 2065 492 2125 siue
507 2061 628 2124 uberior
648 2082 739 2125 sonus
762 2071 791 2124 et
813 2063 954 2125 dicitura
971 2063 1084 2132 daudo;
1108 2062 1209 2124 ‘sileu’
1233 2065 1350 2125 siccitas
1372 2063 1435 2122 siue
1459 2079 1571 2141 purum

271 2167 486 2245 interpretatur
509 2173 539 2226 et
560 2184 578 2225 a
599 2164 713 2228 silendo
736 2165 854 2228 dicitur.

781 2367 829 2430 DE
851 2367 1057 2430 Postrvtus.

359 2486 513 2547 Positurae
542 2493 570 2546 et
597 2486 803 2548 distinctiones
834 2487 911 2550 idem
943 2497 1021 2549 sunt.
1074 2488 1230 2550 Positurae
1260 2495 1357 2548 autem
1385 2504 1402 2546 a
1429 2484 1572 2564 ponendo

135 2585 426 2664 psumsdicuntur.
471 2582 566 2657 Quas
586 2583 726 2661 θέσεις
748 2589 881 2652 Graeci
904 2598 1056 2656 uocent;
1092 2589 1209 2669 τίθημι
1242 2591 1321 2650 euim
1349 2588 1462 2650 Graece
1489 2601 1609 2668 porroet

274 2689 388 2750 Latine.
432 2688 494 2749 Hae
518 2690 604 2750 etiarn
629 2691 779 2768 positurae
800 2691 903 2770 puncti
925 2690 1073 2758 dicuutur,
1096 2691 1147 2769 qui
1170 2690 1205 2751 sd
1229 2689 1286 2751 hoc
1306 2691 1387 2751 iuxta
1410 2689 1571 2750 dictionem

274 2800 439 2871 ponuntur,
464 2799 497 2852 ut
518 2790 675 2856 ostendant
701 2793 879 2872 positionem
910 2794 1008 2860 uocis,
1038 2791 1087 2852 uel
1110 2801 1141 2853 ut
1163 2789 1348 2854 manilestior
1375 2789 1573 2869 intelligentia

273 2891 456 2955 indictione
484 2893 543 2954 cito
571 2895 700 2955 inueniri
723 2895 827 2974 possit.
872 2896 1022 2955 Vocantur
1045 2900 1074 2954 et
1096 2893 1314 2963 distinctiones,
1344 2911 1380 2952 eo
1408 2891 1487 2972 quod
1518 2910 1573 2972 per

274 2993 408 3056 membra
436 2996 613 3056 sententiam
640 2997 749 3074 partim
778 2994 972 3073 distinguant,
1001 2997 1021 3056 i.
1050 2995 1194 3056 diuidant
1240 2993 1403 3055 Positioues
1432 3011 1503 3071 ergo
1529 2992 1573 3052 di-

274 3105 392 3164 cuntur,
421 3114 457 3157 eo
485 3096 564 3173 quod
592 3095 632 3156 ibi
661 3096 827 3176 deponatur
850 3115 908 3158 uos
931 3103 959 3156 et
980 3105 1158 3164 resumatur,
1188 3113 1226 3155 ne
1254 3095 1476 3157 continuatione
1499 3095 1608 3155 deii-2⁵

136 3196 342 3272 pemmciat.
372 3195 576 3258 Distiuctio
600 3197 874 3259 subdistinctio
899 3197 1014 3258 media
1037 3197 1250 3264 distinctio,
1275 3205 1336 3257 tres
1350 3205 1428 3266 suut,
1445 3213 1573 3275 quarum

276 3295 433 3358 diuersitas
455 3297 551 3359 tribus
572 3301 690 3378 punctis
705 3299 826 3360 diuerso
841 3301 871 3360 io
888 3297 952 3359 loco
968 3301 1071 3379 positis
1086 3299 1315 3360 demonstratur.
1344 3299 1571 3359 llistiuctiouenr

276 3400 384 3460 ceteris
407 3401 580 3480 praeposuit
601 3399 747 3470 linuatus,
776 3402 843 3480 quia
873 3419 1019 3461 summam
1044 3419 1148 3462 seusus
1171 3407 1202 3461 et
1222 3400 1406 3461 litteraturae
1435 3417 1574 3478 compre-

276 3499 393 3571 hendit,
422 3509 454 3561 ut
481 3500 519 3561 ab
548 3520 596 3572 ea,
626 3520 702 3582 quae
730 3501 861 3581 perlecta
889 3511 948 3571 est,
978 3512 1095 3563 ceterae
1123 3503 1269 3581 originem
1299 3501 1416 3563 ducant.
1460 3503 1485 3562 t
1513 3501 1574 3562 iiue

277 3603 356 3663 euim
378 3601 624 3680 retrogradiendo
647 3603 728 3664 ueuit
750 3603 785 3664 ad
808 3605 941 3674 initium,
974 3605 1061 3664 sicuti
1084 3603 1195 3664 lormas
1218 3602 1378 3664 uerborum
1401 3621 1417 3663 a
1439 3601 1609 3682 pertesus

277 3703 441 3777 inchoauit,
465 3711 515 3778 ut:¹
541 3702 705 3766 iubilate
729 3705 796 3766 deo
819 3725 847 3769 o.
871 3713 891 3766 t.
914 3725 943 3784 p.
967 3705 996 3765 d.
1020 3722 1048 3768 u.
1072 3724 1097 3764 e.
1121 3705 1149 3764 d.
1173 3723 1201 3782 g.
1225 3705 1244 3765 l.
1269 3723 1294 3764 e.
1339 3705 1494 3766 distinctio
1518 3713 1574 3772 est,

278 3806 361 3866 cuius
383 3815 526 3884 puuctum
549 3805 585 3866 ad
608 3807 715 3868 taciem
737 3804 867 3874 litterae,
891 3808 909 3865 i.
933 3805 969 3866 ad
992 3807 1190 3866 summitatem
1218 3807 1365 3884 ponimus.
1404 3803 1574 3866 Subdistin-

279 3908 337 3968 ctio
360 3906 476 3976 dicitur,
506 3925 541 3969 eo
564 3907 641 3986 quod
670 3906 774 3969 subtus
796 3906 922 3968 litteram
942 3917 1074 3986 punctus
1096 3909 1161 3968 eius
1183 3909 1312 3985 ponitur,
1343 3916 1374 3968 ut
1396 3907 1572 3968 seutentiam

217 4025 250 4066 t.
278 4008 468 4087 distinguat
460 4025 479 4068 r
504 4008 616 4069 diuidat
641 4007 652 4090 ΗΗ
670 4005 732 4071 208
750 4005 761 4090 ΗΗ
797 4055 1567 4072 ...................

176 4071 628 4186 suisnoxinterennum,
652 4111 736 4171 nesi
760 4110 809 4170 diu
833 4120 1050 4188 repausaretur
1075 4110 1222 4171 distinctio
1246 4110 1477 4171 osseuidestur.
1525 4107 1609 4170 Ades
1675 4159 1676 4180 ,

278 4215 401 4281 imam,
431 4213 450 4272 i.
480 4209 516 4272 ad
545 4210 651 4290 pedem
680 4211 808 4284 litterae,
838 4219 884 4272 ut:
921 4210 1102 4272 Psslmuur
1140 4211 1259 4272 dicite
1297 4211 1439 4272 nomini
1477 4213 1570 4270 eius
1675 4205 1676 4244 ¹

279 4312 374 4376 lledia
397 4313 546 4374 distinctio
568 4312 692 4384 dicitur,
716 4315 784 4391 quia
808 4313 949 4375 medietas
973 4331 1080 4376 sensus
1100 4311 1143 4374 ihi
1166 4321 1225 4383 est,
1249 4321 1296 4373 ut:
1319 4310 1482 4374 iubilate
1508 4311 1573 4372 deo

280 4499 508 4510 ——nnnu--n—

348 4617 491 4683 duirginis
509 4614 558 4682 ire]
583 4619 868 4684 Verg.Aen.11413
937 4613 1215 4683 deposttophuscrtc
1299 4618 1331 4667 14
1349 4617 1480 4679 ‘sermore’
1500 4633 1574 4667 uoco
1675 4599 1676 4670 Η

280 4685 361 4735 dmm
378 4687 514 4750 putredine
532 4687 639 4737 deletum
657 4695 704 4740 eet.
774 4689 805 4738 15
824 4683 900 4752 sileo]
919 4701 955 4736 ee.
973 4688 1055 4750 psilen
1135 4687 1168 4736 20
1186 4684 1266 4734 thesis
1284 4685 1352 4750 greci
1422 4683 1489 4733 theto
1508 4687 1573 4734 enim
1675 4685 1676 4740 l

281 4753 315 4804 25
332 4755 468 4802 resumitur
552 4755 586 4805 28
609 4769 748 4814 summurn,
771 4771 903 4818 suprascr
923 4755 941 4803 i·
961 4753 1139 4819 perlectionem
1226 4757 1259 4804 34
1281 4753 1344 4804 Post
1362 4752 1462 4802 diuidat
1478 4755 1575 4819 aliquot
1675 4759 1676 4768 ¹

280 4819 405 4872 99999919
422 4830 586 4874 economus.
654 4824 688 4875 35
705 4837 791 4875 esse..
802 4819 900 4896 ..etpr]
921 4822 1036 4871 uideatur
1053 4821 1155 4871 restitui
