3346 5558
476 392 551 445 CVM
570 391 777 444 exoniensis
794 391 966 445 INEDI'I'IS.
1208 403 1363 452 ccxxxix

149 581 227 656 Sed,
258 599 296 640 nc
321 584 432 656 lonpus
458 579 531 655 siro,
565 582 623 642 ltoc
655 584 749 642 solum
776 597 1011 642 commemorare
1038 577 1122 654 libet,
1159 581 1241 656 quod
1261 598 1295 656 p.
1326 586 1364 638 32

77 682 166 744 editor
187 683 343 745 Romanus
366 683 409 743 uel
428 685 702 760 metamorphoseos
729 699 836 743 nomeu
864 683 1079 744 illustrandum
1107 697 1147 740 ex
1168 680 1274 743 codice
1302 683 1362 743 Vu-

79 783 171 846 ticono
188 789 352 864 proponit:
380 787 456 846 sicut
484 784 609 847 Ouidius
637 785 758 864 scripsit
785 783 878 844 libros
904 783 954 844 XV
984 781 1033 845 uel
1055 781 1196 862 amplius,
1223 781 1256 844 iu
1283 784 1363 844 libro

80 887 218 950 Berncust'
238 890 424 949 emendatius
444 885 554 949 scribi:
583 889 662 948 siout
691 884 809 947 ouidius
837 883 960 948 scribsit
981 887 1011 947 in
1034 883 1128 946 libros
1149 884 1200 946 XV
1222 883 1270 946 uel
1293 903 1363 965 apu-

80 987 139 1058 lius,
162 989 310 1068 Apuleius
330 988 461 1061 scilicet;
488 997 517 1050 et
539 1006 618 1066 quae
634 1007 670 1066 p.
694 995 731 1047 38
760 991 921 1064 lepuulur:
949 995 981 1048 ut
1009 986 1119 1048 locutio
1148 985 1185 1047 ab
1213 985 1364 1048 inanimali

80 1089 109 1150 ad
129 1091 270 1168 animale,
294 1101 342 1154 ut:
371 1091 414 1152 ‘Si
436 1098 551 1153 tanturn
574 1099 696 1171 pectore
718 1089 813 1151 robur
835 1091 988 1170 concipit'.
1034 1087 1106 1150 Nam
1131 1095 1163 1149 ut
1183 1088 1278 1150 robur
1300 1089 1362 1149 ani·

80 1211 147 1254 nam
168 1213 229 1256 non
251 1194 349 1265 habet,
371 1197 411 1256 ita
434 1193 588 1262 Traianus.
613 1194 660 1256 cui
683 1191 740 1254 hnc
762 1192 880 1263 dicitur,
904 1193 1034 1253 animum
1058 1189 1162 1260 habet.
1187 1209 1249 1270 pro
1271 1189 1310 1253 iis
1331 1193 1363 1252 in

81 1303 137 1355 eru
157 1297 310 1358 Bemeusi
329 1298 406 1358 iaec
426 1304 552 1358 extare:
575 1303 609 1358 nt
630 1295 763 1374 loquutin
786 1302 975 1373 perornetur,
999 1301 1028 1354 et
1051 1294 1081 1354 in
1098 1292 1268 1372 euangelio:
1293 1295 1360 1372 ‘ego

81 1413 137 1456 snm
163 1400 234 1459 uitis
261 1401 362 1459 uera'.
405 1396 449 1461 Ab
477 1395 631 1460 inanimali
660 1396 696 1457 ad
719 1395 860 1466 animale,
891 1405 924 1457 ut
950 1429 992 1439 -
1019 1397 1177 1476 conspicis.
1228 1394 1301 1457 Nam
1330 1402 1363 1455 ut

81 1497 163 1558 robur
183 1501 286 1562 -ita
309 1509 414 1562 turnus
437 1502 484 1562 cni
509 1499 583 1560 haec
605 1495 714 1560 dicitur
736 1499 863 1560 animem
886 1498 985 1560 habet.
1022 1498 1085 1559 Sed
1105 1499 1143 1558 de
1163 1495 1287 1559 Iulinuo
1302 1499 1363 1558 iem

83 1603 145 1661 sotis
166 1603 277 1664 diction
298 1611 351 1663 est.

626 2239 807 2322 vm.

427 2435 503 2520 nn
524 2393 823 2522 sinerem
844 2435 1006 2522 anre.

160 2848 242 2910 Inter
268 2848 397 2910 soledos
424 2847 540 2912 codc'ees
567 2853 731 2912 Berueusis
759 2852 786 2910 Α
816 2856 852 2911 92
878 2869 937 2911 ur..
954 2854 991 2908 22
1017 2846 1227 2924 Smuropdi
1251 2861 1369 2922 quoque

90 2953 154 3012 artis
173 2958 258 3014 atui
274 2951 484 3028 fragmentum
505 2956 621 3016 soeculi
640 2952 852 3028 XII—XIII,
877 2954 977 3028 cuius,
1003 2965 1184 3028 quemquern
1204 2949 1296 3010 mullo
1316 2965 1367 3008 ue·

90 3052 213 3116 iusim
239 3055 284 3115 od
310 3061 416 3116 nostro
444 3063 580 3133 temporo
608 3057 757 3117 deffluere
782 3053 848 3116 eius
870 3054 1007 3132 opusculi
1026 3049 1100 3114 libri
1121 3047 1364 3126 Fruucouollici,

91 3157 122 3214 de
139 3155 240 3232 quous
260 3158 357 3218 odeas
377 3157 418 3218 H.
440 3159 589 3220 Keilium:
613 3160 652 3218 de
670 3154 882 3234 grammaticis
904 3154 1084 3232 amulum
1105 3151 1225 3215 Latinis
1245 3150 1367 3226 iufiruoe

17 3329 19 3352 ι
92 3262 184 3321 matu
197 3278 232 3337 p.
259 3265 293 3318 19
313 3275 392 3334 seq„
412 3267 521 3334 ,lumen
550 3266 722 3336 opportuno
750 3257 799 3320 rei
826 3259 1054 3334 cognoscendae
1075 3257 1176 3318 colato
1197 3255 1365 3328 occasione,

92 3357 152 3432 quio
170 3363 224 3420 illo
246 3377 300 3421 ors
321 3360 456 3420 noudum
477 3364 556 3437 lypis
577 3377 724 3438 expresso
746 3369 803 3440 est,
831 3362 886 3421 sed
911 3377 952 3421 ex
975 3357 1090 3437 paucus
1111 3358 1293 3420 solwnmodo
1314 3372 1367 3416 ex·

91 3471 243 3537 cerplonun
262 3461 403 3534 sntslulis
424 3459 561 3537 inuoluit,
586 3465 734 3524 nonnullo
756 3461 892 3524 delibare
913 3459 1130 3524 constituimus.
1171 3459 1293 3521 dorstet
1306 3455 1366 3533 ipi-

92 3571 131 3620 tnr
152 3563 358 3640 fropuenuem
388 3562 545 3625 Berncrtse
577 3573 720 3641 quattuor
745 3563 850 3642 soliis,
885 3581 1010 3642 quorum
1042 3565 1115 3624 bino
1146 3559 1194 3623 itu
1224 3558 1306 3622 iuter
1337 3576 1368 3618 se

92 3673 176 3726 nuuc
196 3669 360 3728 coniuncto
381 3673 467 3740 suul,
498 3675 530 3727 ut
547 3669 682 3744 prinum
704 3674 904 3744 quartumque
925 3666 969 3726 od
983 3664 1121 3742 prioreru
1143 3661 1217 3725 libri
1233 3670 1365 3739 periero,

92 3771 235 3829 muudum
257 3773 332 3829 uero
353 3777 382 3827 et
402 3765 525 3828 tertium
547 3771 590 3829 ed
611 3777 778 3832 extremum
793 3766 933 3847 opusculi
944 3771 1035 3842 men
1051 3764 1241 3844 pertinuisse
1249 3772 1366 3841 potent.

93 3869 170 3944 Atque
186 3871 245 3943 sol.
268 3871 290 3931 I
309 3872 348 3930 de
368 3873 488 3931 nomine
502 3873 608 3946 cipitur
621 3872 785 3934 secundum
804 3871 920 3932 Donati
939 3877 1036 3930 artem
1050 3868 1087 3930 ΙΙ
1103 3886 1138 3945 p.
1156 3875 1223 3944 373,
1243 3867 1302 3942 sol.
1319 3867 1372 3928 Ν

93 3969 120 4028 ie
137 3971 301 4034 umnec
316 3969 498 4049 possessiuis
512 3971 778 4050 etpclronomicis,
796 3973 857 4047 sol.
873 3973 912 4034 ΙΙ
924 3973 962 4034 de
972 3968 1220 4050 praepositione,
1239 3969 1299 4044 fol.
1314 3969 1371 4030 III

93 4071 120 4130 de
136 4072 351 4138 uoeneelioue.

159 4207 247 4291 illel.
265 4211 297 4272 1⁸
313 4207 325 4293 ΙΙ
347 4257 354 4272 .
378 4258 386 4272 .
410 4260 417 4272 .
441 4257 448 4271 .
472 4221 657 4291 segregaret,
681 4221 732 4274 eut
752 4212 834 4282 iden,
865 4213 933 4290 quia
956 4229 1016 4272 non
1038 4211 1190 4272 inuenitur
1213 4209 1243 4270 in
1266 4226 1367 4269 rernm

93 4301 178 4356 utura
200 4295 318 4367 nomen,
341 4297 420 4377 qnod
444 4297 565 4358 omnino
588 4307 688 4361 careat
710 4315 781 4360 casu
805 4295 853 4358 nel
876 4305 958 4358 certe
973 4304 1142 4377 propterea,
1165 4303 1198 4356 ut
1220 4295 1366 4374 suspicor,

93 4377 170 4454 qnod.
198 4389 232 4443 nt
258 4381 416 4461 diligenter
444 4381 601 4454 adtendas,
629 4382 699 4444 huic
727 4383 783 4444 soli
813 4390 927 4444 tantum
955 4383 1032 4462 parti
1060 4381 1234 4443 naturaliter
1263 4376 1370 4439 accidit

94 4478 172 4527 ersus
212 4465 285 4528 Nam
309 4469 498 4548 participium
521 4485 579 4529 non
604 4486 620 4529 a
642 4487 675 4530 se
698 4467 795 4540 habet,
820 4467 872 4530 sed
894 4475 928 4528 ut
949 4467 1114 4528 bonatus
1136 4469 1186 4538 ait,
1209 4484 1227 4526 a
1248 4465 1368 4526 nomine

78 4550 186 4628 srccipit
199 4569 308 4630 genera
331 4561 361 4614 et
376 4570 471 4615 casus.
503 4552 671 4614 Pronomcn
688 4563 787 4615 antem
803 4559 833 4615 et
854 4551 1111 4629 Aristotelici,
1133 4547 1185 4632 qui
1208 4550 1280 4612 duas
1302 4557 1366 4612 tan·

17 4671 19 4760 D
98 4637 147 4693 lum
170 4653 231 4698 esse
257 4637 397 4700 dixerunt
425 4645 525 4717 partes
555 4641 710 4709 orationis,
738 4639 817 4701 idest
837 4656 946 4700 nornen
970 4647 999 4698 et
1021 4637 1157 4708 uerbum,
1181 4644 1211 4698 et
1232 4636 1366 4707 Stoici,

99 4743 301 4765 *Q-——a--n

153 4819 191 4872 iol.
210 4823 233 4872 Ι·
251 4828 265 4874 1
284 4822 441 4891 segregaret]
460 4825 558 4877 Douuli
565 4841 593 4889 p.
605 4829 693 4889 373st
705 4827 798 4877 uerbo:
818 4829 922 4876 ‘nomen
941 4835 1058 4890 estpars
1078 4825 1201 4876 cretionis
1219 4839 1276 4874 cnm
1294 4826 1366 4875 cnsu’

102 4890 239 4948 reptouuur
305 4893 465 4957 4D0natusl
482 4912 509 4959 p.
530 4895 590 4958 eet,
610 4897 640 4943 19
