3316 5566
603 269 813 324 susannem.
1319 265 1360 332 73

61 459 184 522 Thebae
207 469 341 532 uocatur,
364 469 396 522 ct
418 457 552 522 urbanos
574 458 611 522 ab
633 457 707 521 urbe
729 460 909 527 nominatur,
933 463 963 518 et
984 456 1081 520 ciuilis
1103 475 1119 518 a
1142 457 1262 519 claritate
1283 473 1358 518 onn-

62 572 198 643 ropator.
237 561 300 624 Alia
322 570 393 624 sunt
415 563 548 634 numeri,
572 569 605 624 nt
626 579 703 623 nnus
724 561 783 622 dno
806 569 880 622 tres:
908 559 983 621 haec
1005 577 1076 638 ergo
1098 560 1218 622 nomina
1242 560 1360 621 numeri

63 665 95 726 ab
121 683 186 728 ιιιιο
213 683 303 745 nque
330 664 368 725 ad
396 673 458 726 tres
486 663 690 735 declinantur,
717 682 735 725 a
763 670 903 744 quattuor
931 668 1030 724 autern
1059 679 1152 742 usquo
1179 659 1216 722 ad
1239 669 1358 724 centone

64 787 118 828 noo
146 766 350 835 declinantur,
378 785 395 828 a
423 765 558 830 ducentis
586 785 659 828 uero
685 783 780 846 usqne
802 765 839 826 ad
862 763 942 828 mille
964 761 1162 827 declinantur.
1206 762 1283 826 Sunt
1304 763 1359 826 alia

43 869 188 938 sordiois,
210 877 241 930 ut
263 869 379 948 primos
399 868 551 932 amundus
572 869 688 930 tertius.
734 866 810 928 Sunt
832 867 887 928 alia
910 867 947 930 ad
970 864 1079 946 aliquid
1101 865 1196 936 dicta,
1224 883 1300 945 quas
1322 864 1358 927 ad

64 971 144 1032 aliana
168 989 326 1052 personam
349 971 540 1040 referuntur,
568 978 602 1031 ut
622 971 765 1050 magister
786 969 925 1032 dominus
948 975 1048 1051 pater,
1072 985 1147 1046 quae
1169 968 1292 1034 relatiua
1315 967 1358 1030 di·

65 1083 184 1144 ιιιιιιιιι,
210 1075 279 1151 qnia
307 1072 345 1134 ad
374 1071 446 1134 alias
472 1089 617 1153 personas
644 1075 833 1142 referuntur,
861 1071 891 1132 id
914 1079 961 1132 est
983 1069 1018 1132 ad
1042 1089 1201 1152 personam
1223 1067 1358 1150 discipali

66 1183 91 1234 ct
115 1177 197 1236 serui
222 1182 251 1237 et
274 1173 345 1242 tilii:
374 1174 491 1254 quando
514 1175 596 1236 enim
619 1176 761 1254 magister
783 1175 904 1244 dicitur,
933 1169 1116 1252 intellegitur
1138 1180 1168 1234 ot
1189 1171 1358 1254 discipulos,

67 1277 226 1354 etquando
249 1276 389 1338 dominus
411 1278 592 1346 nominatur,
616 1275 797 1356 intellegitur
819 1284 848 1337 et
870 1293 991 1344 carnosa
1015 1275 1058 1336 sic
1081 1281 1112 1336 et
1133 1282 1218 1354 pater
1240 1275 1359 1358 quomo

38 1377 183 1450 adicitur,
214 1377 368 1440 reueletur
401 1386 431 1438 et
464 1377 552 1440 tilius.
602 1377 665 1439 Alia
697 1377 734 1440 ad
762 1377 871 1456 aliquid
904 1375 1124 1458 quodammodo
1150 1395 1183 1438 se
1210 1375 1358 1448 habentia,

66 1499 165 1560 quaes
184 1482 332 1543 contraria
354 1481 571 1560 significatione
592 1479 669 1542 dicta
692 1485 770 1551 sunt,
795 1487 827 1542 ut
849 1479 954 1542 dexter
975 1479 1105 1549 sinister,
1128 1477 1177 1540 lux
1200 1478 1357 1548 tenchaea

67 1583 176 1662 pundo
198 1585 278 1645 eninr
300 1583 404 1644 dexter
426 1580 547 1652 dicitnr,
576 1581 759 1661 intellegitur
782 1588 812 1642 et
833 1583 965 1651 sinister,
995 1589 1025 1644 et
1052 1579 1169 1661 pando
1191 1579 1240 1643 lux
1262 1581 1358 1644 nomi·

68 1695 160 1756 ιιιιιιι,
188 1684 402 1764 intelleguntur
429 1691 460 1746 et
487 1683 645 1774 tenebrae,
673 1682 727 1746 sed
749 1702 765 1745 a
789 1685 937 1746 conuaria
959 1683 1182 1762 significatione.
1227 1683 1264 1746 Et
1285 1684 1359 1746 haec

70 1788 284 1866 sepontinum
317 1784 444 1866 gradum
472 1785 647 1866 admittunt,
683 1793 715 1848 ut
743 1786 893 1848 dexterior
920 1785 1086 1848 sinisterior
1112 1784 1248 1848 lucidior.
1299 1785 1362 1848 Sed-

42 1887 181 1951 ereiatiua
209 1897 239 1950 et
266 1887 352 1951 aliter
380 1907 413 1950 se
439 1887 578 1950 habentia
608 1889 665 1950 hoo
696 1887 846 1950 uiderunt.
897 1887 929 1948 ln
956 1887 1089 1950 relatiuis
1116 1890 1195 1950 enlm
1223 1889 1360 1950 uicinitas

69 1999 180 2052 neuras
208 1989 415 2070 insoporabilis
443 1990 624 2060 ostenditur,
653 1991 685 2052 in
712 1988 778 2051 aliis
799 2007 874 2051 uero
896 1990 1092 2052 contrarietas
1114 1999 1172 2062 est,
1200 1999 1233 2054 nt
1255 1983 1359 2054 dex'ter

71 2093 187 2163 deiero,
211 2096 298 2154 uiuos
320 2100 448 2162 mortno,
472 2090 614 2154 tenebrae
636 2091 706 2154 luci.
742 2091 806 2154 ntia
827 2101 897 2154 sunt
918 2089 1077 2170 generalia,
1101 2109 1177 2173 quae
1200 2091 1358 2156 multarunt

71 2211 158 2256 rernm
184 2203 255 2258 sont
281 2193 441 2264 uocabula.
471 2204 505 2257 nt
533 2193 657 2274 angelus
678 2196 821 2274 sapientia
844 2197 952 2274 pietas;
974 2193 1097 2274 angelos
1119 2195 1198 2256 enirn
1220 2193 1360 2273 generale

72 2313 166 2358 nomen
195 2307 240 2360 est
269 2289 306 2358 ad
334 2315 439 2360 omnes
467 2297 605 2376 angelos,
635 2305 664 2359 et
692 2298 834 2376 sapientia
863 2304 892 2358 et
921 2299 1016 2378 pietas
1038 2297 1155 2378 quando
1178 2294 1301 2373 dicitur,
1331 2304 1361 2359 et

46 2395 161 2460 odiuioa
182 2409 212 2464 ct
234 2401 363 2461 humana
386 2398 617 2463 demonstratur.
660 2400 734 2461 ltenr
756 2397 905 2478 generalia
928 2400 1047 2460 nomina
1071 2401 1191 2461 suntin
1214 2401 1361 2462 creaturis

74 2501 281 2580 corporalibus,
315 2510 349 2564 ut
377 2519 485 2582 corpus
513 2509 543 2563 et
572 2499 696 2571 animal,
731 2503 815 2582 quia,
845 2501 985 2582 quioquid
1015 2501 1135 2564 uidetur
1162 2510 1192 2565 et
1220 2504 1359 2583 tangitur,

75 2618 168 2682 corpus
195 2612 247 2668 est.
290 2605 365 2666 ltem
395 2602 503 2666 annual
526 2603 648 2675 dicitnr,
678 2603 817 2684 quicquid
839 2605 967 2666 animaru
991 2611 1021 2666 et
1042 2606 1133 2666 uitam
1156 2603 1261 2674 habeta
1291 2623 1360 2668 uam

75 2713 97 2763 et
119 2704 205 2768 homo
233 2714 264 2768 et
290 2724 385 2784 equus
412 2714 442 2768 et
468 2705 523 2768 bos
546 2713 575 2768 et
597 2707 663 2768 ouis
686 2715 715 2768 et
737 2708 836 2768 annos
857 2705 993 2768 animalia
1015 2705 1162 2769 dicuutur.
1205 2704 1268 2770 atta
1291 2714 1361 2770 sunt

76 2807 214 2884 specialia,
237 2817 272 2870 nt
294 2809 384 2870 homo
407 2826 503 2887 equos
525 2808 599 2887 lapis
621 2806 733 2888 lignum
756 2808 865 2870 humus
887 2816 917 2869 et
939 2815 1048 2870 cetera.
1086 2807 1166 2870 liaeo
1189 2811 1268 2870 eninr
1291 2827 1359 2890 par·

48 2913 124 2970 *len
142 2909 348 2990 genualitatis
370 2911 583 2972 demonstrant.
630 2908 693 2972 atta
715 2909 871 2981 nerbialia‚
900 2919 934 2973 ut
955 2909 1061 2973 doctor
1081 2907 1094 2994 ΙΙ
1110 2911 1130 2974 1.
1146 2907 1233 2995 84'l
1255 2910 1360 2988 lector,

77 3028 139 3088 quae
163 3015 232 3076 ideo
259 3011 403 3076 uerbialia
431 3012 584 3083 dicuntur,
613 3013 681 3092 quio
704 3031 721 3074 a
743 3011 846 3075 uerbis
868 3011 962 3074 doceo
985 3019 1014 3074 et
1035 3011 1102 3092 lego
1125 3015 1274 3086 oriuntur,
1302 3014 1360 3076 hoc

77 3123 112 3174 cst
134 3133 149 3176 a
175 3115 302 3194 gerendi
331 3115 434 3187 modo,
464 3125 496 3176 ut
523 3114 649 3176 docendi
677 3113 812 3176 docendo
839 3113 1005 3176 docendum
1029 3115 1149 3179 doetnnr
1177 3116 1267 3179 doctu
1288 3134 1360 3178 con·

79 3231 149 3278 uena
162 3237 183 3279 n
197 3220 228 3280 iu
245 3237 263 3279 o
279 3226 310 3280 et
330 3217 428 3278 addita
445 3236 460 3278 r
475 3218 546 3278 lacit
568 3217 688 3287 doctor;
717 3219 760 3278 sio
783 3215 901 3296 legendi
922 3215 1049 3296 legendo
1070 3217 1228 3298 legendnm
1251 3217 1359 3281 lectum

10 3303 12 3314 ’
77 3311 141 3378 locta
160 3320 265 3381 lector.
309 3319 480 3381 Entitius
502 3319 588 3382 dicit:
618 3319 666 3380 Ex
696 3316 818 3380 tribus
846 3320 952 3400 qnasi
981 3318 1150 3382 lontibus
1173 3319 1360 3383 uerbtalia

10 3475 12 3490 ,
52 3423 210 3483 ananiae
233 3421 426 3491 oriuntur,
449 3421 546 3483 idest
567 3421 610 3482 ab
634 3420 845 3484 indicatiuo
867 3423 1077 3502 praesenti,
1107 3442 1123 3484 a
1146 3425 1361 3503 praeterito

11 3581 12 3610 ἶ
79 3524 243 3596 perlecto,
267 3521 311 3586 ah
334 3523 537 3585 inlinitiuo
560 3523 687 3585 t'nturo
709 3541 774 3584 seu
797 3541 812 3584 a
835 3525 1066 3605 participiis.
1111 3522 1236 3586 Nomina
1252 3531 1359 3596 autern,

10 3613 12 3690 ι
79 3638 140 3698 quse
164 3626 203 3688 ab
229 3625 392 3688 indioatiuo
419 3627 570 3706 praesenti
596 3625 735 3694 ueniunt,
763 3633 835 3705 quot
862 3627 1088 3689 terminationes
1110 3625 1238 3688 habenti
1282 3625 1362 3690 ldest

10 3760 12 3816 p
80 3723 166 3802 uiginti
188 3729 430 3790 terminationes:
453 3729 483 3788 in
506 3746 538 3797 a,
562 3729 593 3788 in
616 3746 646 3798 a,
670 3728 700 3788 iu
717 3745 749 3797 o,
773 3729 804 3789 in
819 3747 884 3799 nm,
908 3729 938 3790 in
954 3730 1032 3799 ium,
1055 3728 1086 3789 tn
1101 3727 1220 3805 bulum,
1243 3731 1274 3792 in
1297 3731 1360 3794 iocr-

10 3854 12 3933 p
79 3819 140 3897 lun,
168 3831 200 3892 in
221 3831 318 3899 imon,
348 3830 450 3899 inor,
478 3831 509 3890 in
532 3847 565 3890 es
586 3836 646 3891 tam
669 3828 793 3892 brenam
816 3848 904 3911 quaro
928 3831 1061 3911 longam,
1090 3832 1119 3892 in
1142 3830 1225 3904 hilis,
1248 3832 1360 3905 in'ilis

56 3925 103 3986 ein
122 3951 187 4001 urus,
209 3933 241 3992 in
264 3930 399 4001 bundus,
421 3935 454 3993 ιἰι
475 3933 559 4001 idus,
581 3933 612 3992 in
636 3929 718 4002 olus,
741 3935 772 3994 ln
795 3951 846 4004 ax,
869 3933 899 3994 in
917 3952 967 4006 ex,
990 3935 1021 3996 in
1038 3953 1106 4015 eps,
1129 3937 1161 3998 in
1177 3954 1248 4004 oen,
1270 3936 1301 3996 in
1318 3955 1362 3997 os.

10 4057 12 4116 ι
81 4024 105 4088 lo
124 4051 150 4102 a,
174 4040 207 4095 ut
229 4032 328 4096 scribo
350 4031 464 4103 scriba,
487 4033 568 4112 logio
589 4035 673 4113 loga,
696 4053 752 4096 ruo
775 4035 876 4106 ruina,
899 4035 1025 4098 aduenio
1048 4036 1178 4106 aduena,
1202 4037 1272 4098 uiuo
1292 4055 1362 4099 eon·

93 4230 97 4239 ¹
134 4169 278 4218 torbaons
312 4167 395 4218 cibilis
431 4179 592 4235 noncupetur
660 4169 775 4236 3usque
792 4187 808 4219 o
876 4170 943 4220 aad
960 4167 1042 4221 tulituli
1095 4174 1127 4224 10
1144 4171 1279 4222 habentieo
1332 4174 1362 4223 11

10 4275 11 4304 ἶ
82 4233 173 4286 ιιιίιιιι
205 4237 309 4287 tenebre
362 4238 393 4286 ta
411 4237 520 4286 sinister
572 4238 603 4287 13
622 4236 724 4288 terrebre
777 4239 810 4289 14
827 4239 972 4290 sinisterior
1024 4243 1056 4291 lb
1074 4239 1214 4290 renelntino
1249 4249 1274 4288 et
1291 4239 1364 4291 aliter

10 4316 13 4350 ι
84 4300 241 4371 relabentis]
265 4305 390 4356 Fortasse
411 4303 523 4355 scribas:
551 4316 576 4354 et
598 4305 631 4354 td
653 4305 749 4368 aliquid
772 4306 963 4369 quodammodo
982 4323 1010 4358 se
1028 4307 1147 4359 habentia
1198 4304 1316 4357 deterunt
1337 4309 1363 4358 io

84 4370 209 4424 reuelatiois
279 4373 312 4423 16
331 4382 419 4423 outure
470 4372 560 4422 dextro
578 4373 686 4423 sinistro
757 4376 787 4425 17
804 4375 872 4425 tebre
889 4375 939 4425 tout
990 4378 1024 4427 23
1041 4391 1104 4438 equs
1123 4386 1150 4428 st
1167 4387 1231 4425 ones
1250 4383 1274 4425 et
1291 4377 1365 4426 ιιιὶιιιι

83 4435 108 4484 ²4
122 4447 193 4502 equ¹s
261 4441 377 4492 assuto
420 4441 555 4507 legendam
623 4442 656 4492 29
674 4441 791 4508 euticius]
808 4444 842 4505 cs.
856 4441 1283 4510 nurpct.p.452,51t.(uromm.
1301 4445 1364 4498 leot.

87 4501 132 4556 Vti-
146 4509 178 4572 V)
247 4511 282 4561 30
298 4509 414 4559 criuntur
464 4505 604 4576 praesenti]
623 4509 709 4560 luturo
778 4519 883 4578 spreto
935 4513 968 4562 32
986 4511 1056 4572 quod
1124 4514 1158 4563 83
1176 4507 1281 4578 uiginti]
1300 4513 1365 4565 Sunt

83 4575 151 4632 litiis·
166 4579 256 4643 umas
270 4593 330 4628 uuo.
349 4593 407 4628 notu
424 4577 506 4628 ‘idus'
524 4579 679 4641 terminatio,
699 4595 752 4628 cum
764 4580 790 4630 iu
802 4580 925 4644 exemplis
936 4579 1048 4630 tondetis
1064 4581 1143 4629 locum
1155 4579 1256 4643 ment,
1274 4582 1366 4650 utpiuti

84 4639 252 4696 fflroddeodo
270 4653 317 4698 est.
370 4645 395 4694 iu
414 4642 479 4713 iuna]
498 4645 523 4695 iu
542 4659 603 4696 ιιιιιιι
655 4649 688 4698 35
706 4648 731 4696 in
751 4649 808 4698 idus
826 4663 873 4699 om.
943 4648 976 4698 36
993 4647 1020 4696 ln
1040 4661 1055 4696 o
1072 4643 1134 4713 ete]
1155 4647 1365 4705 Teminutionum

86 4716 220 4766 metatio
238 4713 271 4764 ob
288 4713 413 4780 Eutychis
430 4715 520 4766 ordine
538 4715 577 4780 (p.
594 4717 660 4775 452,
679 4717 713 4765 10
729 4715 796 4782 seq.)
815 4715 951 4773 adhorret:
969 4731 1117 4784 quamquam
1134 4724 1161 4768 et
1176 4721 1253 4771 multo
1270 4723 1323 4774 olto
1339 4728 1365 4775 et

85 4777 175 4837 wissa
189 4782 329 4846 formum
347 4785 464 4847 exempto
481 4783 540 4834 inde
555 4785 640 4848 petito
655 4788 722 4845 suot,
742 4790 900 4836 tumescunt
917 4787 1037 4837 nonnulla
1054 4786 1156 4838 aliunde
1173 4791 1288 4845 collecta.
