3316 5566
286 359 347 424 118
803 361 871 415 aas
889 361 1062 414 anonrmn

368 551 401 612 ln
425 568 460 610 us
482 559 556 630 quot
577 568 687 629 genera
710 551 921 612 inueniuntur?
965 548 1045 612 ldest
1072 557 1225 631 quattuor,
1255 549 1416 612 masculina
1440 551 1582 611 feminina

285 661 387 714 neutra
416 652 600 722 communia:
630 651 839 724 masculinum,
869 661 901 714 ut
928 652 976 713 hic
1004 651 1100 730 lepus.
1145 653 1215 714 lude
1245 652 1470 713 Priscianus
1501 651 1582 712 dicit:

284 753 476 844 excipitur
505 751 798 834 lepus'leporis,
829 753 925 832 quod
953 751 1070 815 solum
1100 754 1344 817 masculinum
1373 755 1408 814 in
1437 774 1482 816 us
1506 773 1582 814 cor·

283 862 424 934 raptam
460 853 636 916 desinens
669 856 809 918 tertiae
842 854 1113 918 declinationis
1145 857 1350 919 inuenitur.
1405 855 1443 917 Et
1479 857 1584 936 pignus

282 955 428 1038 pignoris,
458 955 576 1036 quando
605 956 641 1018 de
669 955 729 1018 fllia
757 957 880 1027 diuitum
910 958 1028 1038 quando
1056 964 1152 1020 autem
1182 957 1219 1020 de
1245 967 1349 1020 mutuo
1372 957 1502 1027 dicitur,
1531 957 1605 1017 hors

262 1055 391 1139 ‘pignus
419 1058 552 1137 pigneris
574 1059 652 1119 iacit.
697 1059 885 1120 Femininnm
907 1063 1062 1139 proprium
1086 1061 1115 1120 in
1140 1079 1174 1122 us
1196 1067 1364 1141 correptam
1387 1058 1466 1120 haec
1491 1059 1586 1118 Venus

284 1160 415 1222 Veneris.
465 1157 696 1222 Priscianus:
732 1161 817 1221 ideo
846 1159 964 1221 Venus
993 1161 1148 1223 Veneris
1180 1161 1287 1233 iacit,
1322 1179 1366 1222 ne
1400 1161 1431 1222 sl
1467 1159 1586 1222 Venus

283 1260 663 1332 Venideclinaretur,
688 1260 963 1324 dubitationem
981 1261 1138 1325 haberet
1154 1263 1355 1341 genetiuus
1371 1281 1453 1324 cum
1473 1261 1585 1324 uerbo

283 1365 511 1444 imperatiuo
535 1365 662 1426 ‘ueni’.
701 1363 884 1444 Appellatiua
909 1363 1048 1426 feminina
1072 1367 1101 1426 io
1127 1383 1161 1424 us
1183 1364 1369 1444 productam,
1393 1373 1426 1425 ut
1451 1364 1504 1425 lric
1527 1382 1585 1424 ser·

283 1467 361 1528 uitus
384 1465 481 1526 uirtus
503 1467 642 1528 iuuentus
665 1475 818 1537 senectus,
842 1467 912 1526 item
936 1465 1009 1526 llaec
1033 1465 1120 1528 tellus
1143 1463 1272 1534 telluris,
1297 1465 1370 1527 llaec
1392 1465 1483 1546 palus
1506 1466 1583 1546 palu·
1597 1479 1615 1517 ιι

283 1567 342 1636 dis,
364 1567 439 1628 haec
462 1585 554 1647 pecus
576 1567 716 1648 pecudis,
741 1569 825 1629 incus
847 1567 979 1638 incudis,
1004 1587 1040 1629 eo
1062 1568 1140 1649 quod
1164 1566 1314 1630 metalium
1337 1567 1408 1629 lruic
1430 1569 1584 1634 incutitur,

282 1689 298 1730 a
327 1668 421 1730 uerbo
449 1667 526 1730 cudo
552 1655 740 1749 paenultima'
761 1689 796 1731 cu
826 1669 979 1750 producta.
1033 1669 1103 1731 ltcm
1132 1670 1188 1730 hoc
1217 1687 1309 1750 pecus
1336 1671 1477 1749 pecoris,
1510 1667 1584 1749 quod

285 1778 423 1832 neutrum
454 1779 514 1831 est:
555 1773 750 1832 uetustissimi
779 1772 866 1833 etiam
894 1770 969 1832 ‘lroc
991 1773 1085 1851 perrr’
1109 1770 1246 1833 dicebant
1269 1779 1299 1832 et
1321 1769 1483 1849 pluraliter
1506 1769 1585 1830 ‘haec

285 1875 402 1954 pecua’.
448 1869 635 1934 Hostilius
658 1872 741 1934 dicit:

436 1974 553 2054 Saepe
576 1993 711 2054 greges
735 1993 889 2056 pecuum
913 1993 954 2035 ex
977 1973 1149 2036 hibernis
1172 1974 1519 2054 pastibuspulsae.
1599 1987 1617 2024 ιι

283 2077 436 2138 Solinus
465 2076 502 2136 de
525 2075 692 2137 Britannia:
723 2079 772 2137 ita
802 2074 998 2156 pabulosa,
1028 2083 1066 2137 ut
1093 2095 1224 2157 pecua,
1254 2078 1327 2138 nisi
1356 2077 1584 2138 interduma

283 2175 458 2258 pastibus
484 2185 701 2247 arceantur,
731 2177 771 2238 ad
795 2176 1007 2257 periculum
1031 2185 1116 2256 agat
1138 2180 1305 2240 satietas.
1350 2179 1466 2241 Neutra
1492 2181 1522 2240 in
1546 2196 1584 2244 os.

285 2286 316 2339 ut
348 2279 405 2340 hoc
433 2277 519 2340 leolus
548 2277 659 2339 holeris
688 2278 793 2339 loedue
820 2296 931 2358 corpus
958 2287 1062 2360 pectus
1086 2280 1200 2354 foenus
1227 2281 1358 2342 foenoris
1388 2289 1419 2340 ot
1449 2281 1585 2342 locareris.

284 2379 367 2441 Vnde
390 2381 514 2442 loenero
536 2378 662 2441 uerbum
686 2389 715 2440 et
738 2381 916 2450 loenerator,
940 2381 1048 2460 pignus
1070 2381 1146 2443 latus
1169 2399 1276 2442 urunus
1291 2380 1375 2442 sidus
1391 2380 1482 2443 ulcus
1497 2380 1587 2442 uellus

284 2483 402 2544 uulnus.
419 2478 468 2564 111.
484 2477 564 2543 1061
580 2479 591 2564 ΙΙ
608 2481 680 2543 ltem
704 2492 809 2545 neutra
833 2480 1034 2564 monosyllaba
1058 2483 1162 2544 tertiae
1184 2483 1389 2545 declinationis
1412 2486 1443 2545 in
1463 2503 1498 2545 ns
1514 2483 1585 2542 desi·
1597 2499 1616 2538 eo

290 2585 390 2645 nentia
412 2583 629 2663 producuntur,
654 2592 686 2644 ut
708 2584 764 2645 hoc
786 2587 834 2646 ius
854 2585 926 2645 iuris
948 2595 996 2648 tus
1018 2585 1093 2645 turis
1107 2603 1164 2646 rus
1179 2587 1260 2646 roris
1275 2603 1344 2646 crus
1358 2588 1469 2648 cruris.
1508 2585 1588 2646 Corn.

291 2685 391 2746 munia
415 2684 542 2747 duorum
565 2703 722 2764 generum,
750 2694 782 2748 ut
803 2686 853 2746 hic
876 2693 904 2746 et
927 2686 1000 2748 haec
1022 2705 1094 2765 grus
1115 2689 1205 2766 gruis,
1228 2687 1276 2748 hic
1298 2696 1327 2748 et
1348 2687 1423 2748 ilaec
1447 2707 1501 2749 sus
1523 2687 1587 2754 suis,
1641 2699 1642 2714 ¹

290 2787 369 2865 quod
393 2795 422 2849 et
445 2788 530 2848 ‘suis’
554 2787 736 2848 nominatiuo
759 2787 877 2858 dicitnr,
902 2797 949 2850 ut:
973 2791 1049 2850 suis
1078 2789 1151 2850 lota
1181 2788 1349 2851 inuoluta
1379 2808 1471 2851 uero
1501 2790 1584 2850 luto.

288 2889 505 2958 Promiscuum,
522 2897 554 2950 ιιι
570 2888 641 2950 haec
665 2909 730 2951 mus
755 2890 862 2958 muris:
887 2909 1044 2952 commone
1067 2893 1156 2952 trium
1178 2908 1331 2969 genemm,
1357 2899 1388 2952 ut
1405 2891 1456 2954 hic
1473 2901 1503 2952 et
1518 2891 1584 2950 lraec

286 2999 316 3052 et
329 2992 386 3053 ltoe
409 2998 496 3053 uetus
519 2974 638 3062 ueteris,
663 2991 710 3052 llic
734 2997 764 3052 et
786 2991 859 3052 haec
883 3001 912 3052 et
935 2991 991 3052 hoc
1012 2993 1103 3072 Ligus
1125 2992 1242 3071 liguris
1264 2992 1302 3053 de
1324 2993 1443 3072 Liguria
1469 2989 1584 3072 gentile.
1596 3003 1615 3042 ιι

287 3093 370 3153 Scire
386 3101 485 3154 autem
506 3091 660 3164 debemus,
684 3103 787 3155 neutra
812 3095 931 3155 nomina
955 3097 1059 3156 tertiae
1082 3094 1290 3157 declinationis
1312 3097 1342 3155 in
1366 3113 1400 3156 os
1423 3093 1584 3158 desinentia

288 3195 453 3256 triformem
477 3193 611 3274 regulam
634 3195 664 3256 iu
688 3187 836 3274 genetiuis
858 3195 984 3258 habere:
1014 3205 1064 3256 aut
1087 3199 1165 3258 enim
1189 3199 1218 3256 in
1243 3199 1303 3258 oris
1325 3198 1535 3264 terminantur,
1559 3201 1586 3251 ut

289 3315 397 3377 corpus
426 3299 561 3376 corporis
588 3305 692 3376 pectus
722 3299 852 3377 pectoris
874 3305 992 3378 tempus
1015 3301 1172 3379 temporis:
1201 3307 1251 3360 aut
1273 3299 1303 3358 in
1328 3301 1400 3369 eris,
1432 3309 1465 3359 ιιι
1487 3293 1585 3357 foedos

288 3398 418 3460 foederis
440 3397 527 3460 holus
549 3398 670 3462 holeris.
707 3397 780 3459 ltem
803 3400 911 3479 pignus
935 3401 1068 3479 pignoris
1089 3401 1169 3470 iacit,
1192 3398 1311 3479 quando
1334 3399 1370 3462 de
1393 3398 1456 3460 lilio
1472 3399 1583 3462 dicitnr,

288 3507 318 3560 et
339 3502 445 3581 pignus
468 3503 617 3580 pigneris,
641 3499 757 3582 quando
781 3499 817 3560 de
841 3511 954 3564 mutuo.
997 3503 1055 3563 llut
1077 3503 1107 3562 in
1130 3503 1192 3562 uris
1214 3511 1339 3571 exeunt,
1369 3508 1401 3562 ut
1423 3519 1478 3563 rus
1501 3498 1582 3560 ruris.
1596 3512 1616 3550 ιι

290 3602 324 3662 Et
352 3603 450 3664 omnia
479 3603 669 3683 conparatiua
699 3610 805 3694 neutra
834 3603 864 3664 in
893 3621 927 3664 us
956 3603 1120 3664 desinentia
1151 3605 1255 3664 tertiae
1282 3602 1489 3666 declinationis
1510 3603 1583 3664 sont

287 3703 408 3784 utplus
430 3703 525 3784 pluris
548 3713 577 3767 et
599 3708 694 3767 maius
718 3706 839 3766 maioris
861 3713 890 3766 et
913 3705 1017 3767 melios
1041 3705 1184 3766 melioris.

374 3805 406 3866 lu
430 3823 465 3866 ax
489 3817 560 3886 quot
583 3825 693 3887 genera
716 3807 925 3868 inueniuntur?
970 3807 1048 3869 idest
1070 3808 1136 3885 tria,
1160 3805 1320 3868 masculina
1343 3808 1485 3868 leminina
1508 3817 1583 3862 com·

291 3908 404 3976 omnia:
429 3909 623 3970 masculinum
646 3911 810 3989 proprium,
835 3917 866 3970 ut
886 3909 934 3970 lric
949 3911 1023 3969 Aiax
1037 3909 1142 3978 Aiacis,
1167 3915 1199 3969 ut
1214 3914 1260 3969 est
1274 3907 1360 3969 illud:
1385 3910 1475 3968 Aiax
1497 3901 1584 3964 ierit

290 4008 436 4081 dolens:
466 4009 623 4081 feminina,
654 4019 686 4072 ut
707 4010 781 4074 haec
802 4029 860 4091 pax
882 4013 979 4091 pacis,
1006 4010 1112 4072 lornax
1131 4011 1286 4084 fornacis,
1309 4013 1424 4072 climax
1447 4003 1613 4070 elimasse

359 4183 518 4190 --———-—-—

356 4289 719 4366 tPrtseianus11p.2e⁴,d
770 4298 907 4350 ddesines
925 4299 999 4348 tertia
1050 4299 1116 4350 lide
1134 4299 1339 4349 mortuodicitor
1398 4284 1581 4349 'lPriscianusl

288 4366 305 4418 1
319 4383 348 4432 p.
362 4369 465 4428 269,21
517 4367 579 4418 iacit
597 4369 652 4418 nesi
672 4383 752 4418 uenus
837 4369 1005 4419 rotonenses
1071 4370 1100 4419 11
1120 4366 1248 4417 metallum
1267 4363 1336 4432 huic]
1356 4366 1428 4416 melle
1446 4365 1486 4416 iris
1552 4357 1580 4405 li

289 4435 455 4486 uetu¹tlssimi
510 4439 541 4488 13
559 4435 607 4486 hoc
625 4432 817 4502 peiudicnbant]
838 4437 878 4486 De
895 4451 925 4485 re
942 4436 977 4501 cs.
997 4437 1081 4488 Prisc.
1100 4435 1117 4485 1
1132 4451 1159 4500 p.
1177 4437 1272 4494 270,8
1342 4435 1374 4484 14
1393 4433 1492 4485 ostilius
1552 4423 1580 4472 15

290 4503 393 4554 iberniis
413 4505 528 4572 partibus
547 4504 615 4571 pulsi
633 4505 665 4554 de
682 4505 821 4563 brettanie,
840 4505 931 4554 emim
949 4501 1033 4555 Setini
1049 4505 1152 4560 nomine,
1172 4505 1240 4569 pund
1257 4519 1292 4554 ecc
1310 4503 1394 4552 Prisc.
1414 4503 1429 4552 1
1445 4493 1581 4572 ρ,270,1ἶ

288 4575 415 4636 suppleri.
503 4575 534 4625 l'l
553 4573 681 4623 arcientur
768 4573 800 4623 18
818 4571 867 4622 hoc
884 4567 972 4640 holus]
992 4571 1115 4622 bocholus
1169 4571 1244 4620 oleris
1265 4569 1340 4621 fedus
1392 4569 1482 4621 foenus
1499 4559 1579 4644 added!

291 4641 323 4689 19
341 4639 486 4690 foeneratur
505 4641 578 4692 tous
631 4656 724 4692 monna
777 4641 848 4691 nictu
867 4639 945 4691 uibus
964 4640 1049 4691 nullus
1117 4641 1151 4691 20
1169 4639 1262 4689 uulnus
1281 4640 1456 4691 corr.Petrua
1473 4627 1560 4710 Dente!

292 4707 459 4758 monosillnba
527 4711 558 4760 21
579 4708 626 4759 lroc
644 4710 706 4759 iuris
776 4711 808 4758 22
826 4715 933 4759 datarum
986 4709 1058 4775 gruis
1076 4708 1099 4758 ic
1167 4707 1263 4759 estuat
1331 4709 1365 4758 24
1383 4717 1456 4756 uteo
1514 4702 1580 4778 ¹teet

290 4787 318 4822 ec
337 4785 411 4824 uetus
480 4776 621 4843 ‘diligeris
684 4776 717 4827 28
735 4791 828 4842 corpus
846 4791 952 4843 coepero
1005 4777 1079 4826 ledus
1099 4774 1191 4825 ledonis
1246 4777 1280 4827 29
1297 4776 1324 4826 di
1342 4775 1395 4825 illio
1446 4775 1577 4840 coprem*

291 4841 327 4892 ris
346 4841 448 4906 quande
465 4857 553 4894 motuo
605 4843 691 4894 autin
711 4859 771 4894 urus
789 4855 833 4894 aut
851 4855 945 4895 exeunt
1005 4847 1038 4896 3³
1056 4855 1107 4894 trea
1159 4845 1193 4894 31
1211 4843 1254 4892 iax
1311 4845 1344 4896 35
1363 4841 1576 4894 tornaxsuuaos
