3354 5580
658 419 860 472 excaecas.
1345 417 1406 481 195

106 605 188 686 quod
211 609 323 669 dicitur
343 611 423 687 ‘ego’
448 617 477 668 et
499 625 554 670 cur
576 607 734 668 dissimiles
755 615 825 669 sunt
847 609 893 668 sui
915 605 1029 684 obliqui
1052 623 1137 667 casus
1159 612 1262 667 contra
1284 608 1334 667 sei
1371 607 1408 667 Vt

106 710 296 789 Virgilius
318 709 402 772 dicit:
436 710 569 772 Primum
592 710 622 770 ln
645 709 750 771 ordine
774 726 938 788 pronomen
960 709 1075 770 linitum
1099 715 1144 770 est
1165 711 1265 787 ‘ego’,
1289 709 1326 770 de
1349 729 1407 790 quo

106 821 168 874 tam
191 811 276 873 multi
297 814 470 874 innumeras
493 809 675 873 uentilabant
697 813 901 892 quaestiones,
925 809 1073 891 quomodo
1090 817 1190 889 etqua
1211 811 1325 872 ratione
1347 817 1407 872 tam

105 913 301 976 dissimilibus
329 913 435 974 litteris
463 913 543 975 idem
565 931 730 993 pronomen
755 913 938 992 conpositum
960 913 1013 980 sit,
1037 918 1070 971 ιιι
1093 909 1210 973 ιιιοιιιιι·
1232 914 1306 989 ‘ego
1329 913 1406 972 mel’

78 1015 248 1096 equodque
271 1017 403 1094 iurgium
425 1016 462 1074 ita
486 1013 623 1076 doctores
645 1014 751 1076 sedare
773 1013 929 1084 uolebant,
953 1022 985 1074 ut
1007 1012 1212 1084 adfirmarent,
1235 1013 1315 1091 ‘ego'
1331 1015 1409 1075 inter

57 1135 61 1142 ·
107 1123 284 1196 monoptota
306 1116 417 1178 debere
439 1134 557 1196 semper
580 1115 723 1187 adscribi,
747 1122 780 1178 ut
800 1117 831 1177 ιιι
855 1116 935 1177 omni
958 1133 1085 1176 numero
1107 1126 1136 1176 et
1152 1133 1263 1195 genere
1286 1126 1316 1176 et
1337 1134 1408 1177 casu

105 1222 201 1298 ‘ego’
223 1218 413 1297 singulariter
436 1217 596 1280 diceretur.
642 1218 843 1280 Terentius
876 1219 966 1296 ‘ego'
998 1217 1077 1278 inter
1108 1216 1254 1278 delectiua
1283 1215 1410 1278 credidit

106 1318 315 1388 iudicandum,
345 1329 377 1381 ut
403 1320 517 1382 scilicet
544 1328 668 1399 excepto
697 1320 760 1381 solo
790 1321 973 1381 nominatiuo
1002 1317 1115 1379 nullum
1144 1337 1245 1380 casum
1268 1318 1408 1388 haberem

105 1425 230 1503 utrique
246 1431 344 1484 ιιιιιιιι
361 1422 501 1484 concordi
516 1422 685 1482 hortamine
708 1420 828 1482 definito
844 1421 940 1483 edicto
956 1419 1109 1490 dicebant,
1134 1439 1188 1500 pro
1204 1423 1286 1499 ‘ego'
1302 1424 1408 1482 ‘mins'

69 1541 94 1578 ro
107 1524 316 1605 accipiendum
340 1543 403 1586 esse
427 1535 458 1585 et
478 1525 521 1584 sic
544 1522 766 1584 declinandum:
790 1526 883 1585 ‘mins
899 1525 957 1584 mel
973 1520 1020 1583 uel
1035 1525 1092 1582 mis
1107 1520 1179 1582 mibi
1195 1539 1243 1583 me
1265 1542 1282 1583 o
1298 1541 1314 1584 ι
1337 1524 1408 1584 me’.

107 1625 226 1698 Quibus
249 1624 437 1704 Galbungi
465 1625 616 1686 auditores
638 1643 654 1686 e
678 1625 797 1686 diuerso
823 1627 997 1687 resistentes
1024 1625 1175 1688 dicebant:
1212 1625 1245 1685 Si
1272 1627 1326 1694 ιιι,
1357 1644 1411 1686 cur

107 1745 168 1788 non
194 1728 282 1787 etiam
307 1724 414 1807 plurali
438 1745 562 1788 numero
585 1725 750 1788 litterarum
779 1733 918 1789 seruatur
947 1727 1036 1800 ordo,
1070 1730 1126 1790 sed
1154 1730 1198 1790 sic
1228 1725 1409 1787 declinatur:

106 1831 177 1890 ‘nos
202 1829 368 1890 nostrum'i
404 1828 542 1908 Alioquin
566 1825 657 1889 multa
680 1827 841 1890 admodum
863 1836 933 1890 sunt
955 1831 1121 1906 acredula,
1144 1847 1218 1910 quae
1241 1845 1308 1890 cum
1332 1828 1412 1889 litte·

108 1949 213 1993 rarum
236 1930 371 1991 ordinem
396 1946 455 1991 non
478 1937 617 2010 seruent,
647 1947 737 1992 sensu
768 1938 866 1992 tamen
889 1932 1096 2010 sententiaque
1119 1931 1327 1993 conuenientia
1350 1949 1410 1990 non

71 2047 95 2086 1⁵
108 2032 286 2093 dubitantur
309 2047 385 2092 esse.
431 2029 527 2092 Simili
554 2051 626 2110 ergo
655 2033 744 2094 modo
772 2031 989 2094 defendendum
1013 2042 1058 2095 est
1085 2033 1141 2094 boc
1171 2050 1351 2114 pronomen,
1379 2039 1412 2092 ut

107 2137 148 2194 sit
171 2135 228 2195 rite
250 2131 473 2202 declinandum,
503 2133 579 2194 sicut
607 2132 726 2212 plurimi
757 2141 935 2214 receperunt
963 2137 1036 2212 ‘ego
1058 2135 1135 2196 mel'
1159 2144 1188 2195 et
1209 2132 1318 2215 plurali
1339 2137 1412 2194 ‘nos

109 2240 272 2296 nostrum’.
317 2233 411 2304 Quam
435 2236 638 2314 quaestionem
662 2252 727 2294 cum
745 2232 782 2294 ad
798 2253 897 2297 meum
913 2239 1068 2297 Aeneam
1092 2236 1258 2298 retulissem
1275 2244 1305 2296 ct
1319 2233 1410 2296 multa

109 2356 145 2397 ac
169 2337 283 2397 diutina
307 2337 367 2396 dici
388 2382 395 2398 .
415 2381 422 2396 .
442 2383 449 2398 .
470 2383 476 2396 .
498 2334 610 2414 grande
633 2335 670 2394 de
692 2335 748 2395 bac
771 2336 874 2398 eadem
898 2336 1096 2408 uoluerimus,
1120 2339 1157 2400 ad
1180 2345 1346 2398 extremum
1369 2338 1411 2396 lta

107 2437 224 2508 intulit,
249 2436 328 2517 qnod
351 2436 515 2498 secundum
539 2435 727 2515 Galbungl
751 2435 798 2498 uel
814 2456 937 2500 suorum
954 2441 1131 2500 sententiam
1148 2441 1238 2502 ‘mius
1252 2440 1310 2500 mei
1327 2438 1411 2498 mibl’
1455 2419 1462 2426 ⁵

72 2555 95 2593 ro
109 2539 278 2601 rectissime
301 2537 452 2600 scribitur.

199 2638 212 2724 ll
229 2642 251 2701 l.
266 2636 327 2700 20¹³
343 2638 356 2722 ll
381 2641 417 2700 Vt
438 2640 623 2716 Virgilius
646 2639 731 2702 dicit:
757 2639 897 2702 Nonnulli
920 2641 1119 2718 contendunt,
1144 2644 1233 2722 ‘qui’
1257 2643 1337 2704 onmi
1359 2659 1410 2720 ge-

111 2761 186 2805 nere
209 2744 341 2824 coaptari
363 2759 466 2821 posse,
489 2743 599 2822 quippe
622 2761 689 2804 oum
713 2743 742 2802 ln
766 2742 897 2804 ablatiuo
919 2744 1052 2805 dicamus
1075 2745 1108 2804 ‘a
1131 2745 1182 2823 qul
1206 2745 1289 2804 uiro'
1313 2744 1361 2804 uel
1383 2747 1412 2806 ‘a

109 2847 163 2926 qui
185 2845 322 2905 mulierc’
344 2843 377 2902 ‘a
395 2846 448 2920 qui
461 2849 579 2920 opere’:
602 2847 630 2904 si
642 2862 716 2906 uero
730 2846 836 2906 lacrum
851 2849 1000 2906 sententio
1022 2845 1081 2904 dici
1103 2844 1241 2914 deberet,
1267 2847 1341 2926 ‘qui’
1357 2864 1412 2926 per

109 2965 232 3008 omnem
254 2963 413 3008 numerum
441 2963 618 3026 omnemque
641 2964 742 3008 casum
766 2953 937 3026 monoptota
962 2945 1087 3024 quadam
1111 2946 1308 3008 declinatione
1331 2945 1410 3008 lrue·

72 3057 211 3118 teretur,
240 3056 274 3107 ιιι
295 3048 365 3128 ‘qui
387 3049 452 3108 ulr'
475 3049 542 3128 ‘qui
566 3047 639 3107 uirl’
663 3048 732 3126 ‘qul
755 3049 839 3108 uiro'
868 3049 937 3125 ‘qul
961 3049 1075 3110 uirum’
1103 3048 1172 3126 ‘qui
1195 3048 1320 3110 mulier’
1343 3049 1412 3129 ‘qui

110 3149 260 3211 mulieris'
284 3157 315 3224 et
336 3151 400 3227 ‘qui
422 3148 577 3210 mulieres’
600 3151 663 3229 ‘qul
679 3146 862 3220 mulierum’,
885 3148 952 3226 ‘qur'
964 3157 1083 3213 nomen’
1104 3151 1169 3229 ‘qui
1183 3151 1324 3211 unnrlnls’
1348 3151 1412 3229 ‘qui

111 3253 245 3312 nomina'
269 3251 332 3331 ‘qui
354 3253 522 3313 nominum’
545 3258 575 3312 et
596 3258 695 3313 cetera
717 3250 895 3312 huiusmodi.

199 3349 356 3435 lll.2l⁸ll
386 3354 421 3413 Vt
448 3350 633 3432 Virgilius
661 3353 747 3414 dicit:
787 3353 966 3414 Pronomina
1005 3355 1175 3434 quantitatis
1206 3365 1235 3416 et
1264 3354 1412 3434 qualitatis

110 3454 341 3516 declinationem
364 3457 410 3516 sui
434 3473 494 3516 non
517 3455 682 3516 seeundum
705 3455 838 3534 regulam
862 3453 1076 3516 llcctendorum
1106 3458 1329 3534 pronominum,
1359 3454 1411 3516 sed

74 3556 278 3619 msecundum
308 3555 532 3618 similitudinem
566 3556 751 3618 adiectorum
784 3555 953 3626 habebunt,
988 3566 1021 3618 ιιι
1049 3555 1163 3636 ‘qualis
1192 3555 1256 3618 talis
1284 3565 1412 3638 quantus

183 3829 196 3878 l
216 3841 241 3879 ec
260 3825 392 3895 uirgilius]
410 3845 438 3894 p.
457 3831 492 3878 22
510 3829 569 3879 Μαι
636 3829 652 3878 2
673 3826 770 3877 linitum
795 3837 835 3878 est
856 3843 914 3894 ego.
952 3826 1017 3878 Sunt
1034 3827 1105 3877 multi
1124 3829 1168 3891 qul
1186 3830 1334 3878 innumeras
1353 3844 1412 3878 uen-

113 3897 186 3947 tilent
204 3878 291 3948 Maiore
359 3899 376 3948 3
393 3898 541 3960 questiones
560 3896 630 3959 qnod
648 3895 734 3958 aliqua
753 3898 851 3946 ratione
863 3893 874 3962 ll
887 3897 1052 3945 inscrutando
1072 3896 1202 3958 quomodo
1215 3907 1240 3947 et
1251 3913 1302 3960 quc
1315 3898 1413 3946 ratione

113 3963 200 4014 Molos
285 3965 387 4014 lidest
404 3979 546 4030 pronomen
632 3959 799 4030 bquodque]
818 3978 922 4027 quoquc
933 3959 945 4030 ΙΙ
962 3965 1030 4026 quod
1050 3963 1113 4029 pleri
1131 3963 1218 4014 Maior
1286 3965 1322 4014 ita
1339 3965 1414 4014 docte

113 4033 201 4083 Marus
269 4034 331 4082 6ιιι
348 4033 373 4082 in
393 4033 524 4082 nominum
543 4042 631 4082 nostro
699 4033 880 4091 iterrentlus,
898 4035 987 4096 priore
1005 4047 1020 4080 r
1037 4047 1114 4084 eroso
1182 4032 1315 4083 Vditluito
1368 4033 1412 4082 de-

113 4099 237 4163 liultoqne
256 4100 342 4151 Maius
428 4102 460 4151 10
477 4115 534 4150 meo
553 4115 568 4149 e
586 4115 626 4148 me
696 4101 727 4149 12
746 4099 828 4150 littere
846 4110 964 4150 seruatur
982 4099 1045 4149 ordo
1066 4095 1096 4166 llll
1116 4099 1154 4149 sic
1171 4101 1311 4151 declinatur
1382 4103 1413 4150 13

112 4179 173 4218 suut
189 4183 257 4232 qnae
274 4183 331 4218 cnm
349 4169 446 4217 litteras
465 4167 577 4218 ordinem
623 4163 767 4234 'uocabulel
788 4169 834 4218 Em
851 4169 924 4220 Maio
941 4170 1067 4233 suppleri.
1129 4179 1188 4218 sunt
1205 4167 1329 4219 uocabula
1347 4183 1414 4231 quae

112 4251 300 4299 quemcumque
317 4235 456 4286 litterarum
476 4237 591 4286 ordinem
610 4244 713 4286 seruent
729 4237 815 4287 Maius
885 4237 916 4287 15
935 4253 992 4287 esse
1010 4250 1061 4286 non
1079 4235 1228 4286 dubitantur
1239 4236 1326 4288 Maius
1364 4235 1414 4286 boc

113 4319 255 4369 pronomen
275 4305 340 4354 trine
358 4304 438 4354 uideri
456 4303 635 4354 declinandum
653 4303 740 4354 Maius
814 4306 845 4355 ιιι
864 4305 1010 4370 reciperunt
1027 4319 1075 4370 ego
1094 4305 1144 4354 mei
1162 4304 1226 4353 mibi
1242 4313 1267 4354 et
1282 4305 1428 4370 pluraliter

115 4387 160 4422 nos
179 4384 296 4424 nostrum
315 4371 388 4421 nobis
407 4371 494 4421 Maiae
564 4372 946 4436 l'lque,corr.quamm.11
997 4373 1030 4422 ad
1049 4372 1099 4422 min
1117 4387 1206 4423 eneam
1258 4372 1413 4422 rettulissem

113 4455 143 4488 ac
160 4441 280 4490 diuturna
303 4439 353 4489 diei
377 4449 448 4504 purte
470 4439 502 4488 dc
523 4439 571 4489 bac
594 4441 682 4490 eadem
702 4439 781 4490 inulta
800 4439 956 4490 noluerimus
974 4441 1065 4492 Maius
1151 4443 1183 4492 18
1200 4437 1263 4506 diei]
1282 4439 1413 4491 Laeunnm

113 4560 232 4610 indicaui.
286 4558 318 4608 de
335 4555 379 4607 ¹²uc
425 4522 580 4621 ἶἒιιιιιῗιιιιιιιι,
597 4573 667 4611 corr.
685 4575 717 4612 m,
730 4559 763 4608 11
833 4560 865 4609 19
883 4573 949 4621 quac
967 4559 1107 4608 secundum
1160 4559 1200 4608 uel
1219 4573 1325 4610 suorum
1343 4559 1413 4622 quod

147 4628 182 4677 ita
199 4641 357 4689 suorumque
375 4627 463 4678 Maius
531 4629 563 4676 21
582 4622 719 4692 Virgilius]
739 4644 766 4692 p.
787 4629 822 4677 34
840 4625 898 4677 Mol
965 4629 998 4677 22
1019 4628 1155 4692 quonptnrl
1173 4628 1262 4679 Maleas
1329 4627 1414 4678 dicam

147 4695 186 4745 nel
203 4711 252 4746 om.
270 4694 358 4744 Molas
427 4697 460 4747 23
478 4696 555 4758 n.qni
574 4695 679 4744 muliere
696 4695 747 4744 dici
764 4695 838 4744 debet
897 4695 975 4757 oqui
994 4709 1084 4761 opere:
1103 4696 1159 4744 siue
1177 4693 1269 4746 borram
1287 4697 1414 4746 sententia

114 4775 180 4813 stare
197 4763 273 4814 debet
290 4763 376 4814 Melus
443 4763 477 4813 24
495 4760 565 4826 dadai
657 4763 691 4813 25
709 4761 802 4812 lrneret
822 4761 833 4830 {l
853 4761 951 4812 lruetur
970 4763 1056 4815 Malus
1141 4764 1174 4814 26
1191 4765 1237 4827 qui
1255 4779 1348 4814 nomen
1366 4780 1414 4818 orn.

114 4833 179 4891 rod„
198 4833 260 4881 add.
278 4831 365 4881 Maius
449 4832 483 4882 28
500 4828 639 4898 Virgilius]
660 4831 718 4882 Non
735 4837 810 4882 earini
827 4833 899 4896 opud
916 4832 1025 4895 Malam,
1044 4832 1091 4883 sed
1107 4831 1141 4896 cs.
1157 4848 1186 4898 p.
1207 4835 1244 4882 33
1262 4831 1301 4885 M.
1381 4833 1414 4884 29

116 4915 264 4966 pronomina
924 4947 928 4952 .

1157 4983 1209 5038 13*
