3378 5550
250 365 368 414 (lxxxx
691 347 883 400 AVCTORES
901 347 1065 400 suuntur

334 538 517 602 bernaculus
539 538 707 618 domigena.
739 538 858 600 ‘Berua’
883 539 1080 616 compositum
1104 555 1212 599 nomen
1236 533 1400 597 secundum
1423 535 1542 599 Casio·

250 643 392 704 dorum:
412 641 445 704 ·b
468 640 505 702 ab
528 659 578 712 eo,
613 639 691 722 quod
714 649 759 702 est
781 639 923 710 ‘bonus’,
953 658 985 702 er
1008 638 1045 700 ab
1068 657 1103 702 eo
1125 641 1204 722 quod
1229 647 1273 704 est
1295 635 1531 706 ‘hereditarius’

250 764 285 807 na
310 745 346 808 ab
370 763 406 806 eo
428 743 505 826 quod
530 749 576 805 est
597 744 719 804 ‘uatus'
742 744 762 804 i·
786 740 880 803 bonus
904 741 1104 806 hereditarius
1131 751 1217 808 natus
1245 757 1334 830 atque
1356 741 1424 808 ideo
1446 713 1542 827 perb

250 846 392 910 scribitur
414 881 454 892 -—

251 953 255 964 '
293 949 338 1024 cs.
361 951 532 1012 Cassiodor.
553 965 586 1026 p.
612 953 685 1008 2299
706 949 759 1010 Ρ..·
796 947 866 1008 ‘llis
887 949 928 1009 ita
950 965 983 1009 se
1006 947 1185 1014 habentibus
1206 972 1363 1034 possumus
1387 959 1473 1020 etiam
1497 960 1542 1019 in·

251 1051 392 1132 tellegere
414 1050 538 1114 bernam
560 1049 671 1112 dictum
693 1068 758 1111 esse
787 1068 871 1121 eum,
899 1051 949 1130 qui
979 1051 1010 1111 in
1040 1049 1126 1114 bonis
1152 1053 1343 1121 hereditariis
1370 1069 1457 1123 uatus
1483 1069 1542 1122 est:

252 1154 329 1217 bona
352 1171 425 1216 uero
447 1172 502 1234 per
525 1152 544 1213 b
566 1153 695 1215 litteram
718 1151 810 1214 scribi
832 1151 1001 1235 supradicta
1022 1155 1100 1216 ratio
1122 1154 1329 1222 demonstrat'.

335 1259 474 1332 Accedit,
505 1257 586 1332 quod
607 1255 737 1317 ciusdem
763 1255 837 1316 11199·
855 1271 910 1316 nes.
929 1253 959 1328 s.
984 1253 1135 1319 9291991.
1159 1266 1178 1319 2
1205 1263 1237 1322 in
1263 1265 1414 1339 piosscas'o
1441 1268 1543 1342 aliquo

250 1362 479 1438 scriptumest:
502 1358 613 1419 ‘Baiae’
637 1376 703 1419 cum
727 1375 761 1418 ae
783 1357 918 1419 ciuitates
940 1357 969 1418 in
993 1357 1150 1438 Campania
1173 1358 1337 1430 balneator.
1350 1365 1376 1447 *l

335 1463 502 1522 Proetme
525 1463 556 1521 in
577 1462 645 1522 cod.
673 1459 764 1520 Bern.
788 1461 815 1520 Α
838 1465 883 1528 92,
907 1465 947 1518 34
963 1467 1033 1536 post
1055 1462 1251 1539 differentias
1272 1467 1378 1530 bobes:

334 1559 400 1644 p.3
423 1559 643 1625 Nummularius
664 1579 720 1641 per
742 1559 801 1623 duo
823 1579 852 1622 m
874 1559 997 1638 largitor
1019 1579 1216 1627 nummorum.

423 1664 629 1744 Nummisbsa
651 1682 706 1744 per
728 1661 786 1724 duo
808 1681 837 1724 m
860 1665 973 1726 nummi
995 1681 1144 1743 percussa.

334 1787 364 1848 p.
379 1765 401 1829 4
422 1767 546 1830 Periuro
570 1766 695 1829 uerbum
710 1784 726 1826 r
741 1783 799 1827 non
823 1763 913 1827 debet
928 1764 1053 1827 babere:
1076 1775 1122 1829 est
1137 1771 1217 1830 enim
1237 1773 1323 1850 quasi
1339 1772 1436 1853 ‘peius
1451 1777 1542 1837 iuro’.

333 1871 372 1933 In
393 1869 462 1949 ipso
483 1869 589 1932 991199
611 1868 705 1930 Bem.
726 1875 761 1928 16
783 1869 868 1929 auita
889 1875 962 1931 notu
980 1871 1149 1946 9999991999
1170 1872 1247 1935 baec
1268 1875 1412 1950 tegantur
1428 1876 1458 1951 s.
1476 1877 1544 1937 117⁶
1617 1947 1622 1956 g

249 1977 308 2038 cot.
330 1975 366 2035 1.·

334 2072 823 2144 [1991919999919999991919999,
853 2090 911 2134 non
940 2072 1130 2136 destrinctus.
1174 2075 1227 2138 Est
1254 2083 1353 2140 autem
1382 2079 1543 2142 destrictus

249 2185 378 2242 attentus
400 2177 449 2240 991
472 2195 597 2240 seuerus
619 2195 653 2238 ac
676 2195 734 2238 non
757 2175 872 2238 solutus
894 2174 1030 2257 (soluttis)
1054 2185 1085 2238 et
1106 2176 1192 2240 leuis.
1236 2179 1398 2261 Destringo'
1415 2182 1542 2244 uerbum

250 2289 294 2344 est
323 2283 467 2352 uotiuum,
496 2280 685 2361 participium
713 2280 782 2341 iacit
809 2279 1000 2357 destringens
1027 2279 1240 2350 destricturus,
1268 2299 1285 2342 a
1313 2285 1433 2362 passiuo
1457 2282 1541 2364 (ibo)

250 2383 408 2446 destrictus
430 2381 661 2462 destringendus
684 2377 1000 2468 (destriullgllgcndus).

334 2487 410 2548 Item
429 2487 600 2563 praemissa
623 2485 678 2545 ‘de
697 2485 806 2560 glosis’
830 2489 904 2544 noto

334 2590 354 2650 1.
378 2583 421 2650 8l
444 2587 502 2649 eol.
525 2586 566 2648 ll:
610 2585 730 2649 Adferte
752 2603 807 2666 per
829 2605 845 2648 a
869 2593 899 2646 et
920 2583 939 2646 d
962 2584 1152 2648 scribendum

334 2690 354 2752 1.
380 2685 569 2752 11199119
606 2687 727 2750 ildescit
748 2705 802 2768 per
824 2687 843 2750 d
866 2687 1068 2750 scribendum.

333 2793 353 2855 1.
379 2789 439 2854 12¹³
462 2790 517 2853 col.
541 2791 569 2854 l:
605 2788 710 2852 stirne
732 2799 800 2854 cum
822 2791 841 2851 lr
865 2789 1067 2853 scribendum.

333 2895 354 2957 i.
376 2890 438 2956 49¹³
461 2895 515 2956 col.
539 2894 579 2956 ll:
602 2895 700 2956 Ausus
721 2911 776 2974 per
797 2891 937 2973 diptouga
959 2892 1161 2955 scribendum.

333 2999 354 3060 i.
369 2995 439 3059 ,611
461 2996 516 3058 991.
540 2995 567 3058 l:
602 2998 709 3060 Castus
730 2995 807 3058 idest
822 2995 979 3058 multitudo
993 3015 1048 3076 per
1063 2995 1211 3078 dgptonga
1235 2995 1426 3061 scribendum
1449 2997 1542 3084 (idem

248 3107 333 3164 99191
352 3100 381 3175 s.
399 3097 453 3162 76⁶
466 3102 523 3162 coi.
539 3100 573 3162 1.·
595 3097 720 3161 Esidori.
738 3097 847 3160 Coetus
857 3098 934 3160 idest
945 3098 1101 3162 multitudo
1111 3119 1165 3182 pro
1177 3101 1318 3182 diptonga
1330 3100 1540 3182 scribendum).

331 3205 353 3264 i.
378 3199 419 3264 72
441 3201 497 3264 eol.
521 3200 549 3262 l:
594 3200 710 3263 Celibes
737 3217 791 3281 per
819 3199 976 3262 scribimus
1010 3202 1052 3263 sic
1079 3203 1127 3264 bic
1150 3201 1387 3265 celebs-celibis
1415 3203 1472 3265 oeli
1499 3204 1542 3266 hii

249 3305 361 3369 celibes
383 3305 552 3366 accusatiuo
575 3301 688 3365 celibes
714 3322 732 3363 9
762 3301 874 3366 celibes
902 3311 964 3365 tres
997 3302 1112 3366 scilicet
1138 3307 1169 3367 in
1199 3323 1323 3366 numero
1350 3304 1459 3385 plurali
1487 3307 1543 3367 etsi

248 3404 432 3487 ethimologia
461 3405 561 3468 celebs
588 3405 700 3467 dicitur
726 3408 813 3487 quasi
840 3403 904 3467 celo
932 3404 1045 3468 beatus.
1090 3405 1206 3468 Celibes
1234 3408 1373 3488 quisine
1402 3409 1542 3488 coniugio

250 3512 367 3576 uiuunt.
412 3507 504 3588 Cgiibi
526 3527 592 3570 cum
615 3507 746 3569 ascribi
768 3515 894 3588 oportet.

333 3612 355 3674 1.
378 3607 441 3673 ’151
464 3609 521 3672 col.
544 3609 571 3672 l:
595 3609 758 3672 ceruorum
781 3628 836 3691 per
858 3609 876 3671 b
899 3611 1014 3672 inueni.

333 3715 354 3776 i.
378 3710 436 3774 16·
458 3712 512 3774 col.
536 3710 577 3773 ll:
601 3712 722 3790 Cepites
744 3712 811 3792 (leg.
836 3711 975 3792 cespites)
1003 3714 1128 3774 frutices
1150 3721 1181 3776 ct
1203 3713 1362 3778 scribimus
1390 3713 1542 3795 diptonga.

332 3817 353 3876 l.
379 3809 458 3875 120Ι
480 3812 536 3876 991.
559 3813 586 3875 l:
609 3813 707 3875 Didici
730 3832 745 3875 a
769 3813 912 3876 discendo
933 3833 989 3895 per
1011 3817 1031 3876 i.
1446 3807 1449 3816 ’
1545 3837 1548 3844 ·

333 3918 354 3978 i.
379 3913 456 3979 153·
479 3916 535 3978 col.
560 3916 586 3978 l:
611 3915 772 3998 Exemptus
793 3933 848 3994 per
871 3935 901 3978 nr
924 3923 994 3996 etp
1018 3915 1219 3980 scribendum.

249 4070 475 4082 —--—·—

316 4170 344 4236 *)
363 4174 391 4222 ln
409 4171 485 4224 huius
503 4172 598 4223 codicis
617 4171 766 4239 glossariis,
789 4187 856 4236 quae
873 4172 942 4223 haud
964 4174 1038 4239 pami
1060 4175 1207 4237 ceteroquin
1231 4175 1352 4224 momenti
1374 4173 1466 4234 iacias,
1492 4173 1545 4225 iere

249 4241 318 4292 nulla
335 4242 421 4291 inueni
440 4240 558 4292 lemmata
575 4241 608 4290 ad
626 4242 817 4306 grammaticam
836 4241 919 4307 ipsam
932 4241 1099 4307 pertiuentia3
1119 4257 1176 4292 uam
1189 4253 1289 4308 praeter
1300 4253 1437 4308 praecepta
1457 4243 1544 4293 ortho-

248 4310 385 4376 graphica,
404 4323 471 4372 quae
488 4325 519 4360 su
539 4325 567 4358 ra
603 4309 719 4375 reposui,
738 4323 789 4359 999
808 4309 858 4359 uisi
876 4308 937 4359 baec
955 4311 1042 4361 lusum
1060 4311 1218 4376 grammatici
1229 4310 1323 4360 coloris
1342 4309 1360 4364 i.
1374 4309 1442 4362 1111
1459 4311 1508 4360 991.
1519 4312 1542 4360 l:

249 4382 307 4429 Ars.
327 4377 500 4443 grammatica.
517 4325 649 4441 filiabus.
667 4375 764 4438 barrit!
780 4376 832 4428 Leo
846 4376 933 4443 rugit!
948 4387 1036 4428 taurus
1055 4381 1137 4446 mugit
1151 4377 1157 4445 1
1171 4392 1249 4444 capra
1266 4379 1351 4428 rniccit
1366 4376 1371 4443 Ι
1388 4378 1524 4429 9919199199
1538 4380 1542 4441 Ι

248 4460 324 4496 anser
341 4445 437 4510 glancit
460 4443 464 4512 Ι
488 4444 582 4512 gallius
601 4445 700 4511 glaccit.
725 4443 729 4510 Ι
753 4445 895 4496 Amoenum
918 4445 998 4496 fertile
1015 4447 1153 4498 iocundum
1172 4459 1218 4502 etc.
1254 4445 1322 4497 llaec
1339 4446 1396 4497 ideo
1416 4448 1543 4512 excerpsi,

249 4515 311 4578 quia
328 4514 362 4563 ad
379 4513 545 4564 animantium
564 4527 641 4564 uoces
659 4529 675 4564 a
692 4513 901 4564 Reiffersclreidio
921 4513 1026 4568 Sueton.
1039 4515 1092 4566 rell.
1103 4531 1129 4582 p.
1140 4515 1274 4566 etr-ast
1292 4525 1408 4564 accurate
1426 4513 1544 4565 collectas

249 4580 432 4644 aliquantulum
443 4581 644 4632 lucisadierunt
664 4583 751 4646 ltaque
765 4599 795 4632 ue
813 4581 862 4632 hoc
879 4582 981 4646 quidem
999 4585 1208 4649 praetermittam,
1226 4583 1277 4633 duo
1296 4584 1425 4633 99999919
1444 4583 1501 4633 cod.
1512 4585 1544 4633 16

249 4649 373 4699 eiusmodi
395 4649 512 4700 lemmata
535 4650 610 4701 nullis
634 4651 757 4716 insignita
781 4651 862 4710 uotis,
885 4651 934 4700 uisi
958 4653 1029 4714 quod
1049 4651 1113 4701 locis
1137 4653 1253 4717 proxime
1274 4651 1481 4702 antecedentibus
1500 4651 1544 4700 ‘de

249 4717 360 4784 glossis'
380 4721 566 4785 praescriptum
584 4729 635 4778 est,
660 4719 678 4768 1.
696 4718 752 4770 1131
771 4718 820 4771 ool.
837 4719 870 4768 ll:
903 4719 1018 4770 liaubare
1040 4719 1147 4770 sibelare
1169 4735 1261 4770 canum
1279 4729 1331 4780 est,
1355 4721 1421 4768 sieut
1438 4719 1544 4785 gannire

249 4787 329 4848 (corr.
347 4802 377 4840 m.
395 4785 413 4836 Ι
430 4788 548 4853 gannire)
567 4787 695 4854 uulpinm,
714 4799 738 4838 et
756 4787 773 4841 i.
793 4787 840 4839 58⁸
860 4787 907 4837 col.
927 4787 961 4838 ll:
995 4787 1113 4838 Blatternt
1135 4787 1254 4839 camellus
1278 4789 1346 4838 sicut
1362 4802 1459 4851 aequus
1477 4787 1544 4837 19919

251 4855 319 4906 rodit
336 4855 435 4908 asinus.
