3316 5566
639 379 852 432 nauunusrs
1327 377 1388 446 135

100 569 153 630 Sed
180 579 274 632 tamur
303 567 448 630 Plinius
476 567 674 630 Secundus'
694 567 975 646 grammaticus,
1005 569 1082 627 slorrt
1108 565 1260 647 Sergius
1289 579 1386 634 osten·

100 673 151 740 dit,
173 669 366 750 reprehendit
388 687 454 738 eos,
478 672 527 750 qui
550 669 653 731 dieunt
675 687 818 749 personas
839 668 976 730 accidere
992 669 1082 728 linitis
1097 671 1332 746 pronominibus,
1356 683 1388 734 ut

99 773 176 851 ipsud
197 772 333 833 accidens
355 771 433 833 alind
456 773 494 832 sit
516 781 604 849 atque
626 769 712 840 illud,
736 773 785 832 eui
808 769 923 832 accidit.
953 770 1029 831 Hinc
1045 770 1192 832 Plinius
1214 773 1278 852 ipse
1299 775 1385 836 elisit:

99 874 157 935 sed
177 876 274 936 scire
298 871 475 934 debemus
496 871 710 934 huiusmodi
733 871 967 934 definitores
991 890 1062 934 uon
1086 881 1155 934 tam
1178 875 1215 935 in
1240 877 1387 938 ratione

73 993 235 1044 serrare,
260 994 365 1054 quarn
389 975 424 1037 iu
448 975 580 1036 ordine
604 972 814 1044 uerborum,
841 983 878 1035 ut
900 974 1075 1036 dicerent
1096 993 1277 1055 personas
1300 997 1386 1057 pro-

98 1077 305 1138 nominibus
329 1075 518 1146 aocidere,
541 1093 619 1137 cum
642 1075 1023 1146 diceredebuiasent,
1040 1077 1148 1139 linita
1165 1082 1386 1158 pronomina
1441 1103 1445 1114 ·

98 1198 160 1239 uon
182 1182 358 1259 recipere
382 1179 486 1258 quasi
511 1176 663 1238 aliunde
685 1196 879 1258 personas.
924 1177 1125 1258 Numquam
1154 1181 1247 1240 enim
1277 1181 1387 1242 inue-

97 1282 242 1341 niuntur
280 1282 361 1342 sine
396 1280 576 1358 personis
607 1278 834 1342 accidentia.
900 1277 995 1358 igitur
1027 1283 1262 1360 uniuscuiusque
1295 1285 1387 1362 partis

96 1392 202 1446 notun
230 1401 284 1462 per
311 1399 364 1442 sua
392 1380 557 1443 accidentia
585 1381 800 1444 rationabiliter
822 1381 993 1459 agnoscitur
1016 1389 1047 1444 et
1067 1379 1256 1463 intellegitur.
1301 1385 1386 1448 Acel-

65 1483 186 1545 radentia
214 1491 313 1544 autem
342 1482 459 1544 litterae
487 1491 516 1544 et
543 1483 652 1564 pedum
681 1493 711 1546 et
738 1485 871 1545 omniurn
899 1485 1027 1562 partium
1058 1485 1202 1546 orationis
1229 1486 1387 1566 qualitates

97 1595 242 1647 uocantur.
287 1585 362 1648 Nam
384 1584 509 1666 qualitas
532 1583 609 1646 dicta
634 1593 690 1655 est,
720 1603 776 1664 qna
798 1583 982 1664 intellegitur
1005 1602 1181 1666 unaquaque
1204 1606 1267 1660 rea,
1291 1589 1387 1670 qualis

95 1687 140 1746 sit:
173 1684 250 1748 nulla
279 1707 329 1749 res
358 1696 415 1757 est,
450 1706 526 1766 qnae
554 1685 694 1764 qualitate
717 1696 825 1748 eareat.
870 1686 1048 1748 Nonnulli
1070 1706 1143 1768 ergo
1170 1697 1288 1768 putant,
1319 1693 1387 1771 quia

95 1789 248 1851 accidentia
272 1791 401 1869 quartiurn
425 1790 610 1851 extrinsecus
632 1787 785 1860 accidunt,
823 1788 881 1850 hoc
903 1795 949 1850 est
970 1805 1005 1850 ex
1029 1787 1167 1852 omuibus
1189 1791 1384 1854 accidentium

95 1889 127 1948 ad
142 1899 314 1970 potestatem
331 1899 361 1952 ct
376 1888 558 1953 intellectum
582 1875 727 1970 partium,
751 1889 803 1952 sed
826 1888 969 1952 lalluntur
992 1891 1048 1952 hoc
1064 1891 1203 1972 putando.
1234 1891 1307 1954 Nam
1323 1897 1384 1956 nou

63 1992 182 2052 eomuia
212 1992 410 2056 accidentium
439 1991 474 2054 ad
503 2000 664 2074 potestates
691 1993 818 2073 portium
846 1993 925 2054 idem
956 1991 1106 2072 eollegunt
1136 1994 1384 2074 inseparabiliter.

94 2093 330 2173 interrogantium
361 2103 405 2156 est
434 2105 549 2156 antem:
584 2093 709 2172 qualitas
736 2097 946 2174 pronominum
979 2102 1052 2174 quot
1081 2095 1246 2158 diuisioues
1278 2096 1385 2159 habet?

18 2200 22 2210 '
94 2194 269 2258 ldtstdnas.
316 2195 387 2257 lude
417 2195 582 2258 [innatus
611 2195 699 2258 dixit:
731 2195 896 2277 qualitas
918 2196 1383 2277 pronominumbipertita

94 2306 156 2358 est:
181 2307 242 2360 ant
259 2300 357 2360 euiru
374 2299 491 2359 linita
513 2306 601 2358 surrt
622 2299 843 2378 pronomina
867 2306 928 2358 aut
951 2296 1291 2364 inlirrita.«l'robns
1312 2319 1384 2362 uero

94 2407 224 2474 quattuor
247 2399 412 2460 diuisiones
434 2400 587 2479 qualitatis
610 2401 798 2478 pronominis
821 2399 951 2461 ostendit
973 2400 1093 2461 dicens:
1124 2409 1173 2462 aut
1201 2402 1278 2462 eninr
1302 2403 1383 2464 linita

62 2509 155 2560 usrrut
176 2503 355 2582 pronomina
384 2510 434 2563 aut
462 2502 575 2563 inlinita
600 2510 651 2562 aut
673 2501 770 2564 minus
791 2519 879 2581 quum
903 2501 984 2562 linita
1001 2498 1013 2583 ΙΙ
1030 2501 1048 2563 i.
1071 2499 1147 2562 114³
1164 2499 1175 2584 ΙΙ
1192 2509 1242 2564 aut
1265 2522 1382 2583 posses·

93 2604 158 2664 sina.
210 2603 269 2664 Sed
298 2612 396 2664 tamen
425 2601 569 2664 Probus
603 2602 828 2664 subdinisiones
863 2606 962 2682 posuit
996 2605 1094 2664 minus
1124 2623 1212 2684 quam
1242 2605 1324 2667 linita
1354 2617 1384 2669 et

93 2707 260 2781 possessiua.
306 2705 387 2777 Quae
409 2711 478 2766 sunt
500 2722 572 2783 ergo
595 2706 675 2766 linita
700 2707 895 2784 pronomina?
925 2704 996 2766 Sine
1018 2703 1109 2766 dubio
1132 2703 1183 2768 illa
1204 2717 1288 2778 snut,
1308 2727 1382 2786 quae

92 2807 233 2886 recipiunt
255 2814 367 2868 certam
390 2825 564 2886 personam,
588 2816 621 2869 nt
643 2825 697 2884 ego
719 2816 751 2868 tu
775 2805 840 2876 ille;
864 2807 980 2868 iullnita
996 2814 1093 2868 atatem
1110 2815 1181 2868 snut
1195 2812 1382 2888 pronomina,

93 2925 159 2985 quae
182 2928 241 2970 non
265 2911 416 2989 recipiunt
438 2925 594 2988 personas,
618 2911 731 2987 utqnis
747 2908 926 2988 quaequod.
958 2907 1015 2969 Sed
1033 2916 1146 2980 tamen,
1170 2913 1248 2972 sient
1262 2929 1381 2988 gram·

62 3010 213 3072 erratici
236 3010 412 3081 ostendunt,
435 3008 562 3090 qualitas
583 3007 980 3090 pronominum'quindecim
996 3011 1161 3072 dinisioues
1177 3011 1273 3073 babet.
1307 3012 1383 3074 Sunt

93 3113 162 3172 enim
186 3114 365 3192 pronomina
389 3111 445 3174 alia
469 3113 565 3182 linita,
588 3111 644 3174 alia
668 3114 799 3187 inlicita,
821 3113 878 3172 alia
902 3114 1104 3192 minusqnam
1120 3113 1218 3183 linita,
1242 3113 1297 3174 alia
1313 3132 1381 3193 pos-

92 3216 210 3290 sessiua,
231 3212 292 3298 ⁸alia
314 3214 550 3283 subiunctatiua,
574 3211 630 3276 alia
654 3217 769 3292 gentis,
792 3215 847 3274 alia
872 3214 1001 3283 ordinis,
1026 3214 1082 3274 alia
1108 3218 1240 3284 numeri,
1265 3213 1320 3276 alin
1345 3216 1380 3277 ad

92 3313 192 3394 aliquid
216 3318 312 3386 dalila,
336 3334 413 3396 quae
436 3315 575 3378 dicuntur
598 3317 781 3394 posscssina,
805 3312 861 3376 alia
886 3314 921 3374 ad
944 3314 1057 3396 aliquid
1073 3317 1203 3385 inlinita,
1227 3315 1284 3376 aliu
1308 3335 1380 3395 qna·

92 3413 188 3487 litatis,
218 3417 275 3479 alia
304 3421 493 3496 quantitatis,
524 3417 577 3478 alia
607 3417 857 3486 demonstratiuae,
887 3417 944 3478 alia
969 3417 1108 3486 relatiua,
1133 3417 1188 3478 alia
1213 3421 1307 3492 manis
1329 3419 1379 3480 de·

62 3522 285 3582 amonstratina.
324 3521 400 3582 Sunt
423 3537 495 3598 ergo
518 3521 695 3598 pronomina
718 3521 813 3589 linita,
836 3521 912 3580 siout
928 3519 1069 3589 diximus,
1094 3522 1164 3579 tria:
1189 3539 1243 3596 epo
1266 3531 1296 3580 tn
1314 3519 1379 3588 ille;

92 3617 138 3681 alia
160 3622 275 3682 intinita
300 3623 518 3702 praepositina,
543 3629 574 3682 nt
589 3624 657 3701 quis
672 3621 769 3701 qualis
785 3630 912 3698 quantus
927 3629 1050 3701 quotus:
1074 3621 1130 3682 alia
1147 3621 1378 3692 subiunctatiua,

92 3729 119 3777 ut
139 3725 162 3782 is
185 3721 251 3784 talis
275 3732 372 3784 lautus
395 3732 489 3792 totns;
519 3723 576 3784 alia
600 3725 699 3784 minus
722 3741 810 3802 qnam
840 3723 935 3798 linita,
966 3730 997 3784 ut
1025 3725 1080 3782 iste
1108 3725 1181 3803 ipse.
1228 3724 1286 3784 Sed
1314 3727 1378 3804 ipsa

93 3839 244 3898 pronomen
273 3823 434 3905 aliquando
464 3826 577 3886 lrnitum
608 3827 771 3896 inuenitur,
795 3824 954 3904 aliquando
976 3827 1005 3884 in
1030 3827 1127 3886 minus
1150 3843 1237 3904 qnam
1261 3825 1377 3888 linitum

92 3925 166 3986 radit.
211 3927 296 3988 Trrnc
325 3945 395 4008 ergo
418 3928 533 3988 linitum
557 3933 616 3997 est,
646 3926 764 4008 quando
793 3933 978 4006 praesentem
1003 3944 1159 4006 personam
1183 3926 1378 3996 demonstrat,

63 4033 119 4084 ent
137 4049 188 4106 ego
212 4031 293 4109 ipse,
323 4031 372 4109 qui
396 4028 512 4091 loeutus
534 4047 615 4096 snm:
644 4038 676 4090 tu
699 4031 777 4109 ipse,
808 4029 858 4108 qui
881 4027 997 4096 dixisti:
1029 4027 1079 4090 ille
1108 4031 1187 4108 ipse,
1218 4032 1269 4108 qui
1293 4029 1376 4091 dirit.

149 4250 161 4298 1
180 4249 280 4316 plenius
299 4249 430 4301 secundus
448 4250 616 4315 gramaticus,
633 4251 667 4313 ef.
680 4249 813 4300 &edonias
830 4267 857 4314 p.
876 4253 918 4309 50,
931 4253 961 4306 8,·
980 4251 1115 4314 Pompeius
1131 4266 1159 4314 p.
1172 4251 1259 4311 2dl,5
1311 4265 1378 4300 sare-

92 4313 152 4382 gius]
170 4317 199 4368 la
215 4321 286 4369 loeus
302 4321 329 4369 ia
347 4317 434 4382 Serpit
448 4321 565 4384 seriptis,
585 4334 652 4384 quoe
669 4320 768 4384 quidem
785 4320 856 4370 edita
871 4325 938 4380 snat,
957 4333 1008 4369 coa
1025 4325 1112 4381 extat,
1131 4321 1165 4382 cs.
1184 4321 1286 4384 praefi:
1304 4319 1378 4370 ‘Ser-

13 4407 14 4426 1
91 4384 151 4443 morri
164 4387 293 4438 canadam
310 4390 441 4438 commenti
454 4389 601 4453 fragmenta
618 4387 734 4440 laediln’.
813 4387 968 4436 incendere
1035 4387 1191 4437 3accedeus
1260 4388 1344 4450 adque

92 4454 183 4506 amatia
200 4453 259 4504 hine
278 4451 391 4521 plenius]
413 4456 464 4505 Hic
482 4456 560 4506 Plinii
576 4457 645 4505 loeus
662 4455 764 4506 aliunde
782 4455 854 4505 uobis
872 4471 923 4505 noa
940 4457 1055 4508 innectit.
1124 4455 1300 4506 4dillnitcres
1361 4457 1377 4506 5

93 4521 197 4574 tumere
266 4523 447 4574 Succedentin
515 4526 639 4574 9uatura
657 4524 749 4574 addidi
816 4523 962 4572 accedentia
1031 4523 1178 4573 accedentia
1246 4524 1279 4575 10
1297 4523 1377 4573 littere

149 4591 274 4652 qualitatis
345 4593 374 4640 ll
394 4588 457 4658 qua]
477 4605 552 4653 qnam
640 4592 672 4642 13
688 4591 834 4641 accedentia
850 4600 910 4655 ete,
927 4607 1029 4656 semper
1097 4587 1274 4641 examinibus
1345 4594 1377 4642 14

13 4707 14 4710 ‘
92 4667 262 4776 bilbili
278 4661 498 4795 alitilia
553 4657 1378 4791 ¹1⁵si‘li“{‘f¹¹¹⁰1⁸›0m¹⁶‘¹¹¹2⁰0b12¹⁷r⁰⁰'¹⁰‘¹¹2⁸dlta³lit{l

13 4845 14 4850 q
93 4787 176 4844 Probus
198 4744 389 4846 anbdduisioues
412 4763 500 4861 posuit
514 4746 657 4859 ¹dilatandae
680 4765 751 4845 linita
770 4807 795 4844 et
812 4745 1018 4860 p'dsrlsjessiua’btb
1034 4763 1120 4860 posita
1137 4802 1195 4856 aaut
1213 4796 1315 4846 librarii
1332 4813 1374 4848 ne·

13 4863 14 4870 ’
92 4861 203 4924 alcmana
254 4865 486 4930 22qtrarecipirrrrt
537 4865 714 4930 liquamutici
767 4866 800 4914 25
812 4864 942 4926 qualitatis
985 4866 1083 4915 30trea
1118 4863 1377 4916 saturnialiorum
