3316 5566
278 337 320 402 π)
801 339 869 390 uns
886 337 1064 392 Audurus

277 527 464 592 rnonticellus
501 525 734 596 monticellulus,
772 527 815 590 slc
848 525 1043 590 scholasticus
1076 527 1237 590 fonticulus
1271 527 1398 608 agnulus
1430 527 1573 607 agnellus,
1600 510 1605 516 ¹

276 649 404 711 qrrorum
427 630 521 690 lorma
543 647 722 710 qrramquam
746 631 840 709 magis
868 631 1026 702 minuitur,
1056 631 1166 694 crescit
1187 649 1307 712 semper
1330 630 1574 712 numerussplla·

277 732 391 793 harum.
443 731 638 793 inueniuntur
672 739 771 794 autem
804 731 1052 794 diminutiunrum
1089 733 1203 795 lormac
1237 733 1391 803 diuersae,
1428 744 1460 795 ut
1485 732 1575 794 homo

277 834 437 896 homuncio
470 832 668 895 homunculus
702 832 851 896 homullus
886 832 1076 896 homullulus.
1133 833 1205 897 lnde
1239 835 1458 897 Priscianus
1489 835 1573 895 dicit:

276 937 368 997 Sunt
395 936 510 1014 igitur
539 936 683 997 lormae
710 934 1023 998 diminutluorum
1047 935 1250 999 masculini
1272 939 1426 1015 generis
1448 937 1602 1000 diues-⁵

275 1055 338 1098 sac
367 1045 404 1098 et
430 1039 575 1108 uariae,
611 1045 652 1099 ut
680 1045 766 1099 sunt
794 1035 877 1100 hae:
910 1039 945 1098 in
974 1036 1095 1109 culus,
1130 1040 1167 1100 in
1195 1037 1309 1109 tulus,
1343 1040 1378 1100 in
1409 1039 1504 1110 olus,
1534 1040 1576 1098 in

276 1139 388 1210 ellus,
416 1142 453 1202 in
476 1137 606 1210 xillus,
636 1137 823 1211 lucillus,
852 1141 889 1200 in
914 1139 1027 1211 ullus,
1057 1141 1093 1202 iu
1116 1142 1189 1212 cio,
1217 1142 1254 1202 in
1281 1140 1377 1212 leus,
1407 1145 1443 1203 ln
1466 1145 1575 1204 tulus.

278 1241 435 1322 Exempla,
470 1249 503 1303 nt
535 1241 683 1319 igniculus
716 1240 846 1304 tantulus
873 1241 1030 1324 capreolus
1057 1241 1201 1322 agnellus.
1254 1243 1325 1304 ltcm
1353 1259 1426 1320 ager
1453 1242 1575 1323 ugellus,
1656 1295 1657 1316 ,

278 1347 412 1406 Graecus
434 1341 610 1415 Graeculus,
635 1361 691 1423 pax
714 1342 854 1422 paxillus,
879 1344 973 1406 codex
996 1343 1163 1416 codicillus,
1188 1344 1276 1406 homo
1299 1343 1449 1407 homullus
1472 1353 1501 1406 et
1521 1343 1575 1405 ho·
1656 1317 1657 1410 l

280 1447 415 1516 munnio,
438 1464 509 1508 acus
531 1444 665 1517 aculeus,
689 1465 782 1526 nepos
799 1445 965 1527 nepotulus.
1002 1447 1075 1508 ltem
1091 1445 1145 1507 dos
1161 1445 1316 1518 llosculus,
1340 1435 1403 1508 uias
1419 1445 1575 1516 masculus,
1594 1462 1617 1498 ιο

279 1567 346 1610 rnus
375 1545 541 1612 musculus.
571 1547 663 1609 irater
691 1547 887 1624 lraterculus,
916 1555 1002 1628 pater
1029 1547 1213 1629 paterculus,
1243 1566 1355 1629 pauper
1379 1546 1578 1630 pauperculus

279 1649 457 1732 paupercula
473 1648 695 1730 pauperculum,
719 1657 825 1712 uenter
839 1649 1032 1720 uentriculus,
1057 1649 1140 1730 lepus
1154 1649 1333 1730 lepusculus,
1357 1669 1461 1713 rumor
1477 1669 1577 1712 rumu-

278 1750 392 1824 sculus,
421 1753 499 1831 iguis
522 1752 685 1830 igniculus,
715 1753 800 1813 testis
822 1751 990 1823 testiculus,
1019 1769 1124 1814 currus
1147 1751 1326 1822 curriculus,
1356 1771 1461 1814 uersus
1484 1754 1579 1815 uersi·

279 1854 376 1925 culus,
405 1861 487 1915 artus
514 1853 671 1925 articulus,
702 1853 808 1916 lluctus
831 1852 1014 1923 llucticulus,
1044 1853 1135 1916 codex
1159 1853 1313 1916 codiculus
1336 1863 1365 1916 et
1386 1853 1546 1918 codicellus
1568 1857 1577 1915 i
1656 1877 1657 1926 1

279 1955 529 2038 antepaenultima
558 1958 589 2018 in
618 1955 756 2018 omnibus
783 1975 903 2036 semper
931 1965 1078 2036 correpta.
1110 1947 1197 2017 ¹ltem
1226 1962 1311 2018 uetus
1339 1955 1457 2020 uetulus
1480 1955 1578 2020 uetula
1595 1973 1618 2010 ιε
1656 2007 1657 2018 ,

280 2059 428 2131 uetulum,
451 2059 510 2120 tiro
531 2057 708 2130 tirunculus,
733 2057 809 2120 latro
831 2057 1031 2128 latrunculus,
1055 2057 1145 2120 carbo
1168 2056 1383 2129 carbunculus,
1406 2059 1454 2120 lur
1476 2059 1580 2122 lurun·

280 2161 373 2224 culus.
417 2161 492 2222 ltem
520 2177 639 2238 pugnus
668 2159 813 2240 pugillus,
843 2177 937 2239 agnus
965 2159 1113 2240 agnellus,
1142 2178 1215 2240 ager
1243 2159 1370 2239 agellus,
1400 2160 1496 2223 culter
1518 2160 1581 2223 cul·
1656 2175 1657 2248 t

281 2263 383 2333 tellus,
412 2260 518 2324 anulus
545 2261 674 2333 anellus,
703 2260 806 2324 oculus
835 2262 960 2332 ocellus,
990 2261 1119 2343 populus
1153 2260 1303 2342 popellus,
1338 2270 1419 2324 catus
1447 2263 1581 2331 catellus,
1656 2279 1657 2350 p

282 2375 366 2428 tener
388 2361 530 2434 tenellus,
560 2361 636 2425 liber
658 2362 789 2426 libellus:
824 2365 898 2426 haec
921 2365 1019 2426 omnia
1042 2383 1058 2426 e
1081 2363 1291 2446 paenultimam
1313 2364 1489 2428 naturaliter
1511 2384 1581 2446 pro·
1656 2357 1657 2388 ¹

281 2467 401 2528 ductam
429 2463 549 2526 habent.
599 2465 672 2526 ltem
700 2483 790 2546 caper
818 2465 964 2547 capellus,
993 2484 1108 2548 pannus
1135 2466 1328 2548 panniculus,
1357 2465 1435 2528 lilius
1463 2466 1621 2539 liliolus,²0
1656 2469 1657 2518 1

282 2585 389 2630 urceus
422 2566 575 2639 urceolus,
611 2566 736 2630 malleus
772 2567 941 2640 malleolus;
987 2569 1131 2631 Antonius
1165 2575 1263 2630 autem
1291 2569 1479 2631 Antoniaster
1513 2570 1586 2631 lacit
1656 2577 1657 2640 ζ

282 2669 507 2739 dlminutiuum,
536 2688 627 2732 senex
651 2688 724 2732 uero
746 2672 865 2732 senecio
888 2671 967 2732 lacit.
1012 2669 1085 2732 ltem
1109 2671 1241 2733 leminlnl
1263 2673 1383 2750 generis
1406 2670 1582 2735 diminutius

284 2772 404 2835 cremina
427 2771 480 2833 has
502 2771 614 2834 lormas
636 2781 666 2835 et
687 2772 740 2834 has
761 2775 984 2835 terminationes
1007 2772 1140 2835 diuersas
1163 2771 1287 2844 habent,
1312 2772 1369 2835 hoc
1392 2781 1437 2834 est
1458 2773 1583 2844 incula,

283 2875 312 2937 lu
334 2874 397 2945 ula,
426 2875 456 2936 in
481 2875 543 2944 ola,
573 2875 602 2936 in
626 2873 698 2946 ella,
727 2876 757 2938 in
781 2873 864 2948 xilla,
894 2877 925 2938 in
948 2875 1012 2946 illa,
1041 2875 1073 2936 in
1097 2873 1171 2946 ulla,
1201 2883 1233 2937 ut
1254 2875 1371 2938 anicula
1392 2874 1494 2937 arcula
1517 2895 1585 2938 cer·

283 2975 378 3040 uicula
402 2977 515 3040 diecula
538 2976 695 3058 uulpecula
718 2977 949 3048 oliensluncula,
978 2995 1080 3040 mensa
1102 2975 1250 3046 mensula.
1279 2977 1384 3040 siluula
1406 2975 1506 3040 uetula
1530 2997 1585 3040 un·
1599 2991 1627 3055 ²⁵,

276 3079 357 3142 ciola
382 3077 493 3160 capella
517 3079 632 3141 maxilla
650 3077 661 3162 ΙΙ
677 3079 727 3142 lnl.
743 3076 802 3143 83·
816 3077 829 3162 ΙΙ
846 3079 986 3159 anguilla.
1025 3080 1097 3140 ltem
1121 3080 1202 3142 lurca
1226 3076 1354 3149 lurcula,
1380 3079 1474 3141 nubes
1490 3081 1585 3142 nube·
1656 3065 1657 3110 Ὗ

283 3181 364 3253 cula,
395 3189 458 3243 rete
486 3183 624 3252 reticula,
654 3184 756 3244 ceruix
784 3183 943 3245 ceruicula.
989 3181 1063 3244 ltem
1091 3189 1194 3243 catena
1222 3180 1341 3252 catella,
1372 3183 1453 3244 asina
1480 3182 1584 3254 asella,

283 3285 399 3366 gemina
423 3282 563 3363 gemella,
593 3282 730 3346 columna
754 3283 924 3355 columella,
954 3284 1051 3346 labula
1075 3283 1195 3355 labella,
1226 3283 1323 3346 tabula
1347 3282 1469 3354 tabella,
1493 3303 1585 3366 capra
1656 3299 1657 3312 ,

284 3386 411 3469 capella,
437 3384 542 3448 umbra
565 3385 710 3457 umbella,
734 3403 825 3466 puera
849 3386 960 3468 puella,
984 3395 1087 3447 tenera
1110 3385 1233 3455 tenella,
1257 3385 1366 3448 misera
1382 3385 1509 3456 misella,
1533 3405 1586 3448 ara

284 3489 382 3561 arula,
418 3487 517 3550 littera
550 3486 689 3551 litterula.
741 3487 815 3550 ltcrn
851 3496 1025 3550 neutrorum
1059 3506 1176 3570 quoquc
1211 3487 1323 3549 lormae
1352 3496 1421 3550 sunt
1447 3487 1518 3550 hae:
1553 3490 1623 3550 inu

286 3591 402 3662 culum,
432 3592 462 3652 ln
485 3588 596 3659 tulum,
626 3591 656 3652 in
678 3588 773 3661 olum,
802 3591 833 3652 ln
857 3589 962 3661 ellum,
991 3591 1021 3652 in
1044 3590 1138 3661 illum,
1169 3589 1200 3652 in
1223 3587 1329 3661 ullum,
1352 3591 1384 3650 in
1407 3587 1524 3652 xillum:
1553 3599 1589 3652 ut
1656 3623 1657 3630 κ

286 3692 496 3775 corpusculum
534 3692 685 3754 corculum
723 3692 869 3754 ferculum
905 3691 1065 3772 capitulum
1103 3690 1267 3755 laureolum
1305 3691 1442 3754 lucellum
1479 3693 1588 3756 uilium

288 3793 445 3864 uexillum,
474 3812 568 3858 unum
591 3793 693 3856 ullum.
737 3795 810 3856 ltem
834 3792 901 3874 plus
923 3792 1103 3874 plusculum,
1128 3813 1161 3856 os
1183 3793 1330 3865 osculum,
1353 3796 1450 3856 minus
1472 3795 1588 3856 minus·

287 3895 398 3960 culum.
448 3895 521 3956 ltem
550 3913 645 3959 cornu
673 3895 980 3974 corniculum,‘genu
1009 3896 1194 3974 geniculum,
1229 3905 1318 3977 caput
1346 3893 1522 3976 capitulum,
1554 3897 1587 3957 in

287 3999 400 4081 quibus
430 3997 611 4080 paenultima
645 4007 674 4061 et
706 3998 955 4079 antepaenultima
995 3999 1206 4078 corripiuntur.
1257 3998 1327 4060 ltem
1361 3996 1481 4078 paulum
1513 4011 1623 4078 pau-³⁵

289 4171 517 4182 ..-.—-.—-—-

356 4289 538 4342 lsoolestlcus
590 4289 724 4354 agniculus
800 4285 948 4356 tscmpcr]
969 4304 1031 4356 sepe
1107 4286 1222 4340 illumne
1273 4287 1376 4338 diuerso
1442 4286 1587 4338 dhomon-

288 4361 324 4411 tio
377 4358 496 4410 homulus
515 4356 696 4408 homonululus
766 4353 923 4422 Priscianus]
942 4356 961 4406 I
974 4374 1001 4424 p.
1023 4358 1085 4417 102,
1103 4361 1120 4407 s
1139 4357 1173 4406 H.
1244 4355 1360 4408 dlonne
1411 4369 1494 4422 genus
1546 4357 1589 4405 di·

288 4443 362 4479 uerse
425 4427 486 4477 din
505 4423 574 4494 olus]
594 4427 620 4476 lu
638 4426 687 4476 dus
739 4425 798 4478 'llu
817 4425 862 4474 itio
881 4425 907 4475 iu
925 4440 979 4484 eus,
998 4442 1045 4477 om.
1059 4425 1084 4474 i
1104 4425 1172 4475 tulus
1225 4421 1394 4492 &Exemphq
1416 4422 1589 4474 Sumendae
1656 4475 1657 4480 ,

286 4496 354 4561 fere,
373 4511 438 4564 quoe
456 4495 607 4546 Ρνίεοίαηια
624 4495 716 4546 admit.
803 4494 920 4544 vendex
942 4493 1078 4544 codicellus
1148 4490 1275 4543 homullus
1293 4502 1318 4543 et
1335 4491 1467 4572 homuntio
1555 4493 1586 4542 ll

289 4573 535 4682 prppucpsomalppter
552 4573 681 4684 psrllgnlai
698 4561 1006 4681 sppithect112s2ttseecntixpiptus
1037 4631 1070 4680 34
1085 4562 1116 4680 lg
1132 4560 1247 4694 'otpoltffisin
1265 4559 1498 4692 spillapeurllxlfflt
1543 4561 1586 4676 υἷι

289 4698 357 4757 culn]
376 4699 496 4750 ornacula
564 4701 597 4752 25
614 4699 715 4750 diecula
766 4699 894 4765 uutptouh
938 4697 1115 4748 ollensiulcula
1148 4697 1243 4749 unciola
1310 4698 1344 4747 36
1361 4695 1474 4746 anuuills
1512 4695 1589 4744 nubi-

290 4764 347 4815 cula
414 4768 447 4816 37
464 4777 531 4818 retes
604 4769 638 4818 28
656 4766 807 4817 columnella
892 4769 925 4818 29
942 4765 1053 4832 capsella
1137 4768 1170 4818 30
1188 4765 1269 4816 lorme
1354 4767 1385 4816 et
1404 4764 1430 4814 in
1449 4759 1540 4829 tulum]
1560 4765 1587 4813 in

290 4833 360 4883 lilum
429 4834 454 4882 in
473 4832 574 4901 xillum]
595 4836 621 4884 ln
640 4834 731 4898 syllum
802 4834 982 4900 necopinum
1052 4837 1085 4885 33
1103 4833 1219 4884 uixillurn
1287 4835 1320 4884 et
1338 4831 1468 4898 capitilum
