3378 5550
301 379 359 428 cv1
603 365 654 416 DE
674 365 851 418 VERGILIO
870 365 1023 417 MARONE
1042 365 1292 418 GRAMMATICO.

299 558 455 630 terroqari
482 557 637 632 potuerint
669 553 799 627 difficile
830 555 913 614 dictu
942 563 994 616 est.
1044 557 1180 616 Ceterum
1212 557 1241 615 in
1278 557 1367 616 beeins
1403 559 1462 616 loci
1497 557 1596 618 uerbis

299 659 489 718 recensendis
520 655 594 718 libri
628 659 756 732 nestiqiu
785 652 980 738 ΥΡΟΡΑΝῘΙ
1020 659 1158 732 quamuis
1190 665 1337 736 corrupta
1372 660 1460 734 sequi
1488 662 1593 732 malni,

299 776 389 836 quam
412 751 596 838 ὐπάντησις
623 761 673 818 uel
698 749 898 830 ὑπαντίασις
924 761 1077 834 conicere,
1107 762 1190 834 quod
1214 762 1310 836 ipsum
1338 761 1452 821 additis
1479 761 1596 821 ‘abacia

299 862 398 921 tionis’
428 863 477 921 uel
505 861 672 922 ‘decursis'
702 861 1001 937 interpretationibus
1029 863 1201 936 siqaificari
1227 864 1357 922 uidetur.
1413 863 1467 922 Est
1496 871 1595 924 autem

300 965 386 1039 apud
408 964 539 1023 Graecas
561 979 667 1023 nomen
690 964 752 1023 diei
773 962 849 1035 sesti
871 963 1021 1038 postridie
1044 965 1202 1024 liniendas
1225 965 1413 1024 Februarias
1439 965 1594 1038 celebrati,

301 1067 353 1126 cui
366 1067 452 1141 apud
466 1065 618 1126 Romanos
633 1066 837 1126 Candelariae
856 1081 962 1124 nomeu
978 1073 1036 1138 est,
1060 1067 1109 1125 uel
1123 1065 1266 1143 Hypanle
1280 1067 1329 1124 uel
1343 1065 1527 1143 propante
1548 1071 1598 1126 uei

302 1169 462 1242 l'papanti
475 1168 557 1240 dicti,
582 1168 665 1242 quod
686 1169 781 1242 ipsum
804 1167 961 1227 ‘obuiatio’
985 1169 1098 1228 dicitnr
1118 1169 1291 1242 siqniticarc
1307 1169 1394 1243 apud
1404 1169 1595 1230 llitlrmorum

301 1271 575 1344 Merseburqensem
604 1269 762 1342 (leibnitii
781 1269 894 1344 Script.
923 1268 1002 1330 Tora.
1027 1271 1047 1330 Ι
1068 1289 1103 1346 p.
1129 1275 1217 1346 375),·
1248 1273 1371 1345 ‘quarto
1398 1270 1478 1331 llan.
1502 1271 1594 1330 Febr.

300 1375 319 1431 i.
343 1389 368 1431 e.
387 1372 532 1448 Hypantp
548 1372 668 1432 liomirei
680 1389 732 1432 seu
747 1372 917 1432 obtdatione
939 1373 1011 1432 iusti
1023 1373 1194 1447 Simeonis',
1218 1372 1264 1447 cs.
1281 1374 1413 1434 Holtaus
1429 1373 1594 1433 Calatiae.

298 1475 392 1534 nudie·
411 1475 482 1534 aeui
502 1491 522 1532 a
544 1474 702 1550 Sebeffero
723 1491 845 1548 recoqn.
873 1479 945 1532 7797
964 1491 998 1550 p.
1024 1481 1072 1534 87.

875 2107 1018 2186 VII.

419 2285 495 2368 DE
517 2285 790 2368 VERGILIO
813 2285 1055 2370 MARONE
1078 2285 1472 2368 GRAMMATICO.

391 2595 519 2669 l'crpilii
540 2593 679 2655 Maronis
699 2598 908 2672 qrammatici,
932 2612 1018 2672 quem
1039 2601 1126 2656 secta
1149 2596 1197 2654 nel
1217 2595 1342 2669 septima
1362 2601 1430 2670 past
1446 2595 1595 2654 Cbristum

297 2699 531 2757 soeculanatam
543 2707 708 2772 essentque
722 2700 749 2757 si
760 2699 812 2758 Dis
822 2701 927 2774 placet
938 2699 1079 2774 lloreeisse
1089 2699 1151 2756 inm
1164 2713 1224 2756 nno
1236 2704 1279 2756 est
1292 2698 1426 2756 uirorum
1438 2697 1595 2757 doctorum

298 2816 369 2871 uox,
395 2799 476 2874 quod
488 2801 569 2858 lacos
584 2801 714 2874 aliquot,
735 2817 862 2875 quarum
880 2807 934 2860 aut
953 2801 1068 2860 adlam
1085 2801 1204 2860 omnino
1221 2807 1275 2858 aut
1293 2805 1409 2858 tenuem
1428 2807 1518 2874 atque
1533 2816 1594 2858 reon

297 2917 371 2960 raro
396 2902 457 2970 ride
485 2902 657 2962 destitutam
684 2903 886 2962 habueramus
907 2903 1061 2973 notitiam,
1090 2919 1129 2962 esc
1151 2902 1243 2961 medii
1263 2902 1335 2961 aeui
1355 2901 1471 2960 artibus
1490 2917 1594 2975 prum-

297 3004 414 3062 maticis
441 3003 582 3064 collectas
609 3003 681 3064 baie
709 3006 856 3064 uolumini
881 3005 1008 3077 inserui,
1045 3021 1104 3063 uon
1133 3004 1269 3078 equidem
1297 3019 1420 3074 acrem,
1454 3019 1492 3062 ne
1520 3005 1595 3077 ipsis

296 3105 455 3178 nuqataris
477 3107 650 3179 nequissimi
670 3107 901 3166 ariolationibns
918 3105 1033 3178 faune
1055 3106 1152 3166 dicar.
1191 3104 1269 3164 Nam
1285 3104 1355 3164 dum
1370 3109 1474 3164 cetera
1487 3107 1592 3179 qrnm'.

296 3208 474 3266 malleorum
496 3209 589 3266 medii
609 3209 680 3268 aeui
700 3210 834 3268 uirorum
857 3209 965 3268 cobors
991 3209 1069 3268 bona
1092 3209 1273 3282 plerunque
1297 3208 1359 3278 fide
1386 3209 1434 3267 usi
1459 3213 1594 3266 ueterum

291 3314 462 3384 praecepta
483 3315 626 3368 secuntur
647 3311 782 3384 satisque
803 3310 912 3370 babent
934 3312 1090 3370 collectum
1113 3309 1245 3384 undique
1261 3310 1420 3384 puluerem
1440 3325 1593 3383 pramma·

296 3413 387 3470 ticum
408 3412 470 3472 suis
492 3413 624 3486 ipsarum
647 3411 807 3485 inqenialis
831 3413 1022 3472 mediocriter
1049 3413 1227 3487 aspersisse,
1258 3429 1336 3470 unus
1363 3412 1442 3470 inter
1468 3427 1518 3470 cos
1539 3427 1593 3471 cx-

296 3514 357 3572 titit
385 3513 537 3586 Verqilius
559 3512 665 3585 Maro,
697 3515 750 3588 qui
776 3515 818 3572 ad
850 3515 967 3573 ultimas
998 3515 1149 3574 audaciae
1176 3520 1267 3588 atque
1294 3513 1492 3589 inpudentiae
1516 3515 1594 3584 fines

292 3623 455 3690 prouectus
482 3631 541 3674 aare
570 3617 663 3674 solum
687 3617 918 3690 perteersissima
947 3617 1097 3675 derebus
1128 3631 1148 3672 a
1175 3615 1282 3673 ceteris
1302 3613 1401 3688 probe
1426 3615 1594 3674 obscuratis

296 3718 410 3777 iudicia
428 3714 540 3790 ferret,
564 3718 619 3776 sed
639 3718 763 3792 insuper
783 3718 969 3791 sinqulnrern
992 3719 1078 3777 istam
1106 3718 1257 3776 insaniam
1279 3716 1505 3776 mendaciorum
1521 3715 1591 3787 soe-

297 3821 485 3878 dissimorum
508 3820 679 3878 inuentione
701 3819 791 3893 quusi
812 3821 890 3878 lueri
911 3835 950 3878 ac
971 3819 1146 3878 conmunire
1167 3818 1308 3890 auderet,
1332 3831 1442 3876 reuera
1463 3817 1514 3876 ille
1528 3819 1591 3892 qui-

297 3923 362 3980 dem
390 3937 449 3979 non
477 3921 572 3979 lucem
602 3937 642 3980 ea·
665 3919 769 3996 sumo,
797 3921 851 3978 sed
877 3937 917 3980 ec
936 3918 1064 3994 sutqore
1081 3917 1200 3991 fumum
1228 3919 1305 3978 dare
1325 3919 1438 3980 salitus.
1485 3919 1592 3979 Nonne

296 4025 447 4084 notissima
470 4023 521 4082 illo
552 4023 678 4098 l'erqilii
698 4039 789 4082 uersu
811 4025 866 4082 ecl.
891 4021 960 4096 ΙΙΙ,
986 4029 1047 4081 loo
1068 4021 1139 4093 ‘Qui
1160 4021 1292 4080 Bauium
1320 4038 1379 4080 nan
1403 4022 1481 4096 odit,
1513 4030 1592 4082 amet

296 4135 348 4186 tua
370 4127 521 4202 earmina,
545 4125 660 4185 Moeui’
684 4127 819 4198 nequiter
841 4124 951 4184 abusus
968 4125 1121 4184 Maeuium
1144 4125 1243 4183 uirum
1266 4125 1297 4182 in
1318 4123 1504 4183 carminibus
1526 4125 1592 4184 dul-

295 4230 445 4288 cissimum
463 4227 563 4300 fuisse
584 4234 716 4302 nupatus
737 4227 801 4286 est?
846 4227 966 4286 Etenim
995 4227 1071 4286 ltaec
1092 4227 1217 4300 leqimus
1237 4241 1268 4299 p.
1296 4229 1331 4282 79
1355 4223 1436 4282 Mai:
1459 4225 1590 4301 ‘Astipu-

294 4332 374 4389 letur
394 4330 468 4390 milri
494 4330 525 4389 in
546 4329 604 4390 boc
627 4327 768 4388 Maeuius
795 4330 844 4388 uir
870 4329 902 4388 in
924 4329 1112 4388 carminibus
1134 4327 1335 4399 dulcissimus,
1366 4327 1404 4385 de
1430 4345 1489 4401 quo
1513 4329 1593 4388 illud

293 4449 353 4506 pro
374 4439 492 4492 centum
514 4439 571 4490 est:
597 4432 661 4505 qui
676 4428 811 4502 fauura
834 4431 955 4491 mellis
978 4429 1158 4504 (Bauiuml)
1182 4445 1254 4488 nou
1277 4433 1392 4500 amat,
1424 4429 1505 4488 odit
1527 4438 1590 4489 tua

296 4531 472 4593 carmina
497 4533 629 4592 Maeui.
675 4533 735 4592 llic
757 4534 1026 4608 eloquentissimum
1049 4549 1171 4592 carmen
1195 4534 1226 4590 ia
1243 4537 1311 4591 aeta
1320 4539 1429 4606 partes
1444 4533 1591 4591 orationis

296 4635 400 4706 edidit,
425 4637 457 4694 ia
479 4651 537 4709 quo
559 4637 635 4694 baec
658 4635 717 4694 ait'
742 4653 767 4694 e.
791 4653 820 4710 q.
843 4653 867 4694 s.
915 4635 1003 4694 ltlitto
1025 4643 1143 4708 cetera,
1173 4650 1251 4710 quac
1278 4637 1338 4694 iam
1367 4633 1405 4692 ab
1432 4634 1502 4692 aliis
1528 4636 1589 4692 col-

296 4738 374 4796 lecta
397 4743 475 4808 sunt,
499 4735 543 4808 cs.
567 4739 661 4797 Keilii
682 4754 794 4814 proqr.
818 4735 947 4812 Erlanq.
974 4743 1048 4796 tsas
1068 4754 1102 4813 p.
1129 4745 1155 4796 5.
1201 4737 1263 4794 Sed
1291 4743 1334 4795 est
1362 4737 1444 4809 quod
1471 4737 1589 4795 ueniam

297 4839 399 4898 demus
422 4837 515 4910 bloio,
542 4848 573 4898 nt
594 4841 658 4914 ipse
679 4846 808 4900 testatur
829 4847 911 4900 auct.
943 4841 1010 4898 Vnt.
1034 4846 1104 4899 tom.
1135 4836 1285 4914 Vpraef.
1310 4855 1344 4913 p.
1376 4837 1432 4912 Vl,
1463 4838 1591 4912 Verqilii
