3316 5566
607 343 820 399 accusastis,
1322 345 1366 408 69

67 539 106 597 sic
134 537 281 599 celsitudo
307 537 456 601 rectitudo
484 535 650 600 crassitudo
678 533 831 614 longitudo
860 533 1019 604 habitudo,
1047 535 1188 613 genetiuo
1217 533 1365 596 secundae

67 638 271 702 declinationis
300 641 370 701 tudo
395 640 510 702 adiecta
534 657 552 700 u
575 637 755 720 paenultima
777 636 922 718 producta
944 645 974 700 et
995 639 1006 698 i
1027 635 1277 716 antepaeuultima
1299 655 1365 700 ccr-

67 749 164 820 repta,
192 743 235 804 sic
263 741 366 804 firmos
393 743 471 804 drmi
498 739 664 810 drmitcdc;
693 737 749 802 alia
776 759 793 802 a
820 738 921 801 datiuo
951 740 1056 801 tertiae
1085 736 1305 810 declinationis,
1333 749 1367 802 ut

68 840 155 904 simili
176 841 354 914 similitudo,
383 846 469 906 suani
491 842 665 912 suauitudo,
688 843 759 904 torti
781 841 938 912 tortitudo,
962 847 1037 904 testa
1060 858 1179 922 quoque
1201 843 1267 904 sine
1288 849 1365 906 testu

46 946 134 1010 ‚stacia
168 943 301 1014 testudo;
340 945 396 1008 alia
431 947 463 1006 in
500 963 532 1006 as
565 945 724 1006 diriuatiua
758 962 774 1005 a
806 945 945 1023 genetiuo
978 943 1127 1006 secundae
1159 940 1366 1008 declinationis

69 1049 204 1116 ueniunt,
234 1046 333 1108 addita
364 1057 408 1110 tas
428 1046 539 1129 syllaba
562 1045 706 1126 producta
729 1052 760 1108 et
781 1046 791 1107 i
813 1043 993 1128 paenultima
1016 1054 1168 1126 correpta,
1197 1052 1230 1107 ut
1251 1044 1366 1127 probus

69 1147 152 1228 probi
178 1148 326 1228 probitas,
362 1152 433 1211 noui
462 1151 592 1220 nouitas,
625 1148 697 1210 boni
725 1146 857 1221 bouitas,
891 1147 1020 1212 mendici
1047 1147 1237 1218 mendicitas.
1266 1149 1365 1228 asperi

68 1253 223 1332 asperitas,
247 1252 385 1332 prosperi
407 1254 607 1332 prosperitas,
631 1252 740 1313 sinceri
755 1252 927 1321 sinceritas,
951 1251 1060 1330 integri
1074 1251 1243 1329 integritas,
1266 1248 1366 1312 seduli

69 1351 219 1424 sedulitas,
242 1353 340 1415 timidi
356 1353 504 1416 timiditas
534 1353 572 1416 Et
592 1352 770 1425 notandum,
794 1354 873 1434 quod
896 1371 940 1425 ea,
964 1371 1040 1433 quae
1062 1353 1093 1412 in
1108 1353 1251 1432 genetiuo
1266 1351 1363 1433 dupli·

41 1463 132 1521 ocant
159 1456 184 1525 i,
218 1455 382 1518 extremam
416 1474 518 1518 earum
550 1461 668 1518 mutant
695 1457 725 1516 in
753 1473 770 1516 e
798 1461 967 1535 correptam
997 1453 1164 1535 euphoniae
1192 1471 1295 1530 causa,
1333 1464 1366 1516 ut

70 1559 129 1635 pius
150 1558 191 1636 pii
214 1558 324 1636 pietas,
352 1558 442 1620 medii
469 1557 624 1634 medietas,
655 1558 735 1620 anxii
762 1558 911 1629 anxietas,
939 1557 1013 1621 socii
1034 1557 1171 1620 societas.
1213 1555 1366 1638 Excipitur

70 1658 153 1728 liber,
182 1659 261 1740 quod
290 1659 492 1730 uomiuatiuo,
521 1678 581 1722 non
609 1660 764 1738 genetiuo,
792 1658 956 1741 adsumpsit
983 1668 1042 1732 tas,
1071 1667 1104 1722 ut
1125 1658 1204 1722 liber
1224 1658 1363 1730 libertam

71 1762 108 1821 sic
128 1771 157 1822 et
178 1763 210 1822 in
233 1762 319 1825 tertia
342 1759 540 1825 declinatione
562 1779 677 1842 pauper
699 1769 873 1842 paupertas,
898 1760 973 1824 uber
995 1760 1128 1832 ubertas,
1152 1767 1237 1823 uetus
1259 1768 1363 1824 uetus·

70 1869 108 1922 tas
128 1869 158 1924 et
178 1861 236 1924 alia
259 1865 378 1924 nomina
402 1865 506 1926 tertiae
528 1863 735 1926 declinationis
755 1865 787 1925 in
809 1871 854 1926 tas
874 1863 1037 1928 desinentia
1059 1883 1075 1926 a
1096 1863 1197 1926 datiuo
1217 1860 1363 1940 singulari

44 1967 203 2035 eueniunt,
233 1976 267 2026 ut
294 1967 397 2044 capaci
423 1967 584 2046 capacitas,
614 1967 711 2026 tenaci
740 1965 896 2036 tenacitas,
925 1968 1025 2047 rapaci
1051 1965 1212 2046 rapacitas,
1243 1965 1362 2044 procaci

73 2070 236 2146 procacitas,
260 2067 339 2129 lelici
362 2065 494 2139 lelicitas,
518 2067 628 2130 infideli
651 2065 817 2142 infidelitas,
842 2066 932 2130 celeri
955 2067 1102 2139 celeritas,
1126 2068 1239 2128 auctori
1261 2072 1362 2128 aucto·

71 2171 144 2232 ritas.
189 2171 269 2234 llaec
297 2187 370 2248 ergo
399 2171 497 2232 omnia
526 2172 645 2232 uomina
669 2170 828 2232 diriuatiua
849 2187 937 2248 supra
960 2168 1052 2242 dicta,
1083 2187 1159 2252 quae
1181 2169 1310 2232 diximus
1331 2170 1362 2231 ln

73 2274 121 2342 tia,
148 2274 179 2335 in
202 2273 263 2342 sio,
293 2273 404 2343 intio,
432 2272 464 2333 in
487 2271 574 2343 tudo,
602 2273 632 2332 in
657 2279 715 2347 tas,
745 2288 846 2332 rerum
869 2270 1103 2352 incorporalium
1125 2279 1195 2335 sunt
1215 2269 1362 2334 uocabula

72 2383 97 2432 et
127 2376 269 2438 temiuina
301 2382 378 2436 suut.
428 2375 501 2436 Item
523 2375 667 2464 ‘maiestas
695 2381 725 2436 et
752 2371 892 2435 honestas
921 2373 1089 2436 diriuantur
1117 2393 1133 2436 a
1162 2373 1362 2454 conparatiuis

44 2478 158 2539 amaior
186 2485 216 2538 et
243 2477 357 2548 bonor,
385 2485 496 2539 mutata
525 2495 559 2538 or
586 2475 697 2556 syllaba
716 2476 756 2570 'in
784 2493 816 2536 es
844 2480 874 2536 et
900 2473 999 2536 addita
1026 2483 1082 2538 tas.
1127 2477 1201 2538 ltem
1228 2476 1259 2539 in
1282 2483 1362 2538 etum

74 2578 256 2641 inueniuntur
284 2579 441 2642 diriuatiua
469 2580 589 2642 nomina
617 2577 797 2646 desinentia,
827 2594 904 2655 quae
927 2595 944 2638 e
964 2576 1084 2658 longam
1107 2577 1217 2641 habeut
1238 2575 1362 2658 paenul-

74 2680 179 2750 timam,
210 2687 243 2742 ιιι
265 2679 365 2742 eleum
387 2679 544 2752 oliuotum,
573 2681 662 2744 uinea
686 2679 835 2749 uinctum,
864 2698 930 2742 rosa
954 2687 1103 2753 rosetum,
1127 2679 1236 2744 dumus
1258 2680 1362 2744 dume·

75 2790 139 2852 tum,
161 2781 280 2863 corylus
301 2782 475 2863 coryletnm,
499 2790 613 2864 myrtus
636 2787 808 2864 myrtetum:
832 2780 887 2844 alia
909 2783 940 2845 io
962 2780 1086 2854 ibulum,
1110 2790 1142 2844 ut
1163 2783 1256 2847 uestis
1271 2785 1361 2846 uesti-

75 2881 182 2954 bulum,
206 2893 255 2946 tus
277 2883 457 2956 turibulum,
481 2887 491 2948 i
514 2883 764 2966 antepaenultima
785 2891 933 2965 correpta.
977 2885 1051 2947 ltem
1074 2903 1148 2948 cuna
1172 2883 1361 2956 cunabulum,

46 3003 123 3046 auor
164 2988 184 3047 t'.
200 2983 265 3048 82⁵
281 2985 292 3070 fl
308 2985 500 3058 uocabulum,
532 2987 689 3050 concilium
713 2985 957 3058 conciliabulum,
981 3009 997 3052 a
1020 2987 1269 3069 antepaouultima
1292 3005 1360 3070 pro·

75 3083 164 3157 ducta;
199 3087 255 3150 alia
288 3091 407 3151 nomina
435 3091 465 3152 in
494 3109 527 3151 ar
555 3089 719 3152 desinentia
748 3087 905 3151 diriuatiua
933 3095 1016 3160 aunt,
1050 3097 1085 3152 ut
1112 3109 1215 3154 caesus
1242 3089 1359 3161 Caesar,

75 3186 144 3251 lacus
165 3189 302 3263 lacunar,
331 3191 400 3272 lupa
427 3191 566 3274 lupanar,
595 3191 718 3272 laqueus
745 3189 880 3273 laqueum
909 3190 1054 3269 quaedam
1080 3193 1111 3254 in
1134 3211 1203 3264 cus,
1231 3193 1359 3256 maxime

75 3309 138 3368 quae
160 3293 197 3354 de
219 3293 394 3370 regionibus
416 3303 446 3354 et
467 3293 605 3372 gentibus
628 3301 658 3354 et
679 3295 767 3356 sectis
793 3292 974 3364 diriuautur,
1005 3301 1037 3358 ut
1057 3293 1266 3358 Macedonicus
1288 3293 1359 3358 Sar·

76 3395 187 3456 nabcus
210 3397 406 3458 Germanicus
427 3395 545 3458 ltalicus
567 3397 777 3475 grammaticus
799 3395 959 3459 historicus
981 3394 1147 3459 rhetoricus
1169 3395 1357 3466 dialecticus:

47 3496 205 3572 squaedam
228 3499 258 3559 in
281 3499 332 3570 tis,
356 3506 389 3559 ut
410 3497 537 3568 Lerritis;
567 3497 712 3580 quaedam
734 3498 764 3560 iu
788 3517 854 3574 eus,
879 3505 913 3560 ut
933 3499 1054 3578 igneus;
1080 3497 1228 3580 quaedam
1249 3500 1280 3562 in
1302 3501 1357 3568 tus,

75 3603 100 3656 ut
123 3601 280 3681 Aegyptius
314 3609 344 3662 et
376 3609 474 3663 cetera
510 3601 630 3663 uomina
663 3599 834 3671 diriuatiua,
869 3617 944 3679 quae
974 3599 1108 3663 diuersas
1135 3601 1358 3666 terminationes

75 3695 171 3763 babent
199 3701 359 3764 uariabiles
385 3711 415 3763 et
435 3701 681 3774 innumerabiles,
710 3700 764 3765 sed
786 3701 860 3765 baec
883 3701 1013 3784 exempli
1033 3721 1121 3766 causa
1143 3700 1259 3784 prolata
1278 3711 1357 3766 sunt

76 3795 221 3886 bucusque
249 3805 287 3866 dc
313 3805 483 3866 nominibus
512 3805 691 3874 diriuatiuis;
729 3821 809 3865 nunc
836 3805 875 3867 de
902 3803 1088 3869 diminutluls
1114 3805 1275 3870 dicendum
1302 3813 1356 3870 est.

74 3901 124 3964 lita
144 3909 263 3970 nomina
285 3907 461 3969 diminutiua
487 3914 572 3978 suut,
601 3917 633 3969 nt
655 3904 834 3969 monticulus
855 3906 1060 3972 scholasticus.
1102 3907 1281 3972 Dimiuntina
1303 3927 1357 3974 no·

50 4006 141 4068 anina
167 4027 260 4090 quare
282 4008 441 4071 dicuutur?
485 4009 560 4082 Quia
588 4008 756 4072 diminuunt
776 4027 912 4081 sensum,
942 4016 975 4072 ut
996 4012 1155 4075 monticius
1177 4009 1356 4083 monticulus

132 4299 270 4348 tsecunde
288 4298 352 4349 decli
437 4297 571 4351 aflrmtco
651 4297 772 4350 bnddita
790 4295 842 4366 tos]
861 4299 962 4350 additas
1031 4299 1168 4352 ttimidaa
1236 4300 1307 4363 quod
1325 4316 1354 4352 en

77 4361 259 4428 qoae1qncdb
331 4369 363 4418 10
380 4377 478 4417 ιιιιιιιιιιι
546 4369 576 4416 11
595 4367 680 4417 cccxii
697 4367 829 4418 ancxietaa
900 4369 931 4418 lb
948 4368 1097 4433 capacitatis
1166 4367 1198 4419 17
1216 4382 1265 4431 que
1322 4371 1354 4422 tt

78 4433 183 4484 uocabulo
270 4437 302 4486 19
320 4434 417 4486 lemine
485 4437 519 4486 20
536 4445 631 4486 motata
699 4435 818 4486 additas
886 4438 918 4486 21
937 4451 988 4498 que
1066 4439 1100 4490 23
1118 4437 1208 4488 mirtus
1226 4435 1353 4488 minatum

131 4500 175 4550 alia
192 4501 307 4553 albulum
392 4505 426 4554 24
442 4517 507 4554 cous
524 4503 678 4554 cunabulum
764 4505 797 4556 25
816 4502 1031 4568 uexilll[cabulum
1111 4506 1145 4556 26
1162 4519 1260 4562 emens
1320 4507 1353 4556 27

77 4560 151 4624 laquear
196 4571 283 4634 qadam
351 4573 385 4622 28
403 4582 428 4621 et
444 4571 571 4622 mentibus
589 4572 624 4636 cs.
643 4579 709 4624 auct.
726 4573 803 4624 clara.
819 4572 939 4624 Vaticcn.
958 4574 1001 4625 ed.
1012 4573 1046 4624 A.
1058 4573 1117 4624 Mai
1136 4573 1204 4627 Tora.
1221 4573 1250 4624 V
1255 4589 1283 4639 p.
1297 4575 1352 4626 133

77 4627 86 4688 l
89 4631 110 4678 V
109 4636 178 4700 irpa'b't
192 4639 310 4705 Epitorne
332 4638 434 4704 V111):
465 4639 591 4703 quaedam
608 4639 640 4690 de
658 4641 807 4706 regionibus
826 4639 986 4708 algentibus
1008 4640 1157 4692 darioantnr
1173 4651 1198 4692 et
1215 4642 1306 4704 sactis,
1326 4653 1354 4693 ιιι

77 4702 236 4758 machaonica·
256 4721 280 4757 et
297 4709 490 4774 grammaticus.
546 4708 691 4760 sarmitlcus
760 4711 794 4761 29
811 4709 953 4760 rethoricus
1004 4708 1153 4761 dialectibus
1238 4712 1272 4766 80
1289 4725 1350 4776 que

77 4765 135 4828 tam,
152 4780 189 4823 ter
273 4779 305 4827 at
323 4791 373 4838 qua
456 4779 490 4828 32
507 4789 612 4827 causam
697 4780 731 4830 33
750 4777 905 4843 lluncmque
983 4791 1051 4829 nunc
1068 4778 1233 4831 deminutione
1318 4781 1352 4834 ct

76 4837 204 4892 scolasticae
272 4847 305 4897 35
321 4845 457 4894 diminiunt
