3316 5566
290 253 349 320 108
806 253 872 306 ans
891 253 1066 306 anonaus

286 463 372 506 casus
394 443 544 524 reperitur
566 441 686 524 duplex,
709 440 788 504 ‘corn
812 460 867 522 per
890 459 993 504 omnes
1016 461 1102 504 casos
1125 461 1182 505 una
1209 443 1371 523 eademque
1393 442 1432 502 sit
1453 439 1573 502 declina·

285 549 341 616 tio,
366 554 397 608 ut
419 546 546 608 dicimus
568 562 657 624 sepes
678 545 757 624 sepis
778 552 807 606 et
827 561 896 622 seps
916 547 995 622 sepis
1010 540 1022 627 ΙΙ
1039 543 1058 604 1.
1082 541 1161 606 101³
1177 542 1189 627 ΙΙ
1205 543 1298 606 hebes
1319 543 1436 606 hebetis
1457 551 1486 606 et
1507 541 1573 604 lrebs

286 649 416 717 bebetis,
446 664 551 727 preces
573 647 672 725 precis
694 653 724 706 et
746 663 819 726 parea
842 647 956 726 procis,
985 644 1072 708 sedes
1094 647 1173 708 sedis
1195 655 1224 708 et
1247 666 1296 710 ses
1318 646 1401 708 sedis
1423 653 1452 708 et
1473 653 1572 706 cetera.

287 752 348 812 lloc
376 750 503 812 maxime
530 755 653 828 propter
681 753 843 810 metrorum
872 749 1078 811 necessitatem
1111 748 1280 830 pedumque
1313 745 1570 810 mensurandorom

285 873 320 914 ac
335 861 500 932 temporum
517 851 696 930 positionem
720 849 886 930 accipitur’.
920 849 1040 912 Tertiae
1062 848 1268 912 declinationis
1291 869 1367 932 quae
1390 858 1436 911 est
1456 847 1591 928 agnionis
1639 839 1640 900 l

285 955 365 1016 llaec
393 961 453 1015 est:
487 953 574 1014 errius
606 953 762 1031 genetioos
789 949 947 1030 singularis
976 952 1007 1012 in
1035 953 1061 1012 is
1081 961 1249 1034 correptam
1273 953 1458 1020 terminator,
1481 956 1513 1011 ιιι
1532 950 1572 1010 hic

285 1065 370 1136 pater
392 1055 480 1116 huius
502 1055 609 1134 patris;
632 1053 750 1116 datiuus
772 1053 801 1114 in
823 1055 834 1115 i
857 1052 1048 1134 productam,
1072 1061 1105 1114 ut
1127 1053 1197 1116 hnic
1217 1055 1309 1134 p'atri;
1339 1054 1523 1116 accusatione
1547 1055 1573 1112 in

284 1175 329 1220 em
352 1165 536 1238 correptam,
558 1163 591 1216 ot
613 1154 691 1217 bunc
714 1163 828 1235 patrem
851 1153 899 1216 nel
922 1157 952 1216 in
975 1158 1024 1226 lm,
1042 1163 1074 1218 nt
1097 1155 1173 1218 hauc
1189 1157 1304 1225 oauim;
1328 1155 1484 1216 uocations
1501 1154 1572 1214 simi·
1640 1139 1641 1212 ἶ

286 1259 322 1322 lis
344 1267 388 1321 est
410 1259 612 1327 nominatinoa
639 1255 729 1318 hahet
751 1258 830 1319 enlm
852 1264 897 1318 tot
918 1259 1158 1328 terminationes,
1188 1265 1260 1336 quot
1287 1257 1504 1325 nominatione:
1529 1253 1572 1315 ab·
1640 1263 1641 1306 ι

286 1362 394 1425 latinos
422 1359 578 1440 aliquando
601 1357 632 1420 in
661 1367 881 1438 ecorroptam‚
910 1367 942 1420 ιιι
970 1359 1008 1422 ab
1035 1359 1093 1420 hoc
1121 1368 1218 1440 patre,
1248 1358 1407 1439 aliquando
1429 1361 1460 1420 in
1481 1361 1492 1419 i
1512 1372 1602 1438 pro-u

286 1463 413 1534 ductam,
438 1469 470 1524 ot
492 1460 531 1524 ab
552 1461 608 1523 hac
632 1462 716 1530 nanis
740 1460 893 1522 inuenitur
915 1469 1014 1524 autem
1037 1479 1129 1525 unum
1153 1479 1271 1532 nomen,
1295 1461 1374 1541 qood
1399 1481 1416 1522 e
1438 1459 1572 1541 producta

286 1567 468 1634 terminatur,
493 1562 577 1626 otab
594 1563 649 1626 bac
670 1561 758 1624 lame.
794 1561 868 1624 ltem
891 1564 1092 1626 nominatione
1115 1571 1145 1624 et
1166 1565 1356 1625 accusatiuos
1379 1569 1410 1622 et
1432 1563 1573 1623 oocatiuos
1641 1569 1642 1626 l

284 1665 409 1748 pluralis
438 1667 469 1729 in
498 1663 661 1728 masculino
689 1673 719 1726 et
746 1665 890 1727 lemluino
918 1683 1029 1744 genere
1051 1668 1081 1727 ln
1106 1685 1138 1728 es
1165 1663 1341 1745 productam
1371 1665 1572 1738 terminantur,
1641 1649 1642 1652 ¹

285 1777 316 1831 ot
338 1768 369 1830 hi
391 1776 491 1849 patres
513 1776 543 1831 et
565 1768 619 1830 hos
641 1775 741 1848 patres
763 1775 833 1828 eto
861 1775 977 1848 patres,
1007 1769 1037 1828 in
1066 1775 1174 1830 neutro
1202 1773 1300 1828 autem
1329 1767 1529 1828 nominatious
1548 1773 1574 1824 et

284 1873 469 1933 accusatloos
492 1877 521 1932 et
544 1871 697 1932 uocations
718 1867 842 1949 pluralis
863 1869 893 1930 in
917 1889 933 1931 a
954 1879 1125 1950 correptam
1150 1869 1362 1938 terminantur,
1392 1869 1464 1930 item
1492 1883 1602 1946 geno-1⁵

285 1975 362 2034 tinus
390 1969 514 2053 pluralis
542 1975 572 2034 in
600 1991 650 2033 om
673 1979 841 2050 correptam
871 1971 993 2041 desinit,
1024 1980 1057 2033 ut
1078 1972 1184 2033 horum
1208 1979 1341 2052 patrom;
1371 1969 1529 2048 aliqnando
1547 1969 1574 2026 in
1642 2005 1643 2022 ι

283 2077 358 2144 iura,
381 2081 414 2136 ut
435 2073 539 2136 harum
569 2074 705 2144 naulom;
735 2072 852 2136 datious
875 2082 905 2135 et
926 2073 1070 2136 ablatinus
1092 2075 1123 2135 in
1149 2071 1204 2134 bus
1226 2077 1404 2150 correptam.
1429 2079 1463 2134 ut
1484 2071 1574 2132 biset

283 2176 320 2238 ab
344 2176 390 2237 his
411 2176 557 2256 patribus.

368 2278 401 2340 lu
430 2297 446 2340 a
473 2279 565 2357 igitur
593 2278 757 2339 desinentia
787 2278 907 2338 nomina
934 2278 965 2338 in
991 2277 1078 2338 tertia
1107 2275 1305 2338 declinatione
1327 2275 1441 2336 Graeca
1464 2282 1531 2336 sunt
1550 2281 1576 2334 et

284 2387 404 2449 neutra,
430 2387 461 2441 ot
483 2379 540 2441 hoc
562 2377 681 2440 schema
704 2379 810 2458 dogma
832 2397 937 2459 poema
960 2377 1105 2440 emblema
1120 2377 1281 2460 †creoima
1306 2384 1440 2440 toreuma
1455 2379 1478 2452 †
1491 2375 1605 2438 tario-s

284 2500 332 2542 ma
354 2479 487 2542 celeuma
510 2481 655 2560 baptisma
679 2480 824 2542 charisma
847 2483 982 2560 aenigma
999 2483 1021 2556 †
1037 2487 1169 2543 torecma
1191 2499 1299 2543 onoma
1321 2479 1426 2540 rhema
1448 2495 1573 2557 gramma
1643 2509 1644 2512 =

284 2593 314 2644 et
336 2589 444 2644 cetera.
482 2583 563 2644 llaec
585 2590 683 2644 autem
706 2583 825 2644 nomina
843 2583 954 2644 Graeca
978 2585 1022 2644 sle
1043 2583 1245 2646 declinantur:
1270 2583 1327 2644 hoo
1349 2582 1469 2644 schema
1493 2581 1575 2642 huius

283 2684 442 2748 schematis
463 2685 532 2747 huic
554 2683 696 2746 schemati
719 2683 776 2744 hoc
798 2683 917 2746 schema
940 2705 958 2746 o
980 2685 1101 2747 schama
1123 2685 1160 2747 ab
1182 2684 1239 2745 hoc
1262 2684 1414 2746 schemate
1430 2691 1460 2746 et
1475 2679 1575 2764 plurali

283 2787 357 2850 haec
384 2785 536 2850 schemata
563 2786 671 2848 borum
693 2785 878 2850 schematum
901 2787 948 2850 his
969 2787 1168 2850 schematibus
1190 2786 1264 2848 haec
1285 2786 1435 2849 schemata
1456 2805 1475 2846 o
1497 2783 1574 2846 sche·
1644 2772 1645 2858 l

284 2898 362 2952 mata
383 2889 421 2951 ab
442 2889 488 2951 his
510 2887 722 2952 schematibus.
761 2889 810 2950 Sic
832 2888 1020 2952 declinantur
1042 2899 1141 2953 cetera
1164 2890 1283 2951 nomina
1300 2889 1413 2951 Graeca
1435 2889 1466 2948 in
1490 2905 1506 2948 a
1528 2885 1604 2945 des
1644 2859 1645 2891 ¹

282 2993 408 3054 sinentis
436 2993 467 3054 in
496 2992 583 3053 tertia
611 2989 820 3052 declinatione.
866 2991 1025 3054 Sciendum
1048 3001 1094 3054 est
1114 2999 1228 3062 autem,
1260 2991 1338 3072 quod
1362 2991 1437 3052 haec
1460 2989 1573 3050 nomina

283 3092 417 3155 diuersas
439 3091 652 3155 declinationes
674 3092 751 3173 apud
775 3099 893 3155 ueteres
914 3093 1098 3162 habuerunt;
1122 3092 1173 3154 alii
1196 3095 1274 3154 enim
1297 3093 1353 3154 alia
1376 3091 1572 3154 declinabant:

284 3195 356 3257 haec
383 3193 502 3257 schema
530 3194 619 3256 huius
643 3195 797 3262 schemae:
827 3192 878 3256 alii
907 3214 980 3258 uero
1000 3198 1043 3257 sic
1071 3195 1272 3258 declinabant:
1306 3195 1363 3256 hnc
1395 3194 1577 3256 schematum·

283 3297 371 3359 huius
392 3296 536 3358 schemati
558 3295 630 3358 hoio
651 3297 802 3359 schemato
824 3297 881 3358 boo
903 3297 1085 3360 schematum
1109 3315 1126 3356 o
1149 3297 1332 3360 schematum
1355 3295 1393 3359 ab
1415 3297 1472 3358 hoc
1494 3295 1574 3358 sche-

283 3407 362 3462 mato
391 3407 420 3460 et
448 3397 555 3478 plurali
584 3397 658 3460 haec
685 3398 835 3460 schemata
863 3399 969 3461 borum
998 3399 1217 3461 schematornm
1246 3401 1291 3461 his
1319 3397 1480 3460 schematis
1507 3397 1605 3457 haeoao

283 3499 435 3562 schemata
457 3519 474 3562 o
497 3500 647 3562 schemata
669 3499 707 3561 ab
730 3500 776 3561 his
798 3499 970 3571 schematis,
998 3503 1076 3563 sicut
1102 3500 1152 3563 illa
1176 3502 1295 3563 nomina
1318 3499 1466 3563 mcondae
1490 3497 1575 3560 deeli-

282 3605 412 3666 nationis
434 3603 464 3665 in
488 3621 537 3664 um
561 3603 733 3664 desinentia.
778 3601 851 3664 lodo
872 3602 1090 3665 Priscianus
1112 3603 1198 3665 dicit:
1229 3602 1374 3681 quidam
1398 3609 1518 3664 autem
1540 3602 1573 3660 in

189 3721 191 3727 ⁸
284 3724 338 3767 om
361 3704 627 3766 huiuscemodi
656 3705 841 3766 nominum
869 3702 1113 3785 protulerunt
1141 3707 1394 3769 nominatione
1417 3704 1485 3766 hoc
1506 3721 1571 3764 em·

284 3805 485 3868 blematnm
507 3806 615 3868 huius
638 3805 850 3882 emblema-ti
873 3805 940 3868 hoc
965 3813 1213 3868 toreumatum
1236 3807 1346 3868 huius
1375 3805 1573 3868 toreumati

282 3909 352 3970 hoc
380 3907 606 3970 schematum
634 3908 744 3971 huius
771 3908 962 3970 schemati.
1008 3909 1107 3970 Vnde
1135 3910 1317 3986 lreqoens
1346 3925 1432 3968 osus
1454 3919 1605 3968 eornmo

283 4011 431 4072 datioos
455 4017 488 4070 et
517 4007 709 4072 ablatione
736 4009 902 4089 plurales
924 4012 960 4071 in
984 4013 1015 4072 ls
1039 4011 1231 4085 terminat,
1259 4009 1375 4071 uthis
1398 4018 1433 4069 et
1455 4009 1498 4070 ab
1520 4008 1573 4068 his

286 4131 510 4142 Μ...

351 4199 364 4246 1
383 4197 528 4261 repperitur
578 4211 636 4246 cum
645 4211 691 4262 per
700 4197 758 4246 -h
771 4196 895 4260 accipitur
905 4203 965 4248 aaut
975 4195 1057 4248 uerba
1069 4195 1178 4260 Verpa'lr'l
1187 4196 1280 4246 Ariani
1289 4213 1316 4260 p.
1326 4199 1343 4247 8
1355 4195 1424 4252 Mol,
1443 4197 1487 4260 pari
1498 4202 1572 4244 tmen

281 4281 330 4328 pro
343 4264 442 4316 ‘beben'
453 4271 502 4318 etr.
519 4269 584 4316 mole
600 4264 718 4316 exhibet:
737 4263 816 4315 Cebes
835 4263 933 4314 (lebetis
952 4275 977 4314 et
995 4263 1059 4315 Cebs
1072 4265 1180 4316 Cebetis.
1231 4267 1247 4314 2
1260 4273 1284 4312 et
1296 4279 1357 4330 seps
1370 4263 1443 4328 sepis
1455 4263 1544 4313 addidi

282 4333 360 4384 babes
379 4332 433 4383 obis
452 4343 477 4382 et
489 4329 546 4382 tens
559 4333 633 4382 ebitis
685 4333 835 4398 ‘lprodocta
870 4335 1018 4383 censorinus
1030 4345 1173 4398 correptam
1225 4332 1313 4384 Sblnc
1365 4325 1573 4391 sonminauuus]

281 4401 459 4451 termiontious
529 4402 561 4451 10
578 4400 748 4464 aliqnandoe
801 4403 833 4452 13
844 4403 1006 4451 termlnn¹tur
1059 4403 1090 4451 14
1107 4401 1142 4451 hii
1195 4403 1228 4452 lb
1246 4401 1407 4450 termlns³tur
1459 4401 1490 4450 l'l
1507 4413 1573 4447 arum

281 4471 315 4520 20
326 4484 411 4519 scema
445 4469 540 4534 dogma
549 4469 643 4534 dogma
655 4468 765 4535 planemn
777 4467 896 4518 emhllma
907 4471 1018 4519 eretrima
1031 4472 1139 4520 torioma
1149 4470 1258 4519 ter-loma
1269 4469 1375 4518 celinma
1426 4469 1459 4517 21
1473 4468 1574 4516 rarisma

282 4538 381 4604 inperce
393 4545 505 4587 torecma
555 4553 626 4588 rems
677 4539 821 4598 thereme,
838 4553 940 4602 seraper
990 4540 1024 4588 2³
1037 4537 1095 4587 haic
1106 4545 1230 4594 scemate.
1249 4553 1318 4588 corr.
1330 4539 1382 4586 -ti
1400 4535 1477 4586 latrina
1496 4547 1574 4584 scema

282 4605 314 4656 27
332 4605 457 4656 abuerunt
507 4605 787 4658 28l1nlusscemutum
838 4607 871 4656 29
884 4613 1003 4670 scemate,
1015 4621 1085 4657 corr.
1100 4608 1151 4656 —ti
1211 4607 1243 4656 ³2
1256 4601 1414 4670 Priscianus]
1429 4602 1446 4654 1
1456 4619 1485 4668 p.
1495 4603 1574 4659 tunt

317 4685 385 4722 mom
453 4676 487 4726 33
504 4673 680 4724 huiuscemodi
726 4673 900 4724 nominatione
945 4674 1116 4725 embtimatom
1177 4676 1211 4724 34
1228 4673 1367 4724 embllmati
1417 4673 1573 4722 torlnmatnm

317 4740 445 4790 toriomati
513 4744 546 4794 35
563 4741 665 4805 irequea
734 4743 767 4794 33
784 4741 888 4791 datione
905 4752 930 4792 et
946 4741 1073 4792 ablatione
1125 4743 1261 4792 terminent
