3352 5556
309 395 414 443 cxcrv
853 367 1058 432 susumus(

309 587 374 648 per
403 572 411 629 i
441 567 614 631 scribere
643 567 822 634 solemus,
853 566 1022 628 ‘accedo’
1057 582 1122 644 per
1159 564 1245 624 ede
1273 563 1444 626 abeundo
1463 611 1602 625 .......

309 672 562 752 ‘accido’per
585 673 594 732 i
617 668 851 739 deuocasse,
881 667 949 728 hoc
971 677 1027 730 est
1048 667 1089 728 dc
1112 664 1406 747 adproximando
1429 665 1606 744 etreliqua.

309 771 411 852 Vtrum
434 772 519 853 ionga
544 780 588 834 est
609 774 619 832 i
640 774 672 833 in
696 771 798 840 uerbo,
823 771 901 850 quod
918 769 1027 831 dicitur
1050 769 1212 832 ‘accidunt'
1236 787 1274 829 an
1298 769 1375 829 non?
1412 769 1499 831 Certe
1514 765 1606 846 longa

309 883 362 946 cst,
388 884 419 937 ut
441 874 513 936 dicit
535 875 721 936 luuencus
743 883 843 954 pocta:

530 977 679 1038 decidit
701 977 848 1057 pariter
871 993 1013 1056 poenae
1036 977 1228 1036 consortia
1252 973 1363 1035 terre.
1621 983 1633 1021 ⁵

392 1184 411 1243 t.
435 1181 497 1244 24ι
526 1183 693 1262 Sergius:
726 1181 853 1242 Donatus
876 1183 985 1262 inquit,
1015 1183 1103 1242 etiam
1131 1198 1147 1239 a
1177 1181 1331 1261 participio
1359 1179 1422 1240 deri
1450 1175 1606 1244 aduerbia.

307 1285 358 1346 sed
382 1288 537 1346 mentitur:
562 1303 629 1346 nam
653 1293 721 1345 sunt
743 1283 885 1363 pleraque
908 1283 1062 1362 participia
1086 1282 1187 1342 cadem
1212 1283 1299 1342 otiam
1323 1292 1352 1341 et
1375 1281 1503 1346 nomina,
1528 1296 1607 1356 quae

307 1386 417 1446 iaciunt
439 1385 596 1456 aduerbia,
626 1403 702 1464 quac
724 1387 788 1446 iure
811 1386 963 1446 nominum
987 1386 1085 1464 potius
1108 1383 1230 1454 iaciunt,
1255 1401 1342 1461 quam
1365 1384 1604 1463 participiorum,

309 1497 342 1549 ut
364 1505 466 1550 amans
488 1498 622 1550 amanter
645 1495 674 1548 et
696 1488 819 1568 reliqua.

390 1710 410 1770 ι.
432 1706 498 1771 24¹³
527 1710 699 1789 Sergius:
724 1709 975 1788 significationem
998 1707 1209 1769 aduerbiorum
1233 1726 1292 1769 non
1315 1717 1357 1770 cst
1382 1725 1456 1788 opus
1479 1719 1645 1770 emme-1⁰

305 1831 393 1880 rare:
418 1815 563 1874 ostentm
588 1810 826 1880 innumerabilis:
857 1813 954 1872 omnis
983 1812 1060 1870 enim
1083 1828 1152 1889 pars
1175 1811 1331 1878 orationis,
1355 1809 1473 1890 quando
1495 1809 1607 1870 desinit

305 1931 379 1984 esse,
402 1914 480 1995 quod
505 1924 557 1984 est,
581 1912 756 1975 aduerbium
779 1913 822 1974 fit.

390 2135 409 2195 1.
432 2132 493 2197 27⁸
516 2135 688 2213 Sergius:
712 2134 794 2197 tutus
817 2141 846 2195 et
868 2134 940 2194 toris
961 2133 1203 2212 significationem
1227 2133 1345 2196 dubiam
1368 2133 1489 2195 habent.
1527 2133 1604 2194 Nam

307 2246 336 2298 ct
357 2240 387 2299 in
411 2237 476 2298 ioco
500 2243 529 2297 et
551 2236 588 2298 de
611 2234 676 2297 loco
700 2237 879 2314 significant,
910 2243 941 2296 ut
963 2235 1034 2295 ioris
1056 2253 1136 2304 sum,
1159 2239 1342 2310 iniussum,
1367 2235 1439 2296 toris
1462 2255 1497 2297 eo
1518 2237 1604 2297 intus

305 2358 350 2401 co.
396 2339 531 2400 ‘Deintus
554 2339 640 2399 exeo'
664 2355 723 2399 non
746 2337 887 2408 dicimus,
917 2339 985 2416 quia
1009 2355 1068 2398 non
1092 2335 1162 2399 licet
1183 2337 1434 2418 praepositionem
1458 2337 1603 2399 aduerbio
1619 2363 1643 2399 n,

305 2442 468 2520 separatim
491 2439 662 2519 adiungere.

388 2643 463 2706 idid.
488 2646 659 2724 Sergius:
684 2643 844 2705 Sciendum
860 2651 906 2704 est
921 2649 1029 2712 autem,
1046 2641 1125 2720 quod
1143 2659 1251 2702 nomen
1274 2649 1303 2701 et
1315 2641 1491 2704 aduerbium
1508 2661 1603 2722 quan-

305 2748 372 2810 dam
401 2749 480 2810 iuter
508 2765 540 2807 sc
567 2746 678 2808 habent
706 2747 912 2824 cognationem
942 2753 972 2806 ει
1000 2743 1123 2806 aiterum
1152 2764 1206 2825 pro
1236 2743 1329 2806 altero
1360 2747 1485 2824 positum
1503 2755 1607 2822 potest

306 2849 473 2927 significare
496 2847 583 2918 aliud,
607 2848 658 2909 sed
682 2856 786 2909 tenere
807 2848 868 2909 uim
892 2867 985 2909 suam.

390 3070 409 3132 1.
432 3067 495 3132 27¹*
524 3070 697 3149 Sergius:
727 3069 918 3149 Participium
948 3069 1059 3130 dictum
1088 3077 1144 3138 est,
1179 3071 1264 3149 quasi
1291 3071 1502 3149 particapium,
1531 3087 1642 3130 namso

305 3174 385 3252 capit
413 3190 523 3250 genera
555 3179 585 3232 et
612 3190 696 3232 casus
719 3189 736 3231 a
758 3173 892 3240 nentina,
924 3169 1056 3232 auerbo
1085 3177 1217 3250 tempora
1241 3179 1270 3232 ει
1286 3155 1534 3250 significationes,
1565 3171 1603 3232 ab

305 3283 433 3354 utroque
456 3289 615 3334 numerum
640 3281 668 3332 ει
690 3273 814 3351 figuram
837 3273 951 3353 recipit

391 3479 411 3538 t.
433 3474 496 3538 28ιι
518 3477 690 3556 Sergius:
721 3475 771 3538 itta
795 3485 892 3538 autem
916 3478 1051 3546 nomina,
1079 3495 1153 3558 quac
1177 3477 1281 3539 taciem
1304 3479 1524 3557 participiorum
1550 3477 1602 3538 lia-

306 3582 378 3644 bent
400 3589 430 3642 et
453 3579 599 3659 quendam
623 3578 751 3640 colorem
774 3599 872 3660 neque
895 3588 964 3640 sunt
988 3587 1085 3640 tamen
1109 3581 1273 3660 participia,
1296 3589 1330 3642 ut
1352 3599 1453 3641 amens
1468 3580 1603 3651 demens,

306 3682 435 3746 ablatiuo
456 3685 487 3743 in
509 3684 520 3742 i
543 3699 664 3763 prorsus
687 3681 797 3742 debent
819 3683 909 3752 exire,
933 3687 966 3742 ut
988 3680 1024 3742 ab
1047 3680 1104 3743 hoc
1126 3680 1306 3744 amentius!
1329 3681 1366 3742 ab
1388 3682 1445 3744 hoc
1460 3681 1604 3744 dementi·
1619 3703 1643 3741 ε.

306 3872 532 3880 --ι-----.-.-

382 4009 395 4056 1
415 3987 486 4072 per'¹'
546 4007 563 4056 4
581 4003 719 4072 Iuiieocns]
739 4005 839 4069 Euang.
856 4004 913 4054 diet.
933 4004 974 4054 tid.
994 4003 1011 4052 1
1016 4005 1042 4054 V
1057 4005 1097 4054 ed.
1110 4004 1176 4056 Ben.
1190 4012 1249 4056 tom.
1263 4005 1311 4054 IV
1319 4021 1344 4070 p.
1359 4007 1390 4055 70
1402 4006 1426 4054 D
1455 3973 1459 3994 ι
1478 4007 1493 4055 5
1511 4007 1604 4056 oceidit

309 4086 336 4125 ut
353 4076 447 4140 pariter
466 4099 497 4110 -
516 4074 786 4124 terrentltenedictini
836 4087 919 4138 poene.
937 4073 1069 4122 consorcia
1137 4072 1224 4128 θεοὶ.
1242 4073 1277 4135 cs.
1290 4071 1377 4123 Seruii
1393 4090 1477 4124 comm.
1494 4075 1604 4126 salton.

306 4161 334 4208 p.
347 4145 409 4206 430,
429 4143 509 4207 1714,
528 4145 571 4209 qui
587 4144 646 4193 atto
663 4147 762 4192 omntno
780 4141 908 4190 uocabulis
924 4141 1015 4190 riutilio
1033 4142 1115 4192 docet.
1185 4141 1309 4206 Specius
1379 4143 1411 4192 10
1428 4139 1547 4210 Sergius]
1567 4145 1605 4206 cs.

308 4208 424 4278 [Sergii]
443 4216 576 4277 explanat.
595 4213 621 4260 tn
639 4212 705 4262 Bon.
723 4227 750 4274 p.
769 4212 829 4274 509,
840 4211 876 4259 33
894 4217 920 4258 ει
938 4207 1024 4258 Seruii
1040 4205 1155 4274 [Sergii]
1173 4225 1259 4260 conon.
1277 4211 1303 4258 in
1322 4210 1388 4262 Bon.
1406 4225 1433 4274 p.
1453 4212 1515 4272 439,
1533 4214 1570 4259 22

308 4295 456 4330 emunerure
526 4281 556 4329 11
575 4279 679 4328 discinit
765 4279 795 4326 12
813 4277 962 4326 nduerbium
981 4278 1015 4326 sit
1118 4279 1149 4328 13
1172 4278 1207 4340 es.
1229 4273 1345 4343 [Sergii]
1367 4280 1472 4342 emptore.
1491 4280 1516 4327 in
1536 4279 1605 4331 Don.

306 4365 333 4412 p.
353 4349 472 4409 510,17ε
492 4348 560 4396 intus
579 4346 652 4407 ioris,
671 4361 728 4396 nam
747 4345 810 4395 lauec
827 4345 888 4404 duo,
906 4346 975 4394 intus
993 4355 1018 4394 et
1035 4343 1107 4403 ioris,
1120 4347 1247 4411 geminam
1266 4344 1604 4411 transnominationem,

308 4418 332 4464 in
353 4416 408 4466 ioco
427 4417 500 4466 etde
519 4415 574 4466 ioco
593 4441 640 4478 —‚
664 4421 690 4465 et
707 4415 778 4477 infra
795 4417 845 4464 23:
877 4428 934 4462 tram
961 4415 1120 4479 praepositio
1147 4414 1285 4479 separatim
1312 4413 1435 4463 nduerbio
1462 4427 1605 4517 numpuam

1482 4489 1526 4530 quo

309 4543 394 4597 potest
411 4535 526 4600 adiungi.
556 4534 597 4597 Os.
611 4537 685 4584 etium
697 4533 784 4598 Sergii
794 4539 874 4583 ortem
886 4532 1043 4583 Bermcneem
1060 4532 1132 4582 tutio
1149 4532 1209 4581 didm·
1224 4549 1250 4597 p.
1264 4535 1323 4594 155,
1337 4535 1373 4582 23
1442 4534 1474 4582 17
1509 4547 1604 4582 nomen

309 4602 340 4652 18
358 4616 405 4666 pro
424 4602 540 4658 alterum,
559 4619 629 4652 corr.
647 4618 686 4651 -ro
704 4619 735 4652 m.
753 4601 788 4651 11
856 4611 941 4666 potest
958 4601 1050 4652 addidi
1133 4601 1166 4649 ‘20
1187 4601 1222 4660 cf.
1241 4599 1327 4651 Seruii
1343 4615 1427 4650 comm.
1446 4602 1474 4649 in
1491 4601 1558 4654 Don.
1575 4619 1605 4666 p.

308 4671 367 4729 400,
385 4663 417 4728 2,-
434 4673 493 4735 410,
512 4673 561 4728 27,Ι
579 4667 695 4736 [Sergii]
712 4673 818 4736 explan.
830 4686 857 4735 p.
871 4672 929 4731 489,
941 4672 972 4727 2,·
990 4671 1051 4729 513,
1063 4671 1093 4724 9,·
1112 4668 1197 4717 smodi
1213 4665 1330 4734 [Sergii]
1348 4685 1433 4719 comm.
1446 4685 1473 4732 p.
1484 4671 1544 4731 440,
1556 4673 1606 4724 17,·

307 4736 379 4786 duius
396 4738 456 4788 iibri
470 4755 496 4802 p.
517 4743 575 4800 155,
596 4743 628 4786 20
698 4739 860 4802 participium
880 4753 937 4786 uam
1025 4738 1057 4785 22
1076 4729 1207 4787 udmerum
1310 4739 1343 4787 23
1361 4736 1395 4798 cs.
1416 4735 1503 4786 Seruii
1518 4752 1607 4787 comm.

305 4819 333 4868 p.
353 4807 412 4870 409,
432 4809 480 4861 27,·
497 4823 524 4869 p.
543 4810 602 4870 417,
621 4811 650 4862 5,·
670 4807 755 4855 Seruii
771 4803 887 4871 [Serpit]
905 4821 989 4856 conum.
1003 4821 1030 4868 p.
1045 4807 1106 4866 434,
1121 4808 1166 4860 17,·
1184 4802 1299 4871 [Serpit]
1317 4809 1421 4869 explan.
1440 4821 1466 4869 p.
1482 4807 1540 4868 497,
1556 4809 1605 4862 20,·

306 4889 332 4937 p.
354 4875 476 4936 513,15.
