<?xml version="1.0" encoding="UTF-8"?>
<!DOCTYPE html PUBLIC "-//W3C//DTD XHTML 1.0 Transitional//EN"
    "http://www.w3.org/TR/xhtml1/DTD/xhtml1-transitional.dtd">
<html xmlns="http://www.w3.org/1999/xhtml" xml:lang="en" lang="en">
 <head>
  <title>
</title>
<meta http-equiv="Content-Type" content="text/html;charset=utf-8" />
  <meta name='ocr-system' content='tesseract 3.04.00' />
  <meta name='ocr-capabilities' content='ocr_page ocr_carea ocr_par ocr_line ocrx_word'/>
</head>
<body>
  <div class='ocr_page' id='page_1' title='image "./anecdotahelveti00hagegoog_0390.png"; bbox 0 0 3316 5566; ppageno 0'>
   <div class='ocr_carea' id='block_1_1' title="bbox 621 275 1375 340">
    <p class='ocr_par' dir='ltr' id='par_1_1' title="bbox 621 275 1375 340">
     <span class='ocr_line' id='line_1_1' title="bbox 621 275 1375 340; baseline 0 -10"><span class='ocrx_word' id='word_1_1' title='bbox 621 277 832 331; x_wconf 79' lang='lat' dir='ltr'><strong>uenueusts.</strong></span> <span class='ocrx_word' id='word_1_2' title='bbox 1314 275 1375 340; x_wconf 82' lang='lat'><strong>119</strong></span> 
     </span>
    </p>
   </div>
   <div class='ocr_carea' id='block_1_2' title="bbox 44 465 1403 3803">
    <p class='ocr_par' dir='ltr' id='par_1_2' title="bbox 44 465 1403 3803">
     <span class='ocr_line' id='line_1_2' title="bbox 78 465 1372 545; baseline -0.003 -15"><span class='ocrx_word' id='word_1_3' title='bbox 78 469 128 530; x_wconf 78' lang='lat' dir='ltr'><strong>lex</strong></span> <span class='ocrx_word' id='word_1_4' title='bbox 156 471 241 537; x_wconf 78' lang='lat' dir='ltr'><strong>lacis:</strong></span> <span class='ocrx_word' id='word_1_5' title='bbox 270 469 438 530; x_wconf 87' lang='lat' dir='ltr'><strong>communie</strong></span> <span class='ocrx_word' id='word_1_6' title='bbox 462 467 550 529; x_wconf 93' lang='lat' dir='ltr'><strong>trium</strong></span> <span class='ocrx_word' id='word_1_7' title='bbox 574 484 733 545; x_wconf 78' lang='lat' dir='ltr'>generum,</span> <span class='ocrx_word' id='word_1_8' title='bbox 763 475 796 528; x_wconf 89' lang='lat' dir='ltr'><strong>ut</strong></span> <span class='ocrx_word' id='word_1_9' title='bbox 818 466 866 527; x_wconf 88' lang='lat' dir='ltr'><strong>lric</strong></span> <span class='ocrx_word' id='word_1_10' title='bbox 889 475 919 527; x_wconf 92' lang='lat' dir='ltr'><strong>et</strong></span> <span class='ocrx_word' id='word_1_11' title='bbox 942 465 1015 528; x_wconf 78' lang='lat' dir='ltr'><strong>llaec</strong></span> <span class='ocrx_word' id='word_1_12' title='bbox 1038 466 1146 527; x_wconf 88' lang='lat' dir='ltr'><strong>etheo</strong></span> <span class='ocrx_word' id='word_1_13' title='bbox 1169 465 1256 526; x_wconf 84' lang='lat' dir='ltr'><strong>lnllox</strong></span> <span class='ocrx_word' id='word_1_14' title='bbox 1280 484 1372 526; x_wconf 85' lang='lat' dir='ltr'><strong>uorax</strong></span> 
     </span>
     <span class='ocr_line' id='line_1_3' title="bbox 77 567 1369 650; baseline -0.003 -18"><span class='ocrx_word' id='word_1_15' title='bbox 77 581 231 632; x_wconf 84' lang='lat' dir='ltr'><strong>contumax</strong></span> <span class='ocrx_word' id='word_1_16' title='bbox 253 589 346 650; x_wconf 78' lang='lat' dir='ltr'><strong>rapax</strong></span> <span class='ocrx_word' id='word_1_17' title='bbox 367 569 462 632; x_wconf 82' lang='lat' dir='ltr'><strong>audax</strong></span> <span class='ocrx_word' id='word_1_18' title='bbox 487 577 573 630; x_wconf 78' lang='lat' dir='ltr'><strong>tenax</strong></span> <span class='ocrx_word' id='word_1_19' title='bbox 595 587 684 648; x_wconf 85' lang='lat' dir='ltr'><strong>sogex</strong></span> <span class='ocrx_word' id='word_1_20' title='bbox 699 569 823 630; x_wconf 84' lang='lat' dir='ltr'><strong>mendax</strong></span> <span class='ocrx_word' id='word_1_21' title='bbox 840 569 996 649; x_wconf 78' lang='lat' dir='ltr'><strong>perspicax</strong></span> <span class='ocrx_word' id='word_1_22' title='bbox 1014 569 1116 628; x_wconf 83' lang='lat' dir='ltr'><strong>eldcex</strong></span> <span class='ocrx_word' id='word_1_23' title='bbox 1132 585 1238 636; x_wconf 77' lang='lat' dir='ltr'><strong>uorax:</strong></span> <span class='ocrx_word' id='word_1_24' title='bbox 1261 567 1369 635; x_wconf 85' lang='lat' dir='ltr'><strong>¹lrorom</strong></span> 
     </span>
     <span class='ocr_line' id='line_1_4' title="bbox 78 671 1366 752; baseline -0.005 -18"><span class='ocrx_word' id='word_1_25' title='bbox 78 677 206 736; x_wconf 90' lang='lat' dir='ltr'><strong>omnium</strong></span> <span class='ocrx_word' id='word_1_26' title='bbox 240 674 398 752; x_wconf 88' lang='lat' dir='ltr'><strong>genetiuus</strong></span> <span class='ocrx_word' id='word_1_27' title='bbox 427 673 458 732; x_wconf 94' lang='lat' dir='ltr'><strong>in</strong></span> <span class='ocrx_word' id='word_1_28' title='bbox 488 671 530 732; x_wconf 89' lang='lat' dir='ltr'><strong>cis</strong></span> <span class='ocrx_word' id='word_1_29' title='bbox 563 671 749 732; x_wconf 84' lang='lat' dir='ltr'><strong>terminatur.</strong></span> <span class='ocrx_word' id='word_1_30' title='bbox 807 671 893 731; x_wconf 84' lang='lat' dir='ltr'><strong>Haec</strong></span> <span class='ocrx_word' id='word_1_31' title='bbox 920 677 1020 732; x_wconf 82' lang='lat' dir='ltr'><strong>nutem</strong></span> <span class='ocrx_word' id='word_1_32' title='bbox 1047 673 1169 732; x_wconf 79' lang='lat' dir='ltr'><strong>nomino</strong></span> <span class='ocrx_word' id='word_1_33' title='bbox 1196 673 1366 730; x_wconf 82' lang='lat' dir='ltr'><strong>communio</strong></span> 
     </span>
     <span class='ocr_line' id='line_1_5' title="bbox 76 770 1368 853; baseline -0.005 -17"><span class='ocrx_word' id='word_1_34' title='bbox 76 781 167 838; x_wconf 79' lang='lat' dir='ltr'><strong>trimo</strong></span> <span class='ocrx_word' id='word_1_35' title='bbox 191 792 336 853; x_wconf 67' lang='lat' dir='ltr'><strong>perrenota</strong></span> <span class='ocrx_word' id='word_1_36' title='bbox 364 777 395 834; x_wconf 83' lang='lat' dir='ltr'><strong>in</strong></span> <span class='ocrx_word' id='word_1_37' title='bbox 422 791 466 834; x_wconf 79' lang='lat' dir='ltr'><strong>ax</strong></span> <span class='ocrx_word' id='word_1_38' title='bbox 494 774 664 834; x_wconf 76' lang='lat' dir='ltr'><em>desinentia</em></span> <span class='ocrx_word' id='word_1_39' title='bbox 693 775 737 834; x_wconf 84' lang='lat' dir='ltr'><strong>sic</strong></span> <span class='ocrx_word' id='word_1_40' title='bbox 764 775 974 834; x_wconf 80' lang='lat' dir='ltr'><strong>declinentur:</strong></span> <span class='ocrx_word' id='word_1_41' title='bbox 1017 770 1067 832; x_wconf 86' lang='lat' dir='ltr'><strong>iric</strong></span> <span class='ocrx_word' id='word_1_42' title='bbox 1095 779 1124 832; x_wconf 88' lang='lat' dir='ltr'><strong>et</strong></span> <span class='ocrx_word' id='word_1_43' title='bbox 1151 770 1225 832; x_wconf 78' lang='lat' dir='ltr'><strong>haec</strong></span> <span class='ocrx_word' id='word_1_44' title='bbox 1255 778 1284 832; x_wconf 88' lang='lat' dir='ltr'><strong>et</strong></span> <span class='ocrx_word' id='word_1_45' title='bbox 1311 771 1368 830; x_wconf 89' lang='lat' dir='ltr'><strong>hoc</strong></span> 
     </span>
     <span class='ocr_line' id='line_1_6' title="bbox 53 872 1368 948; baseline -0.006 -8"><span class='ocrx_word' id='word_1_46' title='bbox 53 894 180 948; x_wconf 64' lang='lat' dir='ltr'><strong>tuerox,</strong></span> <span class='ocrx_word' id='word_1_47' title='bbox 203 878 290 939; x_wconf 80' lang='lat' dir='ltr'><strong>huius</strong></span> <span class='ocrx_word' id='word_1_48' title='bbox 312 877 442 946; x_wconf 76' lang='lat' dir='ltr'><strong>neronio,</strong></span> <span class='ocrx_word' id='word_1_49' title='bbox 465 874 534 937; x_wconf 89' lang='lat' dir='ltr'><strong>huic</strong></span> <span class='ocrx_word' id='word_1_50' title='bbox 556 877 674 945; x_wconf 80' lang='lat' dir='ltr'><strong>neraei,</strong></span> <span class='ocrx_word' id='word_1_51' title='bbox 702 875 781 936; x_wconf 91' lang='lat' dir='ltr'><strong>hunc</strong></span> <span class='ocrx_word' id='word_1_52' title='bbox 805 883 833 934; x_wconf 89' lang='lat' dir='ltr'><strong>et</strong></span> <span class='ocrx_word' id='word_1_53' title='bbox 858 873 934 934; x_wconf 84' lang='lat' dir='ltr'><strong>hone</strong></span> <span class='ocrx_word' id='word_1_54' title='bbox 961 891 1098 934; x_wconf 86' lang='lat' dir='ltr'><strong>uerocem</strong></span> <span class='ocrx_word' id='word_1_55' title='bbox 1125 881 1154 934; x_wconf 89' lang='lat' dir='ltr'><strong>et</strong></span> <span class='ocrx_word' id='word_1_56' title='bbox 1181 872 1238 933; x_wconf 88' lang='lat' dir='ltr'><strong>hoc</strong></span> <span class='ocrx_word' id='word_1_57' title='bbox 1266 890 1368 941; x_wconf 80' lang='lat' dir='ltr'><strong>uorax,</strong></span> 
     </span>
     <span class='ocr_line' id='line_1_7' title="bbox 76 973 1403 1050; baseline -0.005 -10"><span class='ocrx_word' id='word_1_58' title='bbox 76 1001 94 1040; x_wconf 96' lang='lat' dir='ltr'><strong>o</strong></span> <span class='ocrx_word' id='word_1_59' title='bbox 117 997 220 1048; x_wconf 85' lang='lat' dir='ltr'><strong>uerex,</strong></span> <span class='ocrx_word' id='word_1_60' title='bbox 248 977 285 1040; x_wconf 83' lang='lat' dir='ltr'><strong>ob</strong></span> <span class='ocrx_word' id='word_1_61' title='bbox 313 977 372 1038; x_wconf 91' lang='lat' dir='ltr'><strong>hoc</strong></span> <span class='ocrx_word' id='word_1_62' title='bbox 393 984 422 1038; x_wconf 86' lang='lat' dir='ltr'><strong>et</strong></span> <span class='ocrx_word' id='word_1_63' title='bbox 443 977 481 1038; x_wconf 80' lang='lat' dir='ltr'><strong>ab</strong></span> <span class='ocrx_word' id='word_1_64' title='bbox 503 981 561 1038; x_wconf 86' lang='lat' dir='ltr'><strong>doc</strong></span> <span class='ocrx_word' id='word_1_65' title='bbox 583 984 612 1038; x_wconf 89' lang='lat' dir='ltr'><strong>et</strong></span> <span class='ocrx_word' id='word_1_66' title='bbox 634 975 671 1036; x_wconf 86' lang='lat' dir='ltr'><strong>ab</strong></span> <span class='ocrx_word' id='word_1_67' title='bbox 694 974 750 1036; x_wconf 89' lang='lat' dir='ltr'><strong>hoc</strong></span> <span class='ocrx_word' id='word_1_68' title='bbox 773 977 888 1045; x_wconf 83' lang='lat' dir='ltr'><strong>ueraci,</strong></span> <span class='ocrx_word' id='word_1_69' title='bbox 918 975 948 1035; x_wconf 90' lang='lat' dir='ltr'><strong>hi</strong></span> <span class='ocrx_word' id='word_1_70' title='bbox 972 983 1001 1036; x_wconf 92' lang='lat' dir='ltr'><strong>et</strong></span> <span class='ocrx_word' id='word_1_71' title='bbox 1023 973 1078 1034; x_wconf 88' lang='lat' dir='ltr'><strong>hae</strong></span> <span class='ocrx_word' id='word_1_72' title='bbox 1101 993 1224 1036; x_wconf 85' lang='lat' dir='ltr'><strong>nernces</strong></span> <span class='ocrx_word' id='word_1_73' title='bbox 1247 984 1276 1035; x_wconf 93' lang='lat' dir='ltr'><strong>et</strong></span> <span class='ocrx_word' id='word_1_74' title='bbox 1298 973 1372 1035; x_wconf 88' lang='lat' dir='ltr'><strong>hoec</strong></span> <span class='ocrx_word' id='word_1_75' title='bbox 1395 1037 1403 1050; x_wconf 62' lang='grc'><em>,</em></span> 
     </span>
     <span class='ocr_line' id='line_1_8' title="bbox 78 1074 1370 1149; baseline -0.004 -7"><span class='ocrx_word' id='word_1_76' title='bbox 78 1084 205 1149; x_wconf 84' lang='lat' dir='ltr'><strong>ueraeia.</strong></span> <span class='ocrx_word' id='word_1_77' title='bbox 234 1081 343 1142; x_wconf 88' lang='lat' dir='ltr'><strong>horum</strong></span> <span class='ocrx_word' id='word_1_78' title='bbox 365 1087 394 1140; x_wconf 88' lang='lat' dir='ltr'><strong>et</strong></span> <span class='ocrx_word' id='word_1_79' title='bbox 416 1078 522 1140; x_wconf 83' lang='lat' dir='ltr'><strong>borum</strong></span> <span class='ocrx_word' id='word_1_80' title='bbox 545 1077 703 1140; x_wconf 87' lang='lat' dir='ltr'><strong>ethorum</strong></span> <span class='ocrx_word' id='word_1_81' title='bbox 727 1080 893 1148; x_wconf 84' lang='lat' dir='ltr'><strong>ueracium,</strong></span> <span class='ocrx_word' id='word_1_82' title='bbox 921 1077 969 1138; x_wconf 82' lang='lat' dir='ltr'><strong>iris</strong></span> <span class='ocrx_word' id='word_1_83' title='bbox 992 1076 1163 1146; x_wconf 81' lang='lat' dir='ltr'><strong>ueracibus,</strong></span> <span class='ocrx_word' id='word_1_84' title='bbox 1188 1075 1243 1137; x_wconf 84' lang='lat' dir='ltr'><strong>hos</strong></span> <span class='ocrx_word' id='word_1_85' title='bbox 1266 1084 1294 1136; x_wconf 90' lang='lat' dir='ltr'><strong>et</strong></span> <span class='ocrx_word' id='word_1_86' title='bbox 1316 1074 1370 1137; x_wconf 82' lang='lat' dir='ltr'><strong>ires</strong></span> 
     </span>
     <span class='ocr_line' id='line_1_9' title="bbox 79 1177 1257 1250; baseline -0.005 -6"><span class='ocrx_word' id='word_1_87' title='bbox 79 1201 196 1244; x_wconf 82' lang='lat' dir='ltr'><strong>cereces</strong></span> <span class='ocrx_word' id='word_1_88' title='bbox 218 1191 247 1244; x_wconf 88' lang='lat' dir='ltr'><strong>et</strong></span> <span class='ocrx_word' id='word_1_89' title='bbox 270 1182 344 1242; x_wconf 83' lang='lat' dir='ltr'><strong>lreec</strong></span> <span class='ocrx_word' id='word_1_90' title='bbox 366 1181 501 1250; x_wconf 83' lang='lat' dir='ltr'><strong>ueraeio,</strong></span> <span class='ocrx_word' id='word_1_91' title='bbox 526 1200 543 1241; x_wconf 94' lang='lat' dir='ltr'><strong>o</strong></span> <span class='ocrx_word' id='word_1_92' title='bbox 566 1197 689 1240; x_wconf 83' lang='lat' dir='ltr'><strong>nerccee</strong></span> <span class='ocrx_word' id='word_1_93' title='bbox 711 1188 741 1240; x_wconf 89' lang='lat' dir='ltr'><strong>et</strong></span> <span class='ocrx_word' id='word_1_94' title='bbox 763 1199 780 1240; x_wconf 95' lang='lat' dir='ltr'><strong>o</strong></span> <span class='ocrx_word' id='word_1_95' title='bbox 804 1180 937 1248; x_wconf 79' lang='lat' dir='ltr'><strong>neronio,</strong></span> <span class='ocrx_word' id='word_1_96' title='bbox 961 1179 998 1241; x_wconf 85' lang='lat' dir='ltr'><strong>ab</strong></span> <span class='ocrx_word' id='word_1_97' title='bbox 1022 1179 1068 1239; x_wconf 84' lang='lat' dir='ltr'><strong>hie</strong></span> <span class='ocrx_word' id='word_1_98' title='bbox 1090 1177 1257 1240; x_wconf 83' lang='lat' dir='ltr'><strong>ueracibus.</strong></span> 
     </span>
     <span class='ocr_line' id='line_1_10' title="bbox 156 1278 1368 1362; baseline -0.004 -17"><span class='ocrx_word' id='word_1_99' title='bbox 156 1285 188 1345; x_wconf 91' lang='lat' dir='ltr'><strong>ln</strong></span> <span class='ocrx_word' id='word_1_100' title='bbox 216 1303 251 1345; x_wconf 90' lang='lat' dir='ltr'><strong>ex</strong></span> <span class='ocrx_word' id='word_1_101' title='bbox 274 1291 347 1361; x_wconf 90' lang='lat' dir='ltr'><strong>quot</strong></span> <span class='ocrx_word' id='word_1_102' title='bbox 369 1299 479 1362; x_wconf 80' lang='lat' dir='ltr'><strong>genero</strong></span> <span class='ocrx_word' id='word_1_103' title='bbox 502 1282 715 1342; x_wconf 79' lang='lat' dir='ltr'><strong>inueniuntur?</strong></span> <span class='ocrx_word' id='word_1_104' title='bbox 760 1281 821 1341; x_wconf 86' lang='lat' dir='ltr'><strong>Hoc</strong></span> <span class='ocrx_word' id='word_1_105' title='bbox 845 1288 1066 1360; x_wconf 73' lang='lat' dir='ltr'><strong>octonalium,</strong></span> <span class='ocrx_word' id='word_1_106' title='bbox 1095 1278 1258 1341; x_wconf 80' lang='lat' dir='ltr'><strong>masculine</strong></span> <span class='ocrx_word' id='word_1_107' title='bbox 1280 1281 1368 1340; x_wconf 87' lang='lat' dir='ltr'><strong>lemi-</strong></span> 
     </span>
     <span class='ocr_line' id='line_1_11' title="bbox 44 1379 1367 1462; baseline -0.003 -16"><span class='ocrx_word' id='word_1_108' title='bbox 44 1389 142 1447; x_wconf 82' lang='lat' dir='ltr'><strong>1⁰nina</strong></span> <span class='ocrx_word' id='word_1_109' title='bbox 163 1387 330 1448; x_wconf 83' lang='lat' dir='ltr'><strong>communie</strong></span> <span class='ocrx_word' id='word_1_110' title='bbox 353 1385 459 1445; x_wconf 83' lang='lat' dir='ltr'><strong>incerti</strong></span> <span class='ocrx_word' id='word_1_111' title='bbox 482 1384 615 1462; x_wconf 78' lang='lat' dir='ltr'><strong>generis:</strong></span> <span class='ocrx_word' id='word_1_112' title='bbox 645 1379 821 1450; x_wconf 81' lang='lat' dir='ltr'><strong>masculina,</strong></span> <span class='ocrx_word' id='word_1_113' title='bbox 846 1389 878 1442; x_wconf 93' lang='lat' dir='ltr'><strong>ut</strong></span> <span class='ocrx_word' id='word_1_114' title='bbox 900 1381 948 1442; x_wconf 80' lang='lat' dir='ltr'><strong>liic</strong></span> <span class='ocrx_word' id='word_1_115' title='bbox 971 1391 1074 1444; x_wconf 90' lang='lat' dir='ltr'><strong>uertex</strong></span> <span class='ocrx_word' id='word_1_116' title='bbox 1097 1383 1237 1453; x_wconf 91' lang='lat' dir='ltr'><strong>uerticis,</strong></span> <span class='ocrx_word' id='word_1_117' title='bbox 1262 1391 1367 1444; x_wconf 90' lang='lat' dir='ltr'><strong>uortex</strong></span> 
     </span>
     <span class='ocr_line' id='line_1_12' title="bbox 77 1483 1364 1568; baseline -0.004 -19"><span class='ocrx_word' id='word_1_118' title='bbox 77 1491 200 1558; x_wconf 87' lang='lat' dir='ltr'><strong>corticis,</strong></span> <span class='ocrx_word' id='word_1_119' title='bbox 223 1505 298 1568; x_wconf 82' lang='lat' dir='ltr'><strong>apex</strong></span> <span class='ocrx_word' id='word_1_120' title='bbox 321 1483 424 1566; x_wconf 87' lang='lat' dir='ltr'><strong>epicis,</strong></span> <span class='ocrx_word' id='word_1_121' title='bbox 449 1484 582 1564; x_wconf 90' lang='lat' dir='ltr'><strong>pontilex</strong></span> <span class='ocrx_word' id='word_1_122' title='bbox 605 1485 761 1564; x_wconf 83' lang='lat' dir='ltr'><strong>pontilicis,</strong></span> <span class='ocrx_word' id='word_1_123' title='bbox 779 1503 830 1544; x_wconf 89' lang='lat' dir='ltr'><strong>rex</strong></span> <span class='ocrx_word' id='word_1_124' title='bbox 846 1485 933 1563; x_wconf 86' lang='lat' dir='ltr'><strong>regis,</strong></span> <span class='ocrx_word' id='word_1_125' title='bbox 949 1501 1023 1562; x_wconf 90' lang='lat' dir='ltr'><strong>grex</strong></span> <span class='ocrx_word' id='word_1_126' title='bbox 1039 1485 1146 1563; x_wconf 84' lang='lat' dir='ltr'><strong>gregis,</strong></span> <span class='ocrx_word' id='word_1_127' title='bbox 1164 1502 1254 1545; x_wconf 84' lang='lat' dir='ltr'><strong>senex</strong></span> <span class='ocrx_word' id='word_1_128' title='bbox 1269 1485 1364 1554; x_wconf 86' lang='lat' dir='ltr'><strong>senis;</strong></span> 
     </span>
     <span class='ocr_line' id='line_1_13' title="bbox 76 1583 1367 1668; baseline -0.002 -20"><span class='ocrx_word' id='word_1_129' title='bbox 76 1591 225 1659; x_wconf 80' lang='lat' dir='ltr'><strong>feminina,</strong></span> <span class='ocrx_word' id='word_1_130' title='bbox 256 1595 289 1648; x_wconf 90' lang='lat' dir='ltr'><strong>ut</strong></span> <span class='ocrx_word' id='word_1_131' title='bbox 310 1587 385 1649; x_wconf 83' lang='lat' dir='ltr'><strong>baec</strong></span> <span class='ocrx_word' id='word_1_132' title='bbox 407 1587 453 1646; x_wconf 86' lang='lat' dir='ltr'><strong>lex</strong></span> <span class='ocrx_word' id='word_1_133' title='bbox 477 1586 563 1664; x_wconf 87' lang='lat' dir='ltr'><strong>legis,</strong></span> <span class='ocrx_word' id='word_1_134' title='bbox 592 1585 666 1646; x_wconf 83' lang='lat' dir='ltr'><strong>hoec</strong></span> <span class='ocrx_word' id='word_1_135' title='bbox 687 1584 821 1668; x_wconf 88' lang='lat' dir='ltr'><strong>†uertex</strong></span> <span class='ocrx_word' id='word_1_136' title='bbox 844 1587 978 1656; x_wconf 74' lang='lat' dir='ltr'><strong>uerticiS,</strong></span> <span class='ocrx_word' id='word_1_137' title='bbox 1001 1583 1134 1664; x_wconf 79' lang='lat' dir='ltr'>supellex</span> <span class='ocrx_word' id='word_1_138' title='bbox 1158 1585 1367 1664; x_wconf 82' lang='lat' dir='ltr'><strong>supellectilis;</strong></span> 
     </span>
     <span class='ocr_line' id='line_1_14' title="bbox 77 1683 1370 1767; baseline -0.002 -17"><span class='ocrx_word' id='word_1_139' title='bbox 77 1693 233 1752; x_wconf 82' lang='lat' dir='ltr'><strong>communia</strong></span> <span class='ocrx_word' id='word_1_140' title='bbox 263 1691 351 1750; x_wconf 88' lang='lat' dir='ltr'><strong>trium</strong></span> <span class='ocrx_word' id='word_1_141' title='bbox 380 1707 539 1767; x_wconf 78' lang='lat' dir='ltr'><strong>generum,</strong></span> <span class='ocrx_word' id='word_1_142' title='bbox 570 1696 602 1749; x_wconf 93' lang='lat' dir='ltr'><strong>ut</strong></span> <span class='ocrx_word' id='word_1_143' title='bbox 631 1687 679 1748; x_wconf 89' lang='lat' dir='ltr'><strong>hic</strong></span> <span class='ocrx_word' id='word_1_144' title='bbox 701 1695 731 1748; x_wconf 91' lang='lat' dir='ltr'><strong>et</strong></span> <span class='ocrx_word' id='word_1_145' title='bbox 753 1687 826 1748; x_wconf 84' lang='lat' dir='ltr'><strong>hoec</strong></span> <span class='ocrx_word' id='word_1_146' title='bbox 849 1695 877 1748; x_wconf 89' lang='lat' dir='ltr'><strong>et</strong></span> <span class='ocrx_word' id='word_1_147' title='bbox 899 1686 955 1747; x_wconf 91' lang='lat' dir='ltr'><strong>hoc</strong></span> <span class='ocrx_word' id='word_1_148' title='bbox 979 1687 1092 1766; x_wconf 78' lang='lat' dir='ltr'><strong>opifex,</strong></span> <span class='ocrx_word' id='word_1_149' title='bbox 1123 1686 1171 1747; x_wconf 87' lang='lat' dir='ltr'><strong>lric</strong></span> <span class='ocrx_word' id='word_1_150' title='bbox 1194 1683 1319 1749; x_wconf 83' lang='lat' dir='ltr'><strong>ethaeo</strong></span> <span class='ocrx_word' id='word_1_151' title='bbox 1341 1696 1370 1748; x_wconf 85' lang='lat' dir='ltr'><strong>et</strong></span> 
     </span>
     <span class='ocr_line' id='line_1_15' title="bbox 75 1787 1367 1872; baseline 0 -22"><span class='ocrx_word' id='word_1_152' title='bbox 75 1793 128 1854; x_wconf 86' lang='lat' dir='ltr'><strong>doc</strong></span> <span class='ocrx_word' id='word_1_153' title='bbox 149 1791 264 1872; x_wconf 80' lang='lat' dir='ltr'><strong>duplex,</strong></span> <span class='ocrx_word' id='word_1_154' title='bbox 289 1793 333 1852; x_wconf 86' lang='lat' dir='ltr'><strong>sic</strong></span> <span class='ocrx_word' id='word_1_155' title='bbox 356 1790 462 1870; x_wconf 78' lang='lat' dir='ltr'><strong>triplex</strong></span> <span class='ocrx_word' id='word_1_156' title='bbox 486 1787 684 1868; x_wconf 71' lang='lat' dir='ltr'><strong>quadruplem</strong></span> <span class='ocrx_word' id='word_1_157' title='bbox 708 1789 833 1850; x_wconf 91' lang='lat' dir='ltr'><strong>duorum</strong></span> <span class='ocrx_word' id='word_1_158' title='bbox 856 1807 1009 1866; x_wconf 84' lang='lat' dir='ltr'>generum,</span> <span class='ocrx_word' id='word_1_159' title='bbox 1033 1796 1066 1849; x_wconf 88' lang='lat' dir='ltr'><strong>ut</strong></span> <span class='ocrx_word' id='word_1_160' title='bbox 1088 1788 1137 1849; x_wconf 89' lang='lat' dir='ltr'><strong>hie</strong></span> <span class='ocrx_word' id='word_1_161' title='bbox 1159 1797 1189 1850; x_wconf 92' lang='lat' dir='ltr'><strong>et</strong></span> <span class='ocrx_word' id='word_1_162' title='bbox 1211 1788 1285 1850; x_wconf 85' lang='lat' dir='ltr'><strong>lroec</strong></span> <span class='ocrx_word' id='word_1_163' title='bbox 1301 1807 1367 1866; x_wconf 77' lang='lat' dir='ltr'><strong>cnr·</strong></span> 
     </span>
     <span class='ocr_line' id='line_1_16' title="bbox 47 1889 1365 1968; baseline -0.002 -16"><span class='ocrx_word' id='word_1_164' title='bbox 47 1895 159 1968; x_wconf 76' lang='lat' dir='ltr'><strong>uniter,</strong></span> <span class='ocrx_word' id='word_1_165' title='bbox 181 1894 228 1954; x_wconf 88' lang='lat' dir='ltr'><strong>hic</strong></span> <span class='ocrx_word' id='word_1_166' title='bbox 251 1901 281 1954; x_wconf 92' lang='lat' dir='ltr'><strong>et</strong></span> <span class='ocrx_word' id='word_1_167' title='bbox 302 1893 375 1953; x_wconf 85' lang='lat' dir='ltr'><strong>hoec</strong></span> <span class='ocrx_word' id='word_1_168' title='bbox 398 1891 524 1961; x_wconf 83' lang='lat' dir='ltr'><strong>uindex;</strong></span> <span class='ocrx_word' id='word_1_169' title='bbox 556 1892 662 1952; x_wconf 79' lang='lat' dir='ltr'><strong>incerti</strong></span> <span class='ocrx_word' id='word_1_170' title='bbox 684 1893 817 1968; x_wconf 87' lang='lat' dir='ltr'><strong>generis,</strong></span> <span class='ocrx_word' id='word_1_171' title='bbox 842 1899 875 1951; x_wconf 90' lang='lat' dir='ltr'><strong>ut</strong></span> <span class='ocrx_word' id='word_1_172' title='bbox 896 1891 945 1951; x_wconf 84' lang='lat' dir='ltr'><strong>iric</strong></span> <span class='ocrx_word' id='word_1_173' title='bbox 967 1889 1014 1951; x_wconf 90' lang='lat' dir='ltr'><strong>uel</strong></span> <span class='ocrx_word' id='word_1_174' title='bbox 1037 1889 1111 1950; x_wconf 83' lang='lat' dir='ltr'><strong>hoec</strong></span> <span class='ocrx_word' id='word_1_175' title='bbox 1134 1890 1222 1960; x_wconf 86' lang='lat' dir='ltr'><strong>silex,</strong></span> <span class='ocrx_word' id='word_1_176' title='bbox 1246 1889 1295 1951; x_wconf 89' lang='lat' dir='ltr'><strong>hic</strong></span> <span class='ocrx_word' id='word_1_177' title='bbox 1317 1889 1365 1952; x_wconf 94' lang='lat' dir='ltr'><strong>uel</strong></span> 
     </span>
     <span class='ocr_line' id='line_1_17' title="bbox 77 1989 656 2065; baseline -0.002 -13"><span class='ocrx_word' id='word_1_178' title='bbox 77 1995 144 2056; x_wconf 82' lang='lat' dir='ltr'><strong>lroec</strong></span> <span class='ocrx_word' id='word_1_179' title='bbox 164 2003 279 2065; x_wconf 85' lang='lat' dir='ltr'><strong>cortex,</strong></span> <span class='ocrx_word' id='word_1_180' title='bbox 304 1993 352 2054; x_wconf 87' lang='lat' dir='ltr'><strong>lric</strong></span> <span class='ocrx_word' id='word_1_181' title='bbox 376 1989 430 2054; x_wconf 71' lang='lat' dir='ltr'><strong>uel&#39;</strong></span> <span class='ocrx_word' id='word_1_182' title='bbox 447 1993 519 2054; x_wconf 84' lang='lat' dir='ltr'><strong>lreec</strong></span> <span class='ocrx_word' id='word_1_183' title='bbox 542 2009 656 2052; x_wconf 89' lang='lat' dir='ltr'><strong>rumex.</strong></span> 
     </span>
     <span class='ocr_line' id='line_1_18' title="bbox 91 2092 1365 2177; baseline -0.002 -20"><span class='ocrx_word' id='word_1_184' title='bbox 91 2115 96 2126; x_wconf 92' lang='lat'>·</span> <span class='ocrx_word' id='word_1_185' title='bbox 153 2097 183 2159; x_wconf 92' lang='lat' dir='ltr'><strong>ln</strong></span> <span class='ocrx_word' id='word_1_186' title='bbox 210 2099 239 2159; x_wconf 89' lang='lat' dir='ltr'><strong>ix</strong></span> <span class='ocrx_word' id='word_1_187' title='bbox 269 2104 341 2177; x_wconf 89' lang='lat' dir='ltr'><strong>quot</strong></span> <span class='ocrx_word' id='word_1_188' title='bbox 368 2111 478 2171; x_wconf 84' lang='lat' dir='ltr'><strong>genera</strong></span> <span class='ocrx_word' id='word_1_189' title='bbox 506 2095 721 2155; x_wconf 77' lang='lat' dir='ltr'><strong>terminentur?</strong></span> <span class='ocrx_word' id='word_1_190' title='bbox 765 2093 849 2164; x_wconf 85' lang='lat' dir='ltr'><strong>Trio,</strong></span> <span class='ocrx_word' id='word_1_191' title='bbox 879 2093 935 2155; x_wconf 88' lang='lat' dir='ltr'><strong>hoo</strong></span> <span class='ocrx_word' id='word_1_192' title='bbox 963 2104 1010 2156; x_wconf 91' lang='lat' dir='ltr'><strong>est</strong></span> <span class='ocrx_word' id='word_1_193' title='bbox 1037 2092 1200 2155; x_wconf 79' lang='lat' dir='ltr'><strong>masculino</strong></span> <span class='ocrx_word' id='word_1_194' title='bbox 1224 2094 1365 2154; x_wconf 86' lang='lat' dir='ltr'><strong>leminina</strong></span> 
     </span>
     <span class='ocr_line' id='line_1_19' title="bbox 77 2193 1365 2275; baseline -0.002 -17"><span class='ocrx_word' id='word_1_195' title='bbox 77 2201 250 2268; x_wconf 70' lang='lat' dir='ltr'><strong>communion</strong></span> <span class='ocrx_word' id='word_1_196' title='bbox 276 2197 451 2264; x_wconf 82' lang='lat' dir='ltr'><strong>masculine,</strong></span> <span class='ocrx_word' id='word_1_197' title='bbox 475 2203 507 2256; x_wconf 88' lang='lat' dir='ltr'><strong>ut</strong></span> <span class='ocrx_word' id='word_1_198' title='bbox 529 2195 577 2255; x_wconf 91' lang='lat' dir='ltr'><strong>hic</strong></span> <span class='ocrx_word' id='word_1_199' title='bbox 600 2193 676 2254; x_wconf 86' lang='lat' dir='ltr'><strong>calix</strong></span> <span class='ocrx_word' id='word_1_200' title='bbox 698 2194 814 2264; x_wconf 78' lang='lat' dir='ltr'><strong>calicis.</strong></span> <span class='ocrx_word' id='word_1_201' title='bbox 838 2197 889 2274; x_wconf 91' lang='lat' dir='ltr'><strong>pix</strong></span> <span class='ocrx_word' id='word_1_202' title='bbox 912 2197 1000 2275; x_wconf 81' lang='lat' dir='ltr'><strong>picis,</strong></span> <span class='ocrx_word' id='word_1_203' title='bbox 1025 2195 1106 2275; x_wconf 87' lang='lat' dir='ltr'><strong>pulix</strong></span> <span class='ocrx_word' id='word_1_204' title='bbox 1129 2194 1249 2275; x_wconf 77' lang='lat' dir='ltr'><strong>pulicis:</strong></span> <span class='ocrx_word' id='word_1_205' title='bbox 1280 2195 1365 2256; x_wconf 89' lang='lat' dir='ltr'><strong>lemi-</strong></span> 
     </span>
     <span class='ocr_line' id='line_1_20' title="bbox 78 2297 1365 2372; baseline -0.002 -12"><span class='ocrx_word' id='word_1_206' title='bbox 78 2302 151 2372; x_wconf 84' lang='lat' dir='ltr'><strong>nine,</strong></span> <span class='ocrx_word' id='word_1_207' title='bbox 177 2309 209 2364; x_wconf 91' lang='lat' dir='ltr'><strong>nt</strong></span> <span class='ocrx_word' id='word_1_208' title='bbox 236 2301 310 2360; x_wconf 82' lang='lat' dir='ltr'><strong>haec</strong></span> <span class='ocrx_word' id='word_1_209' title='bbox 338 2299 421 2359; x_wconf 79' lang='lat' dir='ltr'><strong>radix</strong></span> <span class='ocrx_word' id='word_1_210' title='bbox 451 2297 578 2366; x_wconf 78' lang='lat' dir='ltr'><strong>radicis,</strong></span> <span class='ocrx_word' id='word_1_211' title='bbox 608 2299 750 2358; x_wconf 86' lang='lat' dir='ltr'><strong>meretrix</strong></span> <span class='ocrx_word' id='word_1_212' title='bbox 779 2300 876 2359; x_wconf 88' lang='lat' dir='ltr'><strong>nutrix</strong></span> <span class='ocrx_word' id='word_1_213' title='bbox 904 2299 1012 2358; x_wconf 88' lang='lat' dir='ltr'><strong>textrix</strong></span> <span class='ocrx_word' id='word_1_214' title='bbox 1035 2299 1176 2366; x_wconf 78' lang='lat' dir='ltr'><strong>creatrix:</strong></span> <span class='ocrx_word' id='word_1_215' title='bbox 1206 2315 1365 2358; x_wconf 90' lang='lat' dir='ltr'><strong>commone</strong></span> 
     </span>
     <span class='ocr_line' id='line_1_21' title="bbox 49 2387 1183 2482; baseline -0.001 -22"><span class='ocrx_word' id='word_1_216' title='bbox 49 2405 158 2464; x_wconf 76' lang='lat' dir='ltr'><strong>ornum</strong></span> <span class='ocrx_word' id='word_1_217' title='bbox 179 2419 337 2482; x_wconf 84' lang='lat' dir='ltr'><strong>generum,</strong></span> <span class='ocrx_word' id='word_1_218' title='bbox 362 2408 394 2460; x_wconf 91' lang='lat' dir='ltr'><strong>ut</strong></span> <span class='ocrx_word' id='word_1_219' title='bbox 416 2399 464 2459; x_wconf 89' lang='lat' dir='ltr'><strong>hic</strong></span> <span class='ocrx_word' id='word_1_220' title='bbox 486 2408 516 2460; x_wconf 88' lang='lat' dir='ltr'><strong>et</strong></span> <span class='ocrx_word' id='word_1_221' title='bbox 537 2397 611 2459; x_wconf 80' lang='lat' dir='ltr'><strong>hoec</strong></span> <span class='ocrx_word' id='word_1_222' title='bbox 625 2395 639 2481; x_wconf 80' lang='grc'><strong>11</strong></span> <span class='ocrx_word' id='word_1_223' title='bbox 655 2399 674 2458; x_wconf 92' lang='grc'><strong>1.</strong></span> <span class='ocrx_word' id='word_1_224' title='bbox 694 2395 770 2460; x_wconf 86' lang='grc'><strong>107·</strong></span> <span class='ocrx_word' id='word_1_225' title='bbox 786 2396 799 2480; x_wconf 87' lang='grc' dir='ltr'><strong>ΙΙ</strong></span> <span class='ocrx_word' id='word_1_226' title='bbox 815 2407 844 2459; x_wconf 90' lang='lat' dir='ltr'><strong>et</strong></span> <span class='ocrx_word' id='word_1_227' title='bbox 865 2397 922 2458; x_wconf 91' lang='lat' dir='ltr'><strong>hoc</strong></span> <span class='ocrx_word' id='word_1_228' title='bbox 945 2398 1025 2460; x_wconf 86' lang='lat' dir='ltr'><strong>lelix.</strong></span> <span class='ocrx_word' id='word_1_229' title='bbox 1180 2387 1183 2392; x_wconf 46' lang='lat'>¹</span> 
     </span>
     <span class='ocr_line' id='line_1_22' title="bbox 152 2499 1363 2582; baseline -0.002 -18"><span class='ocrx_word' id='word_1_230' title='bbox 152 2505 182 2566; x_wconf 95' lang='lat' dir='ltr'><strong>ln</strong></span> <span class='ocrx_word' id='word_1_231' title='bbox 205 2523 242 2565; x_wconf 88' lang='lat' dir='ltr'><strong>ox</strong></span> <span class='ocrx_word' id='word_1_232' title='bbox 265 2512 338 2582; x_wconf 89' lang='lat' dir='ltr'><strong>quot</strong></span> <span class='ocrx_word' id='word_1_233' title='bbox 360 2519 469 2580; x_wconf 81' lang='lat' dir='ltr'><strong>genere</strong></span> <span class='ocrx_word' id='word_1_234' title='bbox 491 2501 702 2562; x_wconf 75' lang='lat' dir='ltr'><strong>inueniunturt</strong></span> <span class='ocrx_word' id='word_1_235' title='bbox 739 2500 817 2570; x_wconf 85' lang='lat' dir='ltr'><strong>Tria,</strong></span> <span class='ocrx_word' id='word_1_236' title='bbox 841 2499 918 2561; x_wconf 88' lang='lat' dir='ltr'><strong>idest</strong></span> <span class='ocrx_word' id='word_1_237' title='bbox 940 2499 1101 2562; x_wconf 80' lang='lat' dir='ltr'><strong>masculina</strong></span> <span class='ocrx_word' id='word_1_238' title='bbox 1124 2501 1267 2563; x_wconf 82' lang='lat' dir='ltr'><strong>leminino</strong></span> <span class='ocrx_word' id='word_1_239' title='bbox 1283 2519 1363 2562; x_wconf 90' lang='lat' dir='ltr'><strong>com·</strong></span> 
     </span>
     <span class='ocr_line' id='line_1_23' title="bbox 80 2600 1363 2682; baseline 0.002 -20"><span class='ocrx_word' id='word_1_240' title='bbox 80 2607 179 2676; x_wconf 69' lang='lat' dir='ltr'><strong>monim</strong></span> <span class='ocrx_word' id='word_1_241' title='bbox 215 2603 392 2672; x_wconf 77' lang='lat' dir='ltr'><strong>masculino,</strong></span> <span class='ocrx_word' id='word_1_242' title='bbox 426 2610 460 2663; x_wconf 91' lang='lat' dir='ltr'><strong>nt</strong></span> <span class='ocrx_word' id='word_1_243' title='bbox 487 2600 535 2662; x_wconf 89' lang='lat' dir='ltr'><strong>hic</strong></span> <span class='ocrx_word' id='word_1_244' title='bbox 563 2601 647 2662; x_wconf 91' lang='lat' dir='ltr'><strong>lerox</strong></span> <span class='ocrx_word' id='word_1_245' title='bbox 675 2603 797 2672; x_wconf 80' lang='lat' dir='ltr'><strong>lemeis,</strong></span> <span class='ocrx_word' id='word_1_246' title='bbox 826 2602 876 2662; x_wconf 91' lang='lat' dir='ltr'><strong>hic</strong></span> <span class='ocrx_word' id='word_1_247' title='bbox 903 2602 1041 2664; x_wconf 74' lang='lat' dir='ltr'><strong>Allobrox</strong></span> <span class='ocrx_word' id='word_1_248' title='bbox 1070 2601 1253 2682; x_wconf 77' lang='lat' dir='ltr'><strong>Allobrogie,</strong></span> <span class='ocrx_word' id='word_1_249' title='bbox 1284 2603 1363 2682; x_wconf 90' lang='lat' dir='ltr'><strong>qood</strong></span> 
     </span>
     <span class='ocr_line' id='line_1_24' title="bbox 81 2702 1363 2790; baseline 0.003 -28"><span class='ocrx_word' id='word_1_250' title='bbox 81 2721 174 2768; x_wconf 88' lang='lat' dir='ltr'><strong>nomen</strong></span> <span class='ocrx_word' id='word_1_251' title='bbox 203 2723 307 2768; x_wconf 88' lang='lat' dir='ltr'><strong>ursum</strong></span> <span class='ocrx_word' id='word_1_252' title='bbox 334 2705 493 2790; x_wconf 64' lang='lat' dir='ltr'><strong>significem</strong></span> <span class='ocrx_word' id='word_1_253' title='bbox 523 2704 678 2774; x_wconf 85' lang='lat' dir='ltr'><strong>leminino,</strong></span> <span class='ocrx_word' id='word_1_254' title='bbox 708 2711 741 2764; x_wconf 91' lang='lat' dir='ltr'><strong>ut</strong></span> <span class='ocrx_word' id='word_1_255' title='bbox 763 2702 835 2764; x_wconf 82' lang='lat' dir='ltr'><strong>haec</strong></span> <span class='ocrx_word' id='word_1_256' title='bbox 857 2721 914 2764; x_wconf 92' lang='lat' dir='ltr'><strong>nox</strong></span> <span class='ocrx_word' id='word_1_257' title='bbox 937 2705 1047 2774; x_wconf 90' lang='lat' dir='ltr'><strong>noetis,</strong></span> <span class='ocrx_word' id='word_1_258' title='bbox 1077 2723 1136 2765; x_wconf 88' lang='lat' dir='ltr'><strong>nox</strong></span> <span class='ocrx_word' id='word_1_259' title='bbox 1158 2706 1254 2771; x_wconf 79' lang='lat' dir='ltr'><strong>uocis:</strong></span> <span class='ocrx_word' id='word_1_260' title='bbox 1283 2723 1363 2766; x_wconf 90' lang='lat' dir='ltr'><strong>com·</strong></span> 
     </span>
     <span class='ocr_line' id='line_1_25' title="bbox 80 2803 1362 2885; baseline 0.002 -19"><span class='ocrx_word' id='word_1_261' title='bbox 80 2811 165 2870; x_wconf 82' lang='lat' dir='ltr'><strong>munio</strong></span> <span class='ocrx_word' id='word_1_262' title='bbox 191 2809 279 2868; x_wconf 89' lang='lat' dir='ltr'><strong>trium</strong></span> <span class='ocrx_word' id='word_1_263' title='bbox 310 2824 468 2885; x_wconf 83' lang='lat' dir='ltr'><strong>generum,</strong></span> <span class='ocrx_word' id='word_1_264' title='bbox 498 2813 531 2866; x_wconf 91' lang='lat' dir='ltr'><strong>ut</strong></span> <span class='ocrx_word' id='word_1_265' title='bbox 553 2803 601 2864; x_wconf 89' lang='lat' dir='ltr'><strong>hic</strong></span> <span class='ocrx_word' id='word_1_266' title='bbox 624 2803 749 2866; x_wconf 86' lang='lat' dir='ltr'><strong>ethaeo</strong></span> <span class='ocrx_word' id='word_1_267' title='bbox 771 2804 877 2866; x_wconf 88' lang='lat' dir='ltr'><strong>ethoc</strong></span> <span class='ocrx_word' id='word_1_268' title='bbox 899 2805 986 2866; x_wconf 89' lang='lat' dir='ltr'><strong>uelox</strong></span> <span class='ocrx_word' id='word_1_269' title='bbox 1009 2805 1136 2876; x_wconf 79' lang='lat' dir='ltr'><strong>uelocis,</strong></span> <span class='ocrx_word' id='word_1_270' title='bbox 1166 2805 1215 2868; x_wconf 87' lang='lat' dir='ltr'><strong>hie</strong></span> <span class='ocrx_word' id='word_1_271' title='bbox 1238 2815 1267 2867; x_wconf 91' lang='lat' dir='ltr'><strong>et</strong></span> <span class='ocrx_word' id='word_1_272' title='bbox 1289 2805 1362 2868; x_wconf 82' lang='lat' dir='ltr'><strong>hoec</strong></span> 
     </span>
     <span class='ocr_line' id='line_1_26' title="bbox 51 2905 984 2972; baseline 0.002 -6"><span class='ocrx_word' id='word_1_273' title='bbox 51 2921 69 2958; x_wconf 71' lang='grc' dir='ltr'>ιι</span> <span class='ocrx_word' id='word_1_274' title='bbox 80 2917 104 2966; x_wconf 82' lang='grc' dir='ltr'><strong>ιι</strong></span> <span class='ocrx_word' id='word_1_275' title='bbox 123 2911 173 2972; x_wconf 88' lang='lat' dir='ltr'><strong>hoc</strong></span> <span class='ocrx_word' id='word_1_276' title='bbox 194 2919 279 2972; x_wconf 79' lang='lat' dir='ltr'><strong>atrox</strong></span> <span class='ocrx_word' id='word_1_277' title='bbox 301 2910 410 2969; x_wconf 80' lang='lat' dir='ltr'><strong>atrocis</strong></span> <span class='ocrx_word' id='word_1_278' title='bbox 433 2916 462 2969; x_wconf 89' lang='lat' dir='ltr'><strong>et</strong></span> <span class='ocrx_word' id='word_1_279' title='bbox 483 2907 565 2968; x_wconf 87' lang='lat' dir='ltr'><strong>lerox</strong></span> <span class='ocrx_word' id='word_1_280' title='bbox 590 2912 620 2967; x_wconf 90' lang='lat' dir='ltr'><strong>et</strong></span> <span class='ocrx_word' id='word_1_281' title='bbox 642 2915 674 2968; x_wconf 91' lang='lat' dir='ltr'><strong>nt</strong></span> <span class='ocrx_word' id='word_1_282' title='bbox 696 2905 747 2967; x_wconf 87' lang='lat' dir='ltr'><strong>alii</strong></span> <span class='ocrx_word' id='word_1_283' title='bbox 769 2905 872 2968; x_wconf 91' lang='lat' dir='ltr'><strong>dicunt</strong></span> <span class='ocrx_word' id='word_1_284' title='bbox 892 2953 984 2969; x_wconf 92' lang='grc'><strong><em>.....</em></strong></span> 
     </span>
     <span class='ocr_line' id='line_1_27' title="bbox 151 3006 1361 3088; baseline -0.001 -16"><span class='ocrx_word' id='word_1_285' title='bbox 151 3012 181 3072; x_wconf 92' lang='lat' dir='ltr'><strong>lu</strong></span> <span class='ocrx_word' id='word_1_286' title='bbox 203 3031 241 3072; x_wconf 92' lang='lat' dir='ltr'><strong>ux</strong></span> <span class='ocrx_word' id='word_1_287' title='bbox 265 3019 336 3088; x_wconf 90' lang='lat' dir='ltr'><strong>quot</strong></span> <span class='ocrx_word' id='word_1_288' title='bbox 359 3027 468 3086; x_wconf 87' lang='lat' dir='ltr'><strong>genere</strong></span> <span class='ocrx_word' id='word_1_289' title='bbox 491 3009 702 3070; x_wconf 77' lang='lat' dir='ltr'><strong>inueniuntur?</strong></span> <span class='ocrx_word' id='word_1_290' title='bbox 746 3006 824 3078; x_wconf 82' lang='lat' dir='ltr'><strong>Trio,</strong></span> <span class='ocrx_word' id='word_1_291' title='bbox 848 3007 1019 3079; x_wconf 78' lang='lat' dir='ltr'><strong>masculina,</strong></span> <span class='ocrx_word' id='word_1_292' title='bbox 1043 3017 1074 3070; x_wconf 88' lang='lat' dir='ltr'><strong>nt</strong></span> <span class='ocrx_word' id='word_1_293' title='bbox 1097 3007 1145 3070; x_wconf 86' lang='lat' dir='ltr'><strong>lrie</strong></span> <span class='ocrx_word' id='word_1_294' title='bbox 1168 3008 1270 3070; x_wconf 88' lang='lat' dir='ltr'><strong>Pollux</strong></span> <span class='ocrx_word' id='word_1_295' title='bbox 1294 3009 1361 3071; x_wconf 91' lang='lat' dir='ltr'><strong>Pol·</strong></span> 
     </span>
     <span class='ocr_line' id='line_1_28' title="bbox 79 3109 1363 3194; baseline 0.004 -26"><span class='ocrx_word' id='word_1_296' title='bbox 79 3111 149 3183; x_wconf 83' lang='lat' dir='ltr'><strong>lncis,</strong></span> <span class='ocrx_word' id='word_1_297' title='bbox 168 3113 245 3194; x_wconf 86' lang='lat' dir='ltr'><strong>quod</strong></span> <span class='ocrx_word' id='word_1_298' title='bbox 269 3113 422 3193; x_wconf 89' lang='lat' dir='ltr'><strong>proprium</strong></span> <span class='ocrx_word' id='word_1_299' title='bbox 446 3119 500 3180; x_wconf 83' lang='lat' dir='ltr'><strong>est,</strong></span> <span class='ocrx_word' id='word_1_300' title='bbox 522 3117 552 3170; x_wconf 85' lang='lat' dir='ltr'><strong>et</strong></span> <span class='ocrx_word' id='word_1_301' title='bbox 572 3111 799 3186; x_wconf 71' lang='lat' dir='ltr'><strong>appellativum,</strong></span> <span class='ocrx_word' id='word_1_302' title='bbox 822 3117 855 3170; x_wconf 91' lang='lat' dir='ltr'><strong>ut</strong></span> <span class='ocrx_word' id='word_1_303' title='bbox 877 3110 924 3170; x_wconf 88' lang='lat' dir='ltr'><strong>hio</strong></span> <span class='ocrx_word' id='word_1_304' title='bbox 947 3110 1005 3172; x_wconf 88' lang='lat' dir='ltr'><strong>dux</strong></span> <span class='ocrx_word' id='word_1_305' title='bbox 1028 3109 1127 3180; x_wconf 86' lang='lat' dir='ltr'><strong>ducis;</strong></span> <span class='ocrx_word' id='word_1_306' title='bbox 1154 3111 1306 3181; x_wconf 79' lang='lat' dir='ltr'><strong>feminine,</strong></span> <span class='ocrx_word' id='word_1_307' title='bbox 1329 3121 1363 3173; x_wconf 93' lang='lat' dir='ltr'><strong>ut</strong></span> 
     </span>
     <span class='ocr_line' id='line_1_29' title="bbox 81 3209 1363 3292; baseline 0.004 -22"><span class='ocrx_word' id='word_1_308' title='bbox 81 3209 140 3274; x_wconf 84' lang='lat' dir='ltr'><strong>hoec</strong></span> <span class='ocrx_word' id='word_1_309' title='bbox 164 3233 223 3276; x_wconf 89' lang='lat' dir='ltr'><strong>nux</strong></span> <span class='ocrx_word' id='word_1_310' title='bbox 252 3215 351 3282; x_wconf 85' lang='lat' dir='ltr'><strong>nucis.</strong></span> <span class='ocrx_word' id='word_1_311' title='bbox 382 3211 431 3272; x_wconf 90' lang='lat' dir='ltr'><strong>lux</strong></span> <span class='ocrx_word' id='word_1_312' title='bbox 458 3210 550 3281; x_wconf 86' lang='lat' dir='ltr'><strong>lucis,</strong></span> <span class='ocrx_word' id='word_1_313' title='bbox 579 3229 651 3272; x_wconf 89' lang='lat' dir='ltr'><strong>crux</strong></span> <span class='ocrx_word' id='word_1_314' title='bbox 674 3213 784 3282; x_wconf 86' lang='lat' dir='ltr'><strong>crucis;</strong></span> <span class='ocrx_word' id='word_1_315' title='bbox 815 3230 971 3274; x_wconf 88' lang='lat' dir='ltr'><strong>commune</strong></span> <span class='ocrx_word' id='word_1_316' title='bbox 994 3213 1119 3275; x_wconf 90' lang='lat' dir='ltr'><strong>duorum</strong></span> <span class='ocrx_word' id='word_1_317' title='bbox 1141 3231 1299 3292; x_wconf 86' lang='lat' dir='ltr'><strong>generum,</strong></span> <span class='ocrx_word' id='word_1_318' title='bbox 1328 3223 1363 3276; x_wconf 89' lang='lat' dir='ltr'><strong>ut</strong></span> 
     </span>
     <span class='ocr_line' id='line_1_30' title="bbox 80 3311 1359 3395; baseline 0.006 -25"><span class='ocrx_word' id='word_1_319' title='bbox 80 3311 116 3372; x_wconf 87' lang='lat' dir='ltr'><strong>hic</strong></span> <span class='ocrx_word' id='word_1_320' title='bbox 135 3325 160 3376; x_wconf 88' lang='lat' dir='ltr'><strong>et</strong></span> <span class='ocrx_word' id='word_1_321' title='bbox 180 3316 252 3376; x_wconf 82' lang='lat' dir='ltr'><strong>hoec</strong></span> <span class='ocrx_word' id='word_1_322' title='bbox 275 3315 356 3375; x_wconf 89' lang='lat' dir='ltr'><strong>irux:</strong></span> <span class='ocrx_word' id='word_1_323' title='bbox 380 3330 436 3392; x_wconf 92' lang='lat' dir='ltr'><strong>pro</strong></span> <span class='ocrx_word' id='word_1_324' title='bbox 450 3312 562 3392; x_wconf 58' lang='lat' dir='ltr'><strong>‘frugi’</strong></span> <span class='ocrx_word' id='word_1_325' title='bbox 578 3311 719 3374; x_wconf 85' lang='lat' dir='ltr'><strong>Ennius</strong></span> <span class='ocrx_word' id='word_1_326' title='bbox 740 3313 819 3375; x_wconf 79' lang='lat' dir='ltr'><strong>‘lrux</strong></span> <span class='ocrx_word' id='word_1_327' title='bbox 835 3313 938 3375; x_wconf 87' lang='lat' dir='ltr'><strong>homo’</strong></span> <span class='ocrx_word' id='word_1_328' title='bbox 960 3317 1075 3395; x_wconf 88' lang='lat' dir='ltr'><strong>posuit;</strong></span> <span class='ocrx_word' id='word_1_329' title='bbox 1099 3333 1255 3377; x_wconf 90' lang='lat' dir='ltr'><strong>commune</strong></span> <span class='ocrx_word' id='word_1_330' title='bbox 1271 3318 1359 3378; x_wconf 89' lang='lat' dir='ltr'><strong>trium</strong></span> 
     </span>
     <span class='ocr_line' id='line_1_31' title="bbox 54 3413 1359 3494; baseline 0.005 -20"><span class='ocrx_word' id='word_1_331' title='bbox 54 3425 218 3488; x_wconf 66' lang='lat' dir='ltr'><strong>egenorum,</strong></span> <span class='ocrx_word' id='word_1_332' title='bbox 243 3427 275 3477; x_wconf 93' lang='lat' dir='ltr'><strong>ut</strong></span> <span class='ocrx_word' id='word_1_333' title='bbox 298 3414 346 3475; x_wconf 84' lang='lat' dir='ltr'><strong>lric</strong></span> <span class='ocrx_word' id='word_1_334' title='bbox 369 3423 398 3475; x_wconf 90' lang='lat' dir='ltr'><strong>et</strong></span> <span class='ocrx_word' id='word_1_335' title='bbox 420 3413 492 3476; x_wconf 85' lang='lat' dir='ltr'><strong>lreec</strong></span> <span class='ocrx_word' id='word_1_336' title='bbox 514 3423 544 3476; x_wconf 89' lang='lat' dir='ltr'><strong>et</strong></span> <span class='ocrx_word' id='word_1_337' title='bbox 566 3413 623 3475; x_wconf 81' lang='lat' dir='ltr'><strong>lum</strong></span> <span class='ocrx_word' id='word_1_338' title='bbox 646 3421 713 3476; x_wconf 90' lang='lat' dir='ltr'><strong>trux</strong></span> <span class='ocrx_word' id='word_1_339' title='bbox 736 3417 837 3477; x_wconf 90' lang='lat' dir='ltr'><strong>trucis.</strong></span> <span class='ocrx_word' id='word_1_340' title='bbox 884 3416 962 3478; x_wconf 83' lang='lat' dir='ltr'><strong>llaec</strong></span> <span class='ocrx_word' id='word_1_341' title='bbox 985 3435 1056 3494; x_wconf 86' lang='lat' dir='ltr'><strong>ergo</strong></span> <span class='ocrx_word' id='word_1_342' title='bbox 1078 3419 1197 3478; x_wconf 83' lang='lat' dir='ltr'><strong>nomino</strong></span> <span class='ocrx_word' id='word_1_343' title='bbox 1221 3437 1239 3480; x_wconf 85' lang='lat' dir='ltr'><strong>x</strong></span> <span class='ocrx_word' id='word_1_344' title='bbox 1262 3417 1359 3481; x_wconf 87' lang='lat' dir='ltr'><strong>littera</strong></span> 
     </span>
     <span class='ocr_line' id='line_1_32' title="bbox 79 3507 1359 3606; baseline 0.006 -34"><span class='ocrx_word' id='word_1_345' title='bbox 79 3521 215 3580; x_wconf 81' lang='lat' dir='ltr'><strong>terminata</strong></span> <span class='ocrx_word' id='word_1_346' title='bbox 244 3519 427 3578; x_wconf 81' lang='lat' dir='ltr'><strong>nominetiuo</strong></span> <span class='ocrx_word' id='word_1_347' title='bbox 454 3535 524 3578; x_wconf 79' lang='lat' dir='ltr'><strong>casu</strong></span> <span class='ocrx_word' id='word_1_348' title='bbox 553 3517 684 3596; x_wconf 85' lang='lat' dir='ltr'><strong>quinque</strong></span> <span class='ocrx_word' id='word_1_349' title='bbox 714 3517 825 3596; x_wconf 90' lang='lat' dir='ltr'><strong>regulis</strong></span> <span class='ocrx_word' id='word_1_350' title='bbox 852 3519 961 3579; x_wconf 82' lang='lat' dir='ltr'><strong>uariari</strong></span> <span class='ocrx_word' id='word_1_351' title='bbox 989 3507 1179 3580; x_wconf 54' lang='lat' dir='ltr'><strong>uidentur&#39;in</strong></span> <span class='ocrx_word' id='word_1_352' title='bbox 1201 3521 1359 3606; x_wconf 71' lang='lat' dir='ltr'><strong>genetiuis,</strong></span> 
     </span>
     <span class='ocr_line' id='line_1_33' title="bbox 81 3613 1359 3697; baseline 0.005 -21"><span class='ocrx_word' id='word_1_353' title='bbox 81 3613 125 3676; x_wconf 85' lang='lat' dir='ltr'><strong>luc</strong></span> <span class='ocrx_word' id='word_1_354' title='bbox 144 3629 184 3680; x_wconf 88' lang='lat' dir='ltr'><strong>est</strong></span> <span class='ocrx_word' id='word_1_355' title='bbox 206 3619 260 3682; x_wconf 83' lang='lat' dir='ltr'><strong>alie</strong></span> <span class='ocrx_word' id='word_1_356' title='bbox 282 3621 313 3680; x_wconf 95' lang='lat' dir='ltr'><strong>in</strong></span> <span class='ocrx_word' id='word_1_357' title='bbox 337 3619 386 3694; x_wconf 88' lang='lat' dir='ltr'><strong>cis,</strong></span> <span class='ocrx_word' id='word_1_358' title='bbox 410 3617 467 3681; x_wconf 83' lang='lat' dir='ltr'><strong>elia</strong></span> <span class='ocrx_word' id='word_1_359' title='bbox 489 3619 519 3678; x_wconf 92' lang='lat' dir='ltr'><strong>in</strong></span> <span class='ocrx_word' id='word_1_360' title='bbox 543 3620 595 3697; x_wconf 78' lang='lat' dir='ltr'><strong>gie,</strong></span> <span class='ocrx_word' id='word_1_361' title='bbox 619 3617 675 3678; x_wconf 83' lang='lat' dir='ltr'><strong>elie</strong></span> <span class='ocrx_word' id='word_1_362' title='bbox 697 3620 728 3679; x_wconf 96' lang='lat' dir='ltr'><strong>in</strong></span> <span class='ocrx_word' id='word_1_363' title='bbox 751 3618 795 3689; x_wconf 89' lang='lat' dir='ltr'><strong>lis,</strong></span> <span class='ocrx_word' id='word_1_364' title='bbox 819 3620 874 3680; x_wconf 83' lang='lat' dir='ltr'><strong>olio</strong></span> <span class='ocrx_word' id='word_1_365' title='bbox 896 3622 927 3680; x_wconf 95' lang='lat' dir='ltr'><strong>in</strong></span> <span class='ocrx_word' id='word_1_366' title='bbox 950 3621 1005 3690; x_wconf 87' lang='lat' dir='ltr'><strong>nis,</strong></span> <span class='ocrx_word' id='word_1_367' title='bbox 1029 3618 1084 3682; x_wconf 84' lang='lat' dir='ltr'><strong>alie</strong></span> <span class='ocrx_word' id='word_1_368' title='bbox 1107 3621 1137 3681; x_wconf 90' lang='lat' dir='ltr'><strong>in</strong></span> <span class='ocrx_word' id='word_1_369' title='bbox 1159 3623 1215 3682; x_wconf 87' lang='lat' dir='ltr'><strong>nis.</strong></span> <span class='ocrx_word' id='word_1_370' title='bbox 1260 3622 1294 3683; x_wconf 91' lang='lat' dir='ltr'><strong>ln</strong></span> <span class='ocrx_word' id='word_1_371' title='bbox 1317 3624 1359 3684; x_wconf 83' lang='lat' dir='ltr'><strong>eis</strong></span> 
     </span>
     <span class='ocr_line' id='line_1_34' title="bbox 81 3719 1358 3803; baseline 0.009 -28"><span class='ocrx_word' id='word_1_372' title='bbox 81 3728 160 3782; x_wconf 79' lang='lat' dir='ltr'><strong>roten</strong></span> <span class='ocrx_word' id='word_1_373' title='bbox 180 3723 308 3784; x_wconf 79' lang='lat' dir='ltr'><strong>maxime</strong></span> <span class='ocrx_word' id='word_1_374' title='bbox 329 3722 495 3790; x_wconf 85' lang='lat' dir='ltr'><strong>terminato,</strong></span> <span class='ocrx_word' id='word_1_375' title='bbox 518 3728 551 3781; x_wconf 91' lang='lat' dir='ltr'><strong>ut</strong></span> <span class='ocrx_word' id='word_1_376' title='bbox 573 3719 632 3782; x_wconf 88' lang='lat' dir='ltr'><strong>dux</strong></span> <span class='ocrx_word' id='word_1_377' title='bbox 654 3720 747 3792; x_wconf 85' lang='lat' dir='ltr'><strong>ducis,</strong></span> <span class='ocrx_word' id='word_1_378' title='bbox 770 3739 829 3782; x_wconf 93' lang='lat' dir='ltr'><strong>uox</strong></span> <span class='ocrx_word' id='word_1_379' title='bbox 850 3723 942 3792; x_wconf 84' lang='lat' dir='ltr'><strong>uocis,</strong></span> <span class='ocrx_word' id='word_1_380' title='bbox 966 3741 1057 3803; x_wconf 85' lang='lat' dir='ltr'><strong>repex</strong></span> <span class='ocrx_word' id='word_1_381' title='bbox 1079 3723 1195 3802; x_wconf 84' lang='lat' dir='ltr'><strong>ropncis</strong></span> <span class='ocrx_word' id='word_1_382' title='bbox 1215 3730 1245 3785; x_wconf 89' lang='lat' dir='ltr'><strong>et</strong></span> <span class='ocrx_word' id='word_1_383' title='bbox 1260 3731 1358 3786; x_wconf 81' lang='lat' dir='ltr'><strong>cetere</strong></span> 
     </span>
    </p>
   </div>
   <div class='ocr_carea' id='block_1_3' title="bbox 83 3853 288 3868">
    <p class='ocr_par' dir='ltr' id='par_1_3' title="bbox 83 3853 288 3868">
     <span class='ocr_line' id='line_1_35' title="bbox 83 3853 288 3868; baseline 0 -1"><span class='ocrx_word' id='word_1_384' title='bbox 83 3853 288 3868; x_wconf 53' lang='lat'>*-—-—</span> 
     </span>
    </p>
   </div>
   <div class='ocr_carea' id='block_1_4' title="bbox 82 3940 1357 4824">
    <p class='ocr_par' dir='ltr' id='par_1_4' title="bbox 82 3940 1357 4824">
     <span class='ocr_line' id='line_1_36' title="bbox 135 3940 1357 4004; baseline 0.004 -14"><span class='ocrx_word' id='word_1_385' title='bbox 135 3943 223 3992; x_wconf 82' lang='lat' dir='ltr'><strong>llnlnn</strong></span> <span class='ocrx_word' id='word_1_386' title='bbox 294 3941 403 3992; x_wconf 69' lang='lat' dir='ltr'><strong>delienx</strong></span> <span class='ocrx_word' id='word_1_387' title='bbox 456 3941 631 4004; x_wconf 80' lang='lat' dir='ltr'><strong>ilgenetiuum</strong></span> <span class='ocrx_word' id='word_1_388' title='bbox 685 3940 1278 3996; x_wconf 77' lang='lat' dir='ltr'><strong>llaecnutemnomino—declinenturaddtdr&#39;</strong></span> <span class='ocrx_word' id='word_1_389' title='bbox 1287 3947 1357 3995; x_wconf 71' lang='lat' dir='ltr'><strong>mmi-</strong></span> 
     </span>
     <span class='ocr_line' id='line_1_37' title="bbox 82 4005 1357 4080; baseline 0.005 -24"><span class='ocrx_word' id='word_1_390' title='bbox 82 4005 126 4080; x_wconf 76' lang='lat' dir='ltr'><strong>lim</strong></span> <span class='ocrx_word' id='word_1_391' title='bbox 140 4013 242 4062; x_wconf 77' lang='lat' dir='ltr'><strong>locor-run</strong></span> <span class='ocrx_word' id='word_1_392' title='bbox 261 4011 385 4060; x_wconf 71' lang='lat' dir='ltr'><strong>rationem</strong></span> <span class='ocrx_word' id='word_1_393' title='bbox 403 4009 553 4073; x_wconf 71' lang='lat' dir='ltr'><strong>respiciens.</strong></span> <span class='ocrx_word' id='word_1_394' title='bbox 589 4009 734 4060; x_wconf 82' lang='lat' dir='ltr'><strong>Praetereo</strong></span> <span class='ocrx_word' id='word_1_395' title='bbox 751 4011 777 4059; x_wconf 82' lang='lat' dir='ltr'><strong>io</strong></span> <span class='ocrx_word' id='word_1_396' title='bbox 793 4010 882 4060; x_wconf 80' lang='lat' dir='ltr'><strong>codiee</strong></span> <span class='ocrx_word' id='word_1_397' title='bbox 898 4011 1051 4062; x_wconf 66' lang='lat' dir='ltr'><strong>uerbum:</strong></span> <span class='ocrx_word' id='word_1_398' title='bbox 1087 4013 1113 4060; x_wconf 92' lang='lat' dir='ltr'><strong>ln</strong></span> <span class='ocrx_word' id='word_1_399' title='bbox 1132 4027 1165 4061; x_wconf 88' lang='lat' dir='ltr'><strong>ex</strong></span> <span class='ocrx_word' id='word_1_400' title='bbox 1183 4008 1246 4074; x_wconf 84' lang='lat' dir='ltr'><strong>q‘not</strong></span> <span class='ocrx_word' id='word_1_401' title='bbox 1263 4029 1357 4078; x_wconf 84' lang='lat' dir='ltr'><strong>genem</strong></span> 
     </span>
     <span class='ocr_line' id='line_1_38' title="bbox 82 4077 1357 4144; baseline 0.006 -22"><span class='ocrx_word' id='word_1_402' title='bbox 82 4077 237 4128; x_wconf 69' lang='lat' dir='ltr'><strong>inueniuntur?</strong></span> <span class='ocrx_word' id='word_1_403' title='bbox 257 4077 312 4127; x_wconf 88' lang='lat' dir='ltr'><strong>lioe</strong></span> <span class='ocrx_word' id='word_1_404' title='bbox 324 4087 363 4126; x_wconf 82' lang='lat' dir='ltr'><strong>eet</strong></span> <span class='ocrx_word' id='word_1_405' title='bbox 374 4087 496 4139; x_wconf 78' lang='lat' dir='ltr'><strong>quattuor</strong></span> <span class='ocrx_word' id='word_1_406' title='bbox 508 4085 567 4128; x_wconf 85' lang='lat' dir='ltr'><strong>ante</strong></span> <span class='ocrx_word' id='word_1_407' title='bbox 579 4077 620 4127; x_wconf 89' lang='lat' dir='ltr'><strong>hic</strong></span> <span class='ocrx_word' id='word_1_408' title='bbox 633 4089 657 4126; x_wconf 77' lang='lat' dir='ltr'><strong>et</strong></span> <span class='ocrx_word' id='word_1_409' title='bbox 670 4077 731 4127; x_wconf 83' lang='lat' dir='ltr'><strong>hoec</strong></span> <span class='ocrx_word' id='word_1_410' title='bbox 743 4087 768 4128; x_wconf 91' lang='lat' dir='ltr'><strong>et</strong></span> <span class='ocrx_word' id='word_1_411' title='bbox 780 4077 828 4128; x_wconf 85' lang='lat' dir='ltr'><strong>lroc</strong></span> <span class='ocrx_word' id='word_1_412' title='bbox 840 4091 919 4128; x_wconf 82' lang='lat' dir='ltr'><strong>uernx</strong></span> <span class='ocrx_word' id='word_1_413' title='bbox 931 4086 980 4132; x_wconf 83' lang='lat' dir='ltr'><strong>etc.</strong></span> <span class='ocrx_word' id='word_1_414' title='bbox 992 4082 1078 4144; x_wconf 74' lang='lat' dir='ltr'><strong>posita</strong></span> <span class='ocrx_word' id='word_1_415' title='bbox 1089 4086 1156 4130; x_wconf 81' lang='lat' dir='ltr'><strong>eunt.</strong></span> <span class='ocrx_word' id='word_1_416' title='bbox 1201 4083 1217 4131; x_wconf 83' lang='lat'><strong>6</strong></span> <span class='ocrx_word' id='word_1_417' title='bbox 1230 4091 1254 4130; x_wconf 89' lang='lat' dir='ltr'><strong>et</strong></span> <span class='ocrx_word' id='word_1_418' title='bbox 1265 4081 1297 4130; x_wconf 82' lang='lat' dir='ltr'><strong>ab</strong></span> <span class='ocrx_word' id='word_1_419' title='bbox 1310 4081 1357 4132; x_wconf 84' lang='lat' dir='ltr'><strong>hoc</strong></span> 
     </span>
     <span class='ocr_line' id='line_1_39' title="bbox 83 4145 1356 4210; baseline 0.001 -13"><span class='ocrx_word' id='word_1_420' title='bbox 83 4155 118 4194; x_wconf 78' lang='lat' dir='ltr'><strong>on,</strong></span> <span class='ocrx_word' id='word_1_421' title='bbox 161 4147 238 4197; x_wconf 78' lang='lat' dir='ltr'><strong>uereri</strong></span> <span class='ocrx_word' id='word_1_422' title='bbox 256 4145 292 4196; x_wconf 80' lang='lat' dir='ltr'><strong>liii</strong></span> <span class='ocrx_word' id='word_1_423' title='bbox 311 4157 336 4195; x_wconf 87' lang='lat' dir='ltr'><strong>et</strong></span> <span class='ocrx_word' id='word_1_424' title='bbox 352 4145 384 4194; x_wconf 90' lang='lat' dir='ltr'><strong>he</strong></span> <span class='ocrx_word' id='word_1_425' title='bbox 436 4146 560 4195; x_wconf 74' lang='lat' dir='ltr'><strong>lucretia</strong></span> <span class='ocrx_word' id='word_1_426' title='bbox 611 4147 736 4195; x_wconf 78' lang='lat' dir='ltr'><strong>ueretium</strong></span> <span class='ocrx_word' id='word_1_427' title='bbox 788 4147 932 4210; x_wconf 73' lang='lat' dir='ltr'><strong>liuentia,</strong></span> <span class='ocrx_word' id='word_1_428' title='bbox 951 4148 989 4198; x_wconf 73' lang='lat' dir='ltr'><strong>ote</strong></span> <span class='ocrx_word' id='word_1_429' title='bbox 1059 4149 1090 4198; x_wconf 89' lang='lat'><strong>10</strong></span> <span class='ocrx_word' id='word_1_430' title='bbox 1103 4146 1163 4198; x_wconf 85' lang='lat' dir='ltr'><strong>mod</strong></span> <span class='ocrx_word' id='word_1_431' title='bbox 1176 4157 1203 4197; x_wconf 90' lang='lat' dir='ltr'><strong>ut</strong></span> <span class='ocrx_word' id='word_1_432' title='bbox 1214 4148 1256 4198; x_wconf 88' lang='lat' dir='ltr'><strong>irie</strong></span> <span class='ocrx_word' id='word_1_433' title='bbox 1268 4159 1356 4200; x_wconf 90' lang='lat' dir='ltr'><strong>uertex</strong></span> 
     </span>
     <span class='ocr_line' id='line_1_40' title="bbox 84 4208 1357 4280; baseline 0.006 -22"><span class='ocrx_word' id='word_1_434' title='bbox 84 4208 107 4258; x_wconf 84' lang='grc'><strong>13</strong></span> <span class='ocrx_word' id='word_1_435' title='bbox 120 4209 173 4263; x_wconf 79' lang='lat' dir='ltr'><strong>hoec</strong></span> <span class='ocrx_word' id='word_1_436' title='bbox 188 4225 212 4265; x_wconf 86' lang='lat' dir='ltr'><strong>et</strong></span> <span class='ocrx_word' id='word_1_437' title='bbox 229 4215 271 4266; x_wconf 85' lang='lat' dir='ltr'><strong>hic</strong></span> <span class='ocrx_word' id='word_1_438' title='bbox 323 4213 364 4263; x_wconf 91' lang='lat' dir='ltr'><strong>hic</strong></span> <span class='ocrx_word' id='word_1_439' title='bbox 381 4225 407 4263; x_wconf 87' lang='lat' dir='ltr'><strong>et</strong></span> <span class='ocrx_word' id='word_1_440' title='bbox 424 4213 486 4263; x_wconf 80' lang='lat' dir='ltr'><strong>hoec</strong></span> <span class='ocrx_word' id='word_1_441' title='bbox 503 4213 599 4280; x_wconf 84' lang='lat' dir='ltr'><strong>duplex</strong></span> <span class='ocrx_word' id='word_1_442' title='bbox 661 4215 693 4263; x_wconf 81' lang='lat'><strong>14</strong></span> <span class='ocrx_word' id='word_1_443' title='bbox 710 4224 738 4264; x_wconf 84' lang='lat' dir='ltr'><strong>ut</strong></span> <span class='ocrx_word' id='word_1_444' title='bbox 754 4213 795 4263; x_wconf 87' lang='lat' dir='ltr'><strong>lrie</strong></span> <span class='ocrx_word' id='word_1_445' title='bbox 814 4215 853 4264; x_wconf 88' lang='lat' dir='ltr'><strong>uel</strong></span> <span class='ocrx_word' id='word_1_446' title='bbox 872 4214 935 4264; x_wconf 84' lang='lat' dir='ltr'><strong>hoec</strong></span> <span class='ocrx_word' id='word_1_447' title='bbox 952 4215 1017 4265; x_wconf 77' lang='lat' dir='ltr'><strong>silex</strong></span> <span class='ocrx_word' id='word_1_448' title='bbox 1034 4214 1076 4265; x_wconf 84' lang='lat' dir='ltr'><strong>hic</strong></span> <span class='ocrx_word' id='word_1_449' title='bbox 1093 4215 1133 4266; x_wconf 88' lang='lat' dir='ltr'><strong>uel</strong></span> <span class='ocrx_word' id='word_1_450' title='bbox 1152 4215 1215 4266; x_wconf 80' lang='lat' dir='ltr'><strong>hoec</strong></span> <span class='ocrx_word' id='word_1_451' title='bbox 1231 4216 1298 4266; x_wconf 84' lang='lat' dir='ltr'><strong>eilex</strong></span> <span class='ocrx_word' id='word_1_452' title='bbox 1315 4217 1357 4267; x_wconf 89' lang='lat' dir='ltr'><strong>hic</strong></span> 
     </span>
     <span class='ocr_line' id='line_1_41' title="bbox 84 4275 1355 4354; baseline 0.011 -33"><span class='ocrx_word' id='word_1_453' title='bbox 84 4275 185 4354; x_wconf 30' lang='lat' dir='ltr'><strong>oeluhreo</strong></span> <span class='ocrx_word' id='word_1_454' title='bbox 209 4281 306 4332; x_wconf 87' lang='lat' dir='ltr'><strong>uindex</strong></span> <span class='ocrx_word' id='word_1_455' title='bbox 332 4282 422 4332; x_wconf 89' lang='lat' dir='ltr'><strong>incerti</strong></span> <span class='ocrx_word' id='word_1_456' title='bbox 449 4281 550 4347; x_wconf 77' lang='lat' dir='ltr'><strong>generis</strong></span> <span class='ocrx_word' id='word_1_457' title='bbox 575 4291 602 4332; x_wconf 85' lang='grc' dir='ltr'><strong>ιιι</strong></span> <span class='ocrx_word' id='word_1_458' title='bbox 624 4281 664 4332; x_wconf 87' lang='lat' dir='ltr'><strong>hic</strong></span> <span class='ocrx_word' id='word_1_459' title='bbox 688 4281 727 4332; x_wconf 89' lang='lat' dir='ltr'><strong>uel</strong></span> <span class='ocrx_word' id='word_1_460' title='bbox 746 4293 770 4332; x_wconf 87' lang='lat' dir='ltr'><strong>et</strong></span> <span class='ocrx_word' id='word_1_461' title='bbox 787 4283 850 4332; x_wconf 82' lang='lat' dir='ltr'><strong>hoec</strong></span> <span class='ocrx_word' id='word_1_462' title='bbox 871 4282 984 4334; x_wconf 86' lang='lat' dir='ltr'><strong>cernilex</strong></span> <span class='ocrx_word' id='word_1_463' title='bbox 1002 4283 1044 4334; x_wconf 88' lang='lat' dir='ltr'><strong>hle</strong></span> <span class='ocrx_word' id='word_1_464' title='bbox 1061 4295 1085 4334; x_wconf 90' lang='lat' dir='ltr'><strong>et</strong></span> <span class='ocrx_word' id='word_1_465' title='bbox 1102 4283 1164 4334; x_wconf 82' lang='lat' dir='ltr'><strong>hoec</strong></span> <span class='ocrx_word' id='word_1_466' title='bbox 1182 4284 1278 4335; x_wconf 87' lang='lat' dir='ltr'><strong>uindex</strong></span> <span class='ocrx_word' id='word_1_467' title='bbox 1295 4293 1355 4349; x_wconf 76' lang='lat' dir='ltr'><strong>eto,</strong></span> 
     </span>
     <span class='ocr_line' id='line_1_42' title="bbox 84 4347 1355 4420; baseline 0.007 -26"><span class='ocrx_word' id='word_1_468' title='bbox 84 4347 187 4420; x_wconf 69' lang='lat' dir='ltr'><strong>recedetis</strong></span> <span class='ocrx_word' id='word_1_469' title='bbox 204 4349 244 4400; x_wconf 87' lang='lat' dir='ltr'><strong>nel</strong></span> <span class='ocrx_word' id='word_1_470' title='bbox 262 4350 325 4399; x_wconf 83' lang='lat' dir='ltr'><strong>hoec</strong></span> <span class='ocrx_word' id='word_1_471' title='bbox 343 4349 409 4400; x_wconf 84' lang='lat' dir='ltr'><strong>silex</strong></span> <span class='ocrx_word' id='word_1_472' title='bbox 427 4375 458 4386; x_wconf 93' lang='lat'><em>-</em></span> <span class='ocrx_word' id='word_1_473' title='bbox 477 4350 579 4415; x_wconf 72' lang='lat' dir='ltr'><strong>generis</strong></span> <span class='ocrx_word' id='word_1_474' title='bbox 597 4359 625 4399; x_wconf 90' lang='lat' dir='ltr'><strong>ot</strong></span> <span class='ocrx_word' id='word_1_475' title='bbox 643 4349 684 4399; x_wconf 79' lang='lat' dir='ltr'><strong>liic</strong></span> <span class='ocrx_word' id='word_1_476' title='bbox 701 4349 740 4400; x_wconf 85' lang='lat' dir='ltr'><strong>uel</strong></span> <span class='ocrx_word' id='word_1_477' title='bbox 759 4351 827 4401; x_wconf 80' lang='lat' dir='ltr'><strong>linea</strong></span> <span class='ocrx_word' id='word_1_478' title='bbox 844 4352 953 4402; x_wconf 75' lang='lat' dir='ltr'><strong>inductio</strong></span> <span class='ocrx_word' id='word_1_479' title='bbox 1042 4353 1074 4403; x_wconf 80' lang='lat'><strong>15</strong></span> <span class='ocrx_word' id='word_1_480' title='bbox 1091 4351 1132 4402; x_wconf 84' lang='lat' dir='ltr'><strong>lric</strong></span> <span class='ocrx_word' id='word_1_481' title='bbox 1150 4352 1190 4403; x_wconf 91' lang='lat' dir='ltr'><strong>uel</strong></span> <span class='ocrx_word' id='word_1_482' title='bbox 1208 4351 1272 4403; x_wconf 83' lang='lat' dir='ltr'><strong>hoec</strong></span> <span class='ocrx_word' id='word_1_483' title='bbox 1289 4353 1355 4404; x_wconf 78' lang='lat' dir='ltr'><strong>silex</strong></span> 
     </span>
     <span class='ocr_line' id='line_1_43' title="bbox 85 4407 1355 4486; baseline 0.012 -30"><span class='ocrx_word' id='word_1_484' title='bbox 85 4407 160 4465; x_wconf 81' lang='lat' dir='ltr'><strong>lrrrnel</strong></span> <span class='ocrx_word' id='word_1_485' title='bbox 177 4418 238 4468; x_wconf 81' lang='lat' dir='ltr'><strong>hoec</strong></span> <span class='ocrx_word' id='word_1_486' title='bbox 256 4419 323 4468; x_wconf 78' lang='lat' dir='ltr'><strong>silex</strong></span> <span class='ocrx_word' id='word_1_487' title='bbox 400 4419 432 4469; x_wconf 87' lang='grc'><strong>16</strong></span> <span class='ocrx_word' id='word_1_488' title='bbox 450 4431 554 4468; x_wconf 86' lang='lat' dir='ltr'><strong>crumex</strong></span> <span class='ocrx_word' id='word_1_489' title='bbox 624 4421 655 4468; x_wconf 87' lang='grc'><strong>17</strong></span> <span class='ocrx_word' id='word_1_490' title='bbox 674 4427 727 4468; x_wconf 80' lang='lat' dir='ltr'><strong>tren</strong></span> <span class='ocrx_word' id='word_1_491' title='bbox 797 4421 828 4469; x_wconf 86' lang='lat' dir='ltr'><strong>te</strong></span> <span class='ocrx_word' id='word_1_492' title='bbox 845 4420 961 4468; x_wconf 85' lang='lat' dir='ltr'><strong>meritrix</strong></span> <span class='ocrx_word' id='word_1_493' title='bbox 1027 4421 1060 4470; x_wconf 82' lang='lat'><strong>21</strong></span> <span class='ocrx_word' id='word_1_494' title='bbox 1079 4421 1149 4483; x_wconf 88' lang='lat' dir='ltr'><strong>quod</strong></span> <span class='ocrx_word' id='word_1_495' title='bbox 1200 4421 1355 4486; x_wconf 88' lang='lat' dir='ltr'><strong>ingueniun·</strong></span> 
     </span>
     <span class='ocr_line' id='line_1_44' title="bbox 83 4484 1353 4552; baseline 0.015 -30"><span class='ocrx_word' id='word_1_496' title='bbox 83 4487 120 4542; x_wconf 86' lang='lat' dir='ltr'><strong>mr,</strong></span> <span class='ocrx_word' id='word_1_497' title='bbox 135 4499 149 4548; x_wconf 86' lang='lat' dir='ltr'><strong>g</strong></span> <span class='ocrx_word' id='word_1_498' title='bbox 163 4501 229 4540; x_wconf 80' lang='lat' dir='ltr'><strong>erne.</strong></span> <span class='ocrx_word' id='word_1_499' title='bbox 282 4497 336 4536; x_wconf 85' lang='lat' dir='ltr'><strong>tren</strong></span> <span class='ocrx_word' id='word_1_500' title='bbox 403 4487 436 4536; x_wconf 91' lang='grc'><strong>22</strong></span> <span class='ocrx_word' id='word_1_501' title='bbox 455 4486 560 4536; x_wconf 86' lang='lat' dir='ltr'><strong>olebrox</strong></span> <span class='ocrx_word' id='word_1_502' title='bbox 579 4484 704 4536; x_wconf 80' lang='lat' dir='ltr'><strong>elobrocis</strong></span> <span class='ocrx_word' id='word_1_503' title='bbox 773 4487 848 4536; x_wconf 74' lang='grc' dir='ltr'><strong>211οι</strong></span> <span class='ocrx_word' id='word_1_504' title='bbox 866 4484 1216 4552; x_wconf 73' lang='lat' dir='ltr'><strong>uteliidicuntJLaounam</strong></span> <span class='ocrx_word' id='word_1_505' title='bbox 1233 4491 1353 4540; x_wconf 77' lang='lat' dir='ltr'><strong>indicaui.</strong></span> 
     </span>
     <span class='ocr_line' id='line_1_45' title="bbox 85 4543 1355 4624; baseline 0.006 -24"><span class='ocrx_word' id='word_1_506' title='bbox 85 4543 183 4604; x_wconf 77' lang='lat' dir='ltr'><strong>Forum</strong></span> <span class='ocrx_word' id='word_1_507' title='bbox 198 4555 357 4604; x_wconf 70' lang='lat' dir='ltr'><strong>xor-identitare</strong></span> <span class='ocrx_word' id='word_1_508' title='bbox 373 4562 427 4604; x_wconf 78' lang='lat' dir='ltr'><strong>ert:</strong></span> <span class='ocrx_word' id='word_1_509' title='bbox 446 4563 471 4603; x_wconf 94' lang='lat' dir='ltr'><strong>et</strong></span> <span class='ocrx_word' id='word_1_510' title='bbox 488 4554 538 4605; x_wconf 80' lang='lat' dir='ltr'><strong>aliu</strong></span> <span class='ocrx_word' id='word_1_511' title='bbox 555 4568 623 4616; x_wconf 85' lang='lat' dir='ltr'><strong>quoe</strong></span> <span class='ocrx_word' id='word_1_512' title='bbox 640 4554 756 4604; x_wconf 78' lang='lat' dir='ltr'><strong>similiter</strong></span> <span class='ocrx_word' id='word_1_513' title='bbox 773 4555 893 4605; x_wconf 87' lang='lat' dir='ltr'><strong>dicontur</strong></span> <span class='ocrx_word' id='word_1_514' title='bbox 977 4556 1010 4604; x_wconf 85' lang='grc'><strong>26</strong></span> <span class='ocrx_word' id='word_1_515' title='bbox 1028 4555 1097 4617; x_wconf 92' lang='lat' dir='ltr'><strong>quod</strong></span> <span class='ocrx_word' id='word_1_516' title='bbox 1155 4569 1208 4606; x_wconf 84' lang='lat' dir='ltr'><strong>tren</strong></span> <span class='ocrx_word' id='word_1_517' title='bbox 1263 4557 1355 4624; x_wconf 91' lang='lat' dir='ltr'><strong>pullnx</strong></span> 
     </span>
     <span class='ocr_line' id='line_1_46' title="bbox 84 4615 1354 4694; baseline 0.011 -31"><span class='ocrx_word' id='word_1_518' title='bbox 84 4615 171 4694; x_wconf 81' lang='lat' dir='ltr'><strong>pollucis</strong></span> <span class='ocrx_word' id='word_1_519' title='bbox 236 4624 269 4674; x_wconf 85' lang='grc'><strong>21</strong></span> <span class='ocrx_word' id='word_1_520' title='bbox 288 4633 312 4672; x_wconf 89' lang='lat' dir='ltr'><strong>et</strong></span> <span class='ocrx_word' id='word_1_521' title='bbox 329 4621 511 4688; x_wconf 83' lang='lat' dir='ltr'><strong>appellatinnm</strong></span> <span class='ocrx_word' id='word_1_522' title='bbox 530 4622 622 4672; x_wconf 80' lang='lat' dir='ltr'><strong>addidi</strong></span> <span class='ocrx_word' id='word_1_523' title='bbox 688 4623 721 4674; x_wconf 86' lang='grc'><strong>29</strong></span> <span class='ocrx_word' id='word_1_524' title='bbox 739 4637 785 4687; x_wconf 91' lang='lat' dir='ltr'><strong>pro</strong></span> <span class='ocrx_word' id='word_1_525' title='bbox 804 4621 859 4688; x_wconf 85' lang='lat' dir='ltr'><strong>lugi</strong></span> <span class='ocrx_word' id='word_1_526' title='bbox 928 4619 1354 4690; x_wconf 75' lang='lat' dir='ltr'><strong>Enniue]cf.l¹riec.1278‚td</strong></span> 
     </span>
     <span class='ocr_line' id='line_1_47' title="bbox 85 4682 1353 4762; baseline 0.009 -27"><span class='ocrx_word' id='word_1_527' title='bbox 85 4682 108 4729; x_wconf 73' lang='lat' dir='ltr'><strong>ll</strong></span> <span class='ocrx_word' id='word_1_528' title='bbox 122 4687 163 4762; x_wconf 74' lang='lat' dir='ltr'><strong>olio</strong></span> <span class='ocrx_word' id='word_1_529' title='bbox 179 4690 203 4738; x_wconf 88' lang='lat' dir='ltr'><strong>in</strong></span> <span class='ocrx_word' id='word_1_530' title='bbox 220 4687 266 4756; x_wconf 87' lang='lat' dir='ltr'><strong>cie]</strong></span> <span class='ocrx_word' id='word_1_531' title='bbox 285 4690 335 4740; x_wconf 83' lang='lat' dir='ltr'><strong>ulia</strong></span> <span class='ocrx_word' id='word_1_532' title='bbox 353 4692 378 4740; x_wconf 90' lang='lat' dir='ltr'><strong>in</strong></span> <span class='ocrx_word' id='word_1_533' title='bbox 398 4691 434 4740; x_wconf 76' lang='lat' dir='ltr'><strong>siu</strong></span> <span class='ocrx_word' id='word_1_534' title='bbox 488 4692 513 4740; x_wconf 93' lang='lat' dir='ltr'><strong>in</strong></span> <span class='ocrx_word' id='word_1_535' title='bbox 531 4689 572 4740; x_wconf 86' lang='lat' dir='ltr'><strong>lrie</strong></span> <span class='ocrx_word' id='word_1_536' title='bbox 591 4700 674 4739; x_wconf 83' lang='lat' dir='ltr'><strong>notem</strong></span> <span class='ocrx_word' id='word_1_537' title='bbox 760 4693 793 4741; x_wconf 85' lang='grc'><strong>33</strong></span> <span class='ocrx_word' id='word_1_538' title='bbox 810 4691 863 4740; x_wconf 88' lang='lat' dir='ltr'><strong>dox</strong></span> <span class='ocrx_word' id='word_1_539' title='bbox 886 4690 963 4750; x_wconf 87' lang='lat' dir='ltr'><strong>lucie,</strong></span> <span class='ocrx_word' id='word_1_540' title='bbox 985 4699 1014 4741; x_wconf 82' lang='lat' dir='ltr'><strong>ut</strong></span> <span class='ocrx_word' id='word_1_541' title='bbox 1029 4693 1144 4755; x_wconf 73' lang='lat' dir='ltr'><strong>fortasse</strong></span> <span class='ocrx_word' id='word_1_542' title='bbox 1164 4693 1277 4745; x_wconf 76' lang='lat' dir='ltr'><strong>scribae:</strong></span> <span class='ocrx_word' id='word_1_543' title='bbox 1300 4697 1353 4748; x_wconf 80' lang='lat' dir='ltr'><strong>dux</strong></span> 
     </span>
     <span class='ocr_line' id='line_1_48' title="bbox 85 4745 1150 4824; baseline 0.014 -26"><span class='ocrx_word' id='word_1_544' title='bbox 85 4745 140 4802; x_wconf 87' lang='lat' dir='ltr'><strong>ducu</strong></span> <span class='ocrx_word' id='word_1_545' title='bbox 155 4755 196 4808; x_wconf 88' lang='lat' dir='ltr'><strong>lux</strong></span> <span class='ocrx_word' id='word_1_546' title='bbox 212 4757 274 4809; x_wconf 85' lang='lat' dir='ltr'><strong>lucie</strong></span> <span class='ocrx_word' id='word_1_547' title='bbox 326 4771 351 4809; x_wconf 84' lang='lat' dir='ltr'><strong>et</strong></span> <span class='ocrx_word' id='word_1_548' title='bbox 367 4769 451 4808; x_wconf 87' lang='lat' dir='ltr'><strong>cetero</strong></span> <span class='ocrx_word' id='word_1_549' title='bbox 456 4795 530 4810; x_wconf 90' lang='grc'><strong>.....</strong></span> <span class='ocrx_word' id='word_1_550' title='bbox 537 4755 548 4824; x_wconf 89' lang='grc'><strong>]</strong></span> <span class='ocrx_word' id='word_1_551' title='bbox 567 4757 720 4824; x_wconf 70' lang='lat' dir='ltr'><strong>Exemplum</strong></span> <span class='ocrx_word' id='word_1_552' title='bbox 736 4761 800 4824; x_wconf 82' lang='lat' dir='ltr'><strong>‘gis’</strong></span> <span class='ocrx_word' id='word_1_553' title='bbox 818 4761 1002 4812; x_wconf 78' lang='lat' dir='ltr'><strong>tenuinctionie</strong></span> <span class='ocrx_word' id='word_1_554' title='bbox 1019 4761 1150 4813; x_wconf 80' lang='lat' dir='ltr'><strong>intercidit</strong></span> 
     </span>
    </p>
   </div>
   <div class='ocr_carea' id='block_1_5' title="bbox 0 0 1662 5566">
    <p class='ocr_par' dir='ltr' id='par_1_5' title="bbox 0 0 1662 5566">
     <span class='ocr_line' id='line_1_49' title="bbox 0 0 1662 5566; baseline 0 0"><span class='ocrx_word' id='word_1_555' title='bbox 0 0 1662 5566; x_wconf 95' lang='lat' dir='ltr'><strong> </strong></span> 
     </span>
    </p>
   </div>
  </div>
 </body>
</html>
