3354 5580
666 345 870 398 excussas.
1144 354 1149 362 ·
1307 307 1312 318 ’
1354 343 1413 408 197

111 552 153 594 ac
175 533 280 594 lormis
303 533 384 594 uelut
406 511 581 613 quibusdam
605 532 693 592 certis
716 529 861 594 limitibus
883 533 1109 594 determinatur.
1140 533 1243 594 lllndus
1258 535 1337 594 enim
1355 553 1414 597 non

112 635 216 704 alind,
240 654 326 714 quam
350 643 462 696 certam
485 651 655 695 mensuram
679 635 833 712 significat.

203 737 281 798 ibid.
326 737 363 798 Et
385 737 458 798 dicit
480 736 679 816 Virgilius:
715 735 831 798 Primus
854 744 883 797 et
906 737 1084 798 fortissimus
1111 736 1290 798 indicatinus
1318 738 1414 798 nomi·

114 845 215 908 natur,
244 857 333 918 quem
363 845 476 900 rectum
505 857 540 898 ex
564 837 704 898 omnibns
732 837 815 898 multi
844 846 965 908 uocant,
995 847 1111 899 ceteros
1133 847 1232 899 autem
1256 837 1413 918 procliucs

82 940 172 1000 sllic
196 939 278 1001 solos
302 959 336 1000 ca
360 940 499 1002 omnibns
522 940 682 1000 testimonii
705 949 793 1018 capot
816 939 872 1000 sibi
902 939 1055 1000 condicat:
1084 939 1123 1001 ob
1152 940 1208 1000 boc
1237 939 1414 1002 indrontinus

111 1041 239 1115 dicitur,
269 1044 336 1121 quia
366 1049 395 1102 et
424 1059 500 1118 qrrae
528 1051 592 1102 aeta
621 1048 742 1102 suntet
765 1059 840 1120 quae
868 1047 996 1118 aguntur
1025 1023 1054 1103 et
1083 1060 1158 1121 quae
1187 1049 1329 1120 agentur,
1359 1061 1415 1122 per

111 1147 213 1224 ipsum
235 1143 418 1212 indicantur,
444 1150 476 1204 ut
498 1141 567 1204 nido
590 1141 688 1203 uidaui
710 1141 829 1203 uldabo.

200 1246 279 1306 ibid.
310 1245 346 1306 Et
361 1245 432 1306 dicit
447 1244 643 1322 Virgilius:
667 1244 861 1324 imperatinus
884 1244 1033 1305 secundus
1056 1252 1113 1314 est,
1139 1264 1192 1324 per
1208 1263 1297 1326 quem
1313 1264 1412 1316 omne,

112 1347 197 1427 quod
220 1347 296 1409 clllci
318 1346 423 1415 debet,
446 1347 620 1425 imperatur,
644 1353 676 1406 ut
698 1345 775 1406 uida.
813 1345 899 1408 llnnc
915 1356 944 1406 et
963 1349 993 1407 in
1017 1348 1113 1426 capite
1135 1345 1220 1410 multi
1242 1348 1411 1409 adsumunt.

72 1463 100 1499 ιο
195 1443 350 1531 Htw]
380 1451 416 1510 Vt
437 1446 619 1527 Virgilius
648 1447 734 1508 dicit:
772 1447 931 1528 Optatiuus
958 1448 1082 1518 dicitnr,
1112 1467 1284 1530 perquem
1314 1467 1412 1518 omne,

113 1549 196 1628 quod
228 1548 460 1630 concupiscibile
482 1551 534 1618 sit,
564 1557 691 1628 optatur.
722 1547 800 1610 unde
829 1560 858 1610 rt
885 1549 1060 1612 aduerbium
1090 1550 1210 1630 optandi
1238 1553 1413 1632 frequenter

112 1652 258 1720 adsumit,
282 1650 338 1711 boo
361 1658 407 1712 cst
421 1652 547 1720 utinam,
571 1652 655 1712 cuius
671 1660 716 1712 est
731 1668 838 1712 sensus
853 1650 999 1712 ‘uellemt
1038 1650 1096 1713 Sed
1120 1651 1255 1714 oboritur
1279 1655 1411 1732 quaestio

113 1773 176 1814 aron
199 1753 335 1822 minima,
359 1753 437 1832 quod
463 1754 518 1814 lroc
541 1745 717 1814 aeluerblu'm
742 1755 822 1814 onrni
844 1773 991 1833 personae
1014 1756 1155 1815 conuenit
1176 1756 1335 1825 ‘utinam',
1359 1756 1411 1816 sed

113 1855 173 1916 boc
201 1855 373 1924 dicendum,
403 1854 480 1932 quod
508 1854 564 1916 boc
593 1853 773 1940 aduerbium
798 1857 837 1915 ita
866 1857 946 1917 omni
975 1873 1118 1934 personae
1147 1855 1363 1935 coaptabitur„
1381 1865 1413 1918 nt

73 1975 100 2014 15
114 1958 208 2018 luerit
229 1957 302 2018 ordo
324 1955 545 2034 personarum,'
561 1965 593 2018 ut
615 1959 670 2018 sit:
699 1958 828 2018 ‘utinam
852 1957 1003 2018 uidarem'
1025 1976 1081 2038 pro
1104 1957 1257 2026 ‘uellem',
1281 1959 1410 2018 ‘utinam

113 2058 246 2120 nilares’
270 2077 324 2138 pro
347 2057 475 2128 ‘uelles',
499 2059 622 2120 ‘utinam
644 2059 773 2120 uideret’
797 2077 851 2138 pro
874 2055 986 2120 ‘uellet’
1010 2068 1040 2119 ct
1062 2061 1106 2120 sic
1127 2078 1183 2139 per
1198 2066 1306 2120 cetera.
1352 2059 1411 2120 Cur
1505 2067 1506 2070 ’

113 2159 288 2222 nonhabet
314 2161 462 2240 optatiuus
490 2161 593 2221 modus
623 2157 742 2221 sclitirm
772 2177 929 2221 numerum
959 2161 1144 2242 temporum?
1189 2161 1266 2222 [licit
1287 2161 1410 2240 Virgi-

113 2261 204 2323 lius:
242 2261 339 2334 Quare
363 2263 512 2342 optatinus
535 2261 640 2322 modus
663 2280 722 2322 non
746 2261 867 2323 solitum
889 2269 1058 2341 temporum
1082 2263 1408 2342 nnmerumsnppleat,

112 2367 192 2426 sicul
212 2364 391 2426 indicatluus
414 2370 444 2424 et
466 2364 687 2434 coniunctiuus,
712 2363 764 2424 sed
788 2372 900 2424 tanturn
924 2365 1000 2424 trina
1024 2364 1220 2425 declinatione
1243 2366 1411 2426 coniunctis

72 2467 267 2528 codumta'xat
289 2464 405 2526 duobus
427 2467 456 2525 in
481 2483 572 2526 unum
600 2463 784 2544 temporibus
811 2467 855 2524 sic
877 2465 1024 2526 flectitur?
1068 2466 1126 2528 Sed
1150 2466 1221 2527 baec
1245 2467 1319 2527 ratio
1343 2466 1410 2526 bre·

114 2569 193 2628 niter
215 2567 339 2630 dicenda
363 2576 422 2636 est,
446 2565 524 2646 quod
548 2565 614 2626 ideo
637 2564 693 2626 boe
715 2565 802 2626 modo
824 2567 868 2627 sio
892 2568 1018 2636 utimur,
1048 2568 1126 2645 quod
1149 2566 1276 2647 amplius
1297 2567 1410 2628 Latini-

114 2671 167 2730 tati
191 2687 249 2730 non
272 2669 412 2747 suppetit.

199 2771 277 2830 Ibid.
314 2769 469 2841 Quomodo
498 2766 587 2830 babet
614 2769 824 2830 coniunctium
852 2769 956 2831 modus
979 2772 1130 2850 tempora?
1173 2771 1257 2851 Apud
1281 2772 1411 2834 Graecos

114 2872 273 2932 coniuncta
302 2879 436 2951 tempore
465 2870 568 2940 babet,
598 2869 675 2949 apud
705 2888 759 2930 nos
781 2870 876 2932 diuisa
899 2870 989 2932 babet
1016 2873 1130 2941 omnia‚
1162 2873 1214 2934 sed
1244 2873 1408 2936 secundum

72 2995 99 3034 es
115 2973 315 3052 Virgilium
337 2971 451 3034 duabus
474 2973 571 3034 causis
594 2973 703 3034 dicitur
725 2973 947 3042 coniunctiuus,
972 2981 1005 3034 nt
1027 2975 1092 3052 ipse
1115 2972 1199 3034 dicit:
1237 2975 1409 3036 Coniuncti-

114 3093 171 3137 uus
194 3075 299 3137 modus
326 3075 400 3137 duas
429 3073 467 3134 cb
495 3093 598 3136 causas
627 3076 671 3136 sic
703 3082 827 3134 uocatur
860 3072 907 3134 nel
940 3081 1063 3154 propter
1097 3076 1270 3137 coniunctas
1297 3086 1407 3155 parles,

113 3177 233 3256 quando
255 3177 465 3257 adiunguntur,
489 3184 520 3237 ut
542 3176 684 3238 ‘scilicet'
707 3177 903 3255 ‘quanquam'
925 3175 1086 3256 ‘qrramuis’
1109 3175 1296 3255 ‘quamlibet'
1319 3179 1405 3240 ‘nisi’

115 3281 188 3340 ‘sin’
211 3281 258 3341 uel
286 3289 408 3360 propter
429 3297 466 3340 ea
487 3279 566 3355 quod
592 3279 622 3340 in
651 3295 803 3338 cassomm
832 3279 1036 3357 conpositione
1064 3280 1274 3340 coniunctium
1303 3279 1407 3342 modus

113 3379 305 3458 praecedenti
327 3380 491 3442 indication
514 3379 683 3461 copulatur,
706 3387 739 3440 ut
760 3383 839 3440 ‘cum
862 3379 1001 3440 uideam'.

28 3489 37 3504 ·
69 3503 99 3542 so
193 3475 240 3561 ]l.
257 3475 317 3542 23·
336 3477 348 3563 l]
386 3480 488 3543 Vtrum
520 3489 617 3561 potest
643 3481 808 3543 influitiuus
836 3479 901 3542 loco
923 3483 1052 3543 nominis
1075 3484 1156 3544 esse?
1200 3482 1315 3544 Potest:
1349 3491 1409 3544 tres

112 3583 196 3643 enim
217 3598 303 3643 casus
325 3581 427 3651 babet,
457 3583 672 3644 nominatiuum
696 3583 896 3644 accusatiuum
920 3581 1155 3665 anianumque,
1179 3592 1210 3646 nt
1233 3584 1307 3646 dicit
1328 3586 1408 3646 Vir·

111 3682 248 3764 gilius:
285 3683 451 3746 influitiuus
472 3683 578 3746 modus
600 3704 617 3746 a
639 3682 861 3764 quibusdam
886 3687 1152 3748 communicatione
1174 3688 1327 3757 uocitatur,
1352 3705 1407 3766 pro

110 3805 151 3849 eo
173 3783 326 3855 uidelicet.
350 3784 429 3864 quod
452 3784 500 3847 uel
522 3787 637 3848 nomini
665 3783 713 3846 uel
736 3785 829 3848 uerbo
854 3785 900 3847 uel
923 3786 1062 3849 omnibus
1083 3789 1219 3867 personis
1242 3789 1405 3851 uerborum

181 4079 198 4126 3
214 4071 352 4142 Virgilius]
371 4074 471 4126 Primus
482 4076 540 4126 -b
554 4073 674 4126 uendioat
691 4091 740 4127 non
758 4081 850 4126 extant
862 4077 933 4140 opud
940 4077 1044 4128 Malean.
1114 4076 1297 4127 blndicatinus
1312 4077 1344 4126 cb
1356 4077 1406 4128 lroc

110 4144 205 4194 dicitur
224 4143 309 4194 Maias
325 4160 351 4208 p.
366 4145 416 4194 uo
487 4141 919 4210 uvirgitius1rtonecrarapuc
935 4144 1039 4195 Maium.
1108 4159 1185 4210 perq
1206 4143 1282 4195 omne
1297 4160 1318 4216 q
1336 4147 1406 4196 effeci

108 4215 126 4264 9
148 4221 175 4261 ut
192 4211 277 4261 uidam
329 4207 479 4280 adsumunt]
499 4213 539 4262 lle
556 4215 684 4262 cententio
701 4212 735 4275 cs.
758 4211 891 4278 Virgilium
908 4213 975 4263 Maii
991 4230 1017 4278 p.
1035 4215 1085 4263 53:
1106 4214 1141 4262 ita
1160 4224 1187 4263 ιιι
1204 4214 1236 4263 ab
1253 4214 1407 4280 imperatiuo

109 4279 190 4329 modo
207 4279 401 4330 declinationem
419 4280 489 4330 uerbi
509 4279 695 4332 exordirentur.
767 4281 798 4332 10
816 4277 953 4346 Virgilius]
975 4283 1053 4331 Deest
1070 4283 1141 4346 apud
1152 4281 1254 4332 Maium.
1306 4283 1407 4348 optaui-

110 4363 170 4397 mus
256 4351 286 4398 11
305 4347 451 4412 concupisci
469 4347 520 4396 nile
588 4347 693 4398 adcerbi
712 4343 763 4414 opi
779 4363 811 4396 an
882 4349 913 4398 12
931 4349 1016 4399 uellim
1035 4365 1056 4401 s.
1075 4349 1188 4399 oboritur
1205 4351 1305 4412 questio
1376 4353 1407 4402 13

107 4415 345 4534 ᾳτΙινιιὶιιῖιιιίιιιιῇ
382 4415 428 4464 sed
446 4414 463 4464 h
480 4413 745 4534 ‘lloelldfflll’llb
793 4419 840 4534 dib
858 4416 958 4535 uellimb
1014 4418 1045 4467 16
1063 4416 1135 4466 uellis
1188 4416 1258 4467 uellit
1308 4427 1407 4468 coetera

109 4481 321 4620 dall'rllla
344 4500 377 4536 Μ
393 4489 741 4617 ‘lllnl‘l'lmmlllls
759 4499 941 4618 ditata:
960 4489 1245 4604 ‘mellll'llltllo
1313 4488 1406 4620 {test

107 4621 145 4673 25
162 4617 308 4686 Virgilium]
328 4619 386 4670 Non
403 4625 478 4670 extat
495 4622 567 4686 apud
577 4619 673 4670 Maium
725 4618 835 4670 coniuiib
850 4621 928 4670 modo
998 4621 1031 4670 28
1044 4631 1148 4688 propter
1165 4622 1190 4670 iu
1209 4635 1327 4672 cneorum
1346 4637 1407 4672 con-

108 4689 277 4756 poseitionem
346 4690 379 4739 29
396 4687 529 4754 copuletur
547 4698 574 4738 ut
591 4702 638 4737 oon
658 4688 758 4738 uideam
810 4691 844 4740 30
861 4699 947 4756 potest
964 4699 988 4738 et
1005 4692 1019 4740 ἰ
1034 4689 1068 4738 lll
1085 4689 1153 4740 euim
1215 4692 1246 4742 st
1266 4687 1405 4757 Virgilius]

109 4758 191 4821 Apud
206 4756 304 4877 Μαίῧιέιι
320 4757 357 4808 all
372 4758 422 4874 agent
437 4757 485 4808 boc
501 4763 576 4808 extat
592 4772 619 4821 p.
639 4758 701 4807 tto:
720 4755 864 4808 lnlinitiuus
882 4772 898 4806 a
916 4757 1070 4818 quibusdam
1088 4758 1318 4809 communicatione
1336 4761 1406 4810 uoci·

108 4833 189 4875 tatur.
308 4826 384 4887 oqui
421 4839 446 4874 rn
