3354 5580
536 341 574 393 ru
593 342 679 394 nou.
697 340 822 394 aurun
841 324 1021 397 n'sronnu.
1357 339 1419 405 231

114 529 245 592 omnis
275 536 389 590 terra.
433 528 630 598 Periodos,
659 528 790 591 clausula
814 527 861 592 uel
889 529 1032 590 circuitus
1059 531 1280 610 interpretatur.
1326 528 1560 602 ‘retrusus

116 633 205 692 enim
228 633 342 694 Graece
365 635 478 694 circum
502 632 622 699 Latine;
645 630 742 692 ‘odos'
766 633 828 692 uia:
857 633 888 692 in
913 650 948 692 eo
971 631 1049 693 enirn
1073 633 1162 692 totius
1184 631 1349 692 sententiae
1373 630 1420 692 uel

115 734 268 796 orationis
297 733 394 795 exitus
422 742 452 794 et
479 732 687 794 determinatio
716 739 840 796 constat.
884 733 921 794 Et
943 731 1018 793 bene
1046 733 1189 795 circuitus
1216 733 1262 795 uel
1293 731 1420 794 ambitus

39 885 42 888 .
115 835 242 904 dicitur,
266 835 403 914 eoquod
426 837 588 896 circumeat
609 836 630 894 i.
655 833 774 895 ambeat
794 833 1048 914 amplectaturque
1076 833 1222 896 clausulas
1244 836 1418 896 sententiae.

82 936 255 998 s‘Colon’
288 937 392 998 dicunt
424 936 529 998 Graeci
562 933 745 1006 membrum,
780 936 850 996 inde
883 935 947 998 cola
981 935 1088 1014 plurali
1128 955 1252 998 numero
1286 936 1418 998 membra

114 1036 273 1099 dicuntur.
324 1038 512 1099 ‘Commota'
542 1055 614 1098 uero
642 1039 811 1098 inrisiones.
861 1037 897 1098 Et
925 1056 979 1116 per
1006 1038 1093 1099 colon
1122 1039 1225 1107 media¹
1247 1037 1420 1116 intelligitur

114 1139 287 1208 distinctio,
312 1157 365 1220 per
388 1157 502 1200 comma
524 1138 738 1201 subdistinctio.
783 1139 924 1201 Periodos
939 1157 1013 1202 nero
1029 1138 1248 1202 distinctionem
1263 1141 1417 1218 significat.

117 1241 233 1302 Verum
256 1241 319 1302 cola
343 1249 372 1302 et
394 1249 537 1302 commata
560 1241 590 1301 iu
613 1242 763 1301 communi
787 1259 939 1310 sermone,
963 1243 982 1300 i.
999 1243 1028 1300 in
1053 1259 1140 1322 prosa
1164 1260 1255 1302 tinum
1280 1242 1417 1322 idemque

114 1342 297 1420 significant.
343 1342 419 1403 Sunt
446 1343 524 1402 eninr
554 1341 684 1402 ciusdem
707 1341 845 1403 dictionis
867 1350 980 1422 partes,
1009 1342 1060 1403 sed
1083 1345 1114 1404 in
1137 1342 1302 1405 minoribus
1324 1345 1416 1422 parti·

73 1461 100 1500 ιο
118 1443 179 1504 bus
202 1443 288 1504 colon
311 1443 452 1511 dicimus,
476 1453 523 1504 ut:
556 1441 731 1504 ‘Sustinetis
753 1445 850 1513 enim,
873 1445 898 1504 si
922 1446 988 1522 quis
1012 1464 1065 1505 uos
1088 1447 1117 1504 in
1141 1446 1315 1506 seruitutem
1338 1443 1417 1505 redi·

115 1547 201 1622 git?’
245 1545 337 1606 Goion
366 1553 425 1606 est:
464 1546 500 1604 ‘si
527 1547 593 1624 quis
622 1545 745 1606 deuoret
771 1543 913 1625 †colnn'
942 1554 972 1606 et
998 1545 1113 1627 reliqua
1142 1563 1236 1624 usque
1263 1545 1299 1606 ad
1328 1547 1418 1608 linem

114 1647 296 1706 sententiae.
335 1645 454 1707 comma
478 1664 550 1707 uero
574 1655 617 1707 est
640 1648 671 1707 in
695 1645 872 1716 maioribus,
897 1656 942 1709 ut:
967 1646 1104 1710 ‘iubilate
1126 1648 1182 1708 deo
1205 1649 1302 1708 omnis
1323 1650 1416 1708 terra’

116 1757 150 1806 et
173 1755 273 1808 cetera
296 1747 448 1828 usquead
471 1757 622 1827 peractam
652 1750 837 1810 sententiam.
882 1748 915 1810 ln
943 1751 1076 1811 carmine
1105 1767 1193 1819 uero,
1223 1751 1241 1808 i.
1267 1749 1296 1809 in
1321 1755 1416 1808 metro

116 1847 201 1909 abud
224 1857 254 1908 et
275 1849 427 1910 diuersum
451 1857 506 1910 est.
551 1850 624 1912 Nam
654 1849 705 1912 ubi
734 1851 792 1911 duo
821 1852 913 1931 pedes
940 1850 1027 1912 liberi
1055 1859 1140 1920 sunt,
1170 1851 1189 1911 i.
1215 1848 1293 1911 nulia
1320 1869 1418 1916 remae

74 1967 100 2006 rs
116 1957 211 2012 nente
234 1948 360 2030 syllaba,
384 1949 471 2013 colon
494 1959 553 2018 esti
576 1969 691 2012 comma
716 1970 805 2022 uero,
828 1951 879 2013 ubi
902 1963 969 2034 post
990 1952 1065 2014 duos
1087 1952 1178 2032 pedes
1199 1961 1337 2032 superest
1358 1951 1416 2033 syl·

115 2050 201 2121 laba,
236 2070 311 2132 quae
343 2059 459 2132 partem
493 2055 633 2116 terminat
655 2055 817 2128 orationis.
869 2054 962 2116 Totus
998 2061 1096 2115 autem
1133 2071 1239 2116 uersus
1275 2053 1416 2133 periodus

116 2152 240 2215 dieitur.

645 2389 708 2473 [on
730 2389 890 2474 nonina]

84 2617 92 2630 '
119 2612 132 2690 ll
152 2608 243 2694 1511!
273 2611 315 2672 be
337 2613 568 2691 comparatione.
614 2611 800 2691 Comparatio
830 2611 938 2673 dicitur
966 2611 1154 2681 assimilatio,
1184 2615 1203 2672 i.
1227 2591 1516 2690 coaequationem

77 2724 103 2764 2⁰
118 2731 155 2774 eo
178 2713 257 2790 quod
286 2712 475 2774 assimilando
502 2731 595 2774 arnum
618 2711 703 2773 alteri
725 2713 874 2793 praeierat
897 2721 926 2774 et
947 2712 984 2773 ab
1007 2731 1057 2781 eo,
1087 2713 1164 2792 quod
1193 2721 1237 2772 est
1262 2731 1414 2792 comparo,

116 2815 137 2873 i.
162 2833 309 2894 coaequo,
334 2815 416 2875 uenit
438 2816 629 2895 comparatio.
674 2813 803 2882 Gradus,
827 2815 845 2874 i.
870 2815 1068 2876 ascensiones.
1112 2814 1317 2882 Positinus‚
1342 2813 1413 2874 dici·

118 2925 175 2985 tur,
207 2934 244 2975 eo
271 2915 349 2995 quod
378 2918 492 2993 primus
520 2918 640 2995 ponitur
670 2913 716 2976 uel
746 2915 824 2994 quod
853 2917 891 2977 sit
918 2917 1011 2995 prima
1040 2916 1147 2995 positio
1175 2915 1320 2981 nominis;
1350 2917 1414 2976 siue

117 3019 264 3097 positione
284 3017 394 3079 dicitur
415 3019 498 3098 quasi
522 3018 721 3097 depositione,
746 3035 781 3076 eo
796 3016 875 3096 quod
893 3019 1078 3096 reciprocam
1101 3034 1257 3094 personam
1281 3016 1412 3096 deponit,
1514 3005 1515 3010 ¹

118 3121 138 3177 i.
162 3119 292 3179 dimittit.
343 3119 407 3181 Nou
436 3122 517 3180 enim
546 3127 613 3198 eget
641 3137 724 3186 casu.
755 3117 806 3179 sed
837 3118 940 3198 plenus
967 3119 998 3178 iu
1027 3136 1059 3178 se
1091 3126 1200 3179 manet.
1251 3116 1412 3179 Sciendum

78 3231 104 3272 ²⁵
118 3228 232 3290 antem,
263 3221 332 3298 quia
355 3218 402 3282 illa
426 3222 558 3287 uomina,
588 3237 663 3297 qnae
686 3218 880 3281 substantiam
904 3220 1083 3296 significant,
1109 3237 1168 3279 nou
1191 3228 1412 3298 comparantur,

119 3323 187 3400 quia
216 3323 401 3382 incrementa
429 3321 477 3382 uel
506 3321 715 3383 diminutiones
748 3323 885 3401 accipere
919 3339 977 3381 non
1012 3329 1145 3398 possunt.
1196 3319 1285 3382 Verbi
1318 3322 1413 3400 gratia

119 3421 207 3482 bomo
228 3420 277 3482 uel
301 3421 376 3502 lapis
397 3423 590 3485 substantiam
619 3423 798 3501 significant,
828 3424 913 3484 cuius
939 3424 1114 3500 significatio
1144 3439 1198 3482 nec
1226 3423 1328 3500 augeri
1356 3440 1413 3485 nee

120 3524 211 3585 minui
235 3531 342 3602 potest.
386 3523 416 3584 Si
445 3527 523 3586 enim
554 3525 643 3586 bomo
673 3523 720 3584 uel
742 3524 816 3605 lapis
838 3525 962 3604 recipiat
984 3511 1250 3604 comparationem,
1273 3523 1292 3582 i.
1318 3525 1412 3599 magis

118 3627 301 3695 autminus,
324 3626 383 3685 ianr
407 3645 465 3686 non
489 3635 535 3687 cst
556 3625 645 3686 bomo
669 3623 717 3686 nel
741 3625 825 3706 lapis.
870 3625 901 3687 Si
918 3644 991 3686 uero
1007 3623 1116 3702 aliquid
1140 3623 1277 3684 accidens
1300 3623 1412 3684 bomini

81 3741 107 3780 ³0
121 3729 167 3788 nei
188 3725 279 3806 lapidi
301 3725 413 3794 dicam,
438 3737 508 3789 tune
524 3726 615 3788 babet
629 3725 725 3788 locum
742 3730 940 3807 comparatio,
965 3735 996 3788 ut
1012 3726 1116 3788 doctus
1138 3727 1227 3785 bomo
1244 3733 1273 3785 et
1287 3724 1410 3796 doctior,

120 3828 192 3907 lapis
215 3828 309 3890 durus
333 3836 363 3888 et
385 3826 497 3888 durior.
542 3827 621 3906 Ergo
644 3845 702 3888 non
724 3829 789 3907 ipsa
811 3827 990 3898 substantia,
1020 3827 1071 3888 sed
1096 3845 1146 3894 ea.
1170 3845 1246 3907 quae
1269 3826 1312 3888 illi
1335 3829 1411 3888 aeci·

120 3930 204 4003 dunt,
235 3937 457 4009 comparantur.
508 3929 804 4007 Comparatiuus,
842 3930 950 3991 dicitur
977 3937 1007 3990 et
1033 3927 1255 3990 assimilatiuns.
1306 3927 1409 3990 Omnia

121 4034 238 4093 nomina
261 4031 457 4109 comparatiui
478 4031 588 4108 gradus
609 4033 729 4109 generis
751 4039 819 4092 sunt
846 4031 1011 4092 communis
1034 4039 1061 4090 et
1085 4029 1197 4090 iaciunt
1218 4036 1358 4091 neutrum
1380 4030 1410 4088 iu

121 4135 177 4204 ius,
201 4141 235 4194 ut
256 4131 306 4192 bic
329 4141 358 4192 et
381 4131 453 4191 baec
475 4130 590 4193 doctior
613 4142 642 4193 et
664 4134 720 4194 hoc
742 4132 871 4203 doctius,
895 4141 1020 4214 excepto
1035 4151 1094 4193 nno
1109 4132 1171 4192 ‘bic
1186 4133 1308 4200 senior’,
1332 4131 1410 4208 quod

85 4243 231 4296 stantum
255 4231 409 4294 masculini
437 4234 556 4312 generis
583 4239 629 4294 est
656 4244 686 4294 et
714 4235 785 4296 lacit
805 4235 979 4296 femininum
1003 4233 1091 4295 ‘baec
1113 4235 1209 4294 anus’.
1255 4232 1406 4313 Compa·
1422 4243 1471 4294 ³⁷⁴,
1486 4246 1511 4286 1⁷

183 4471 314 4520 lambiat
331 4469 542 4535 amplectiturque
610 4470 713 4535 bgreci
782 4470 944 4535 lisiguillcat
1025 4471 1056 4520 16
1074 4470 1196 4536 periodus
1213 4465 1316 4533 dicitur]
1335 4468 1411 4519 Inter

120 4556 146 4604 p.
163 4541 212 4590 208
230 4547 256 4588 et
272 4555 299 4602 p.
322 4540 369 4589 151
386 4538 444 4601 sato
467 4539 552 4604 iniquo
571 4538 684 4588 disiectis
699 4541 857 4603 prmnntotiei
872 4539 987 4589 membris
1005 4540 1100 4604 aliqum
1119 4538 1185 4601 solia
1199 4551 1310 4602 prorem
1327 4539 1408 4588 inter·

120 4609 198 4656 bruun
269 4608 301 4657 te
318 4606 473 4668 cooequacio
542 4608 576 4656 24
594 4606 618 4653 ·i·
635 4605 740 4656 dimittit
756 4623 837 4670 supra
853 4608 944 4657 lineam
995 4607 1048 4672 egit
1097 4607 1130 4656 29
1142 4606 1193 4654 iem
1206 4619 1257 4655 non
1270 4601 1407 4670 esthemo]

120 4677 145 4726 ie
159 4690 238 4739 norp.
256 4675 382 4726 additam:
402 4673 483 4723 llomo
503 4673 646 4724 substantia
665 4676 784 4724 estetsi
802 4685 963 4740 comparetur
981 4689 1031 4724 non
1050 4685 1090 4723 est
1106 4672 1183 4722 homo
1201 4673 1331 4734 quianon
1350 4682 1408 4738 pot-

121 4753 157 4792 est
171 4743 287 4809 aecipere
305 4752 469 4809 angmentum
488 4740 528 4792 uel
545 4740 723 4792 detrimentum
792 4743 824 4794 32
843 4753 867 4792 et
884 4743 974 4792 addidi
1042 4743 1075 4793 34
1092 4741 1134 4790 hio
1151 4738 1249 4806 senior]
1269 4740 1311 4789 bie
1326 4756 1408 4808 supra
