3316 5566
268 319 308 386 76
645 343 652 358 ·
783 322 852 375 ARS
870 321 1046 376 ANONYMA

268 511 361 582 illius,
385 510 504 592 quaudo
526 519 625 574 autem
646 513 803 592 participia
825 517 911 582 aunt,
928 512 1097 574 accusatiuo
1118 513 1270 582 seruiunt,
1294 518 1326 572 ut
1347 529 1450 574 amana
1469 511 1557 574 illum.

267 615 483 678 discernuntur
506 611 714 682 declinatione,
739 621 770 675 ut
791 615 874 676 uisus
889 613 1009 694 quando
1024 631 1132 676 nomen
1147 623 1199 690 est,
1223 621 1346 695 quartae
1361 611 1560 676 deeduatioois

267 726 312 780 est
327 725 357 778 et
371 719 413 778 sic
429 713 610 776 declinatur:
635 715 718 777 uisus
740 717 821 778 uisus
842 717 935 786 uisui,
958 716 1077 796 quando
1100 735 1173 778 uero
1195 717 1394 797 participium,
1418 716 1559 778 metandae

267 819 473 882 declinationis
501 825 547 878 est
573 825 603 878 ει
629 818 669 879 ita
698 817 880 880 declinatur:
912 820 993 880 uiam
1019 820 1075 881 uisi
1105 820 1169 880 uiso
1197 817 1374 899 etreliqua.
1420 817 1560 880 liillerunt

267 931 415 1001 tempore:
444 921 475 982 io
504 921 624 981 nomine
653 921 731 982 euim
760 929 879 1001 tempus
906 939 966 982 nou
996 927 1054 992 est.
1082 928 1116 982 ut
1137 921 1162 981 si
1184 919 1266 983 dicas
1287 919 1401 982 ‘homo’
1425 919 1588 1000 ‘lignum’a

267 1020 398 1086 ‘animal’
428 1029 457 1084 et
485 1019 615 1099 reliqua,
642 1022 673 1082 in
702 1023 859 1104 participio
886 1027 984 1084 autem
1014 1031 1148 1104 tempora
1178 1023 1249 1092 tria,
1280 1029 1313 1085 ut
1340 1023 1444 1102 legens
1471 1021 1561 1084 lectus

267 1123 419 1204 legendus.
464 1124 541 1186 Sunt
567 1123 623 1186 alia
651 1124 771 1185 nomina
799 1121 901 1186 uerbis
928 1122 1048 1196 similia,
1076 1132 1109 1187 ut
1137 1123 1261 1186 comedo
1283 1125 1372 1205 palpo
1394 1125 1481 1186 turbo
1502 1127 1561 1186 lor-

269 1224 348 1288 mido
370 1224 464 1305 caligo
486 1224 595 1305 indago
617 1243 758 1306 propago.
805 1225 960 1298 Quomodo
983 1227 1193 1290 discernuntur
1220 1225 1294 1289 haec
1316 1229 1436 1289 nomina
1459 1226 1496 1289 ab
1516 1225 1562 1287 his

268 1326 376 1403 uerbis,
393 1325 500 1408 quibua
523 1335 593 1390 aunt
614 1326 736 1390 similia?
772 1327 822 1390 Sic
844 1327 1070 1391 discernuntur:
1094 1327 1211 1407 quando
1232 1327 1325 1391 uerba
1348 1337 1426 1398 suut.
1450 1330 1562 1412 primae

268 1432 487 1510 coniugationis
509 1431 597 1500 liunt,
626 1438 658 1492 ut
681 1429 805 1492 comedo
827 1429 979 1500 comedas,
1002 1428 1090 1512 palpo
1112 1429 1228 1512 palpas,
1252 1430 1340 1494 turbo
1363 1429 1480 1502 turbas,
1503 1433 1560 1492 lor·
1579 1459 1605 1497 10

267 1531 347 1596 mido
370 1531 526 1602 formidas.
551 1531 646 1612 caligo
668 1530 791 1611 caligas,
815 1530 923 1612 indago
945 1531 1082 1611 indagas.
1106 1551 1237 1614 propago
1260 1551 1424 1616 propagas:
1448 1535 1563 1614 quando

266 1644 365 1698 autern
387 1635 507 1697 nomina
529 1641 606 1702 sunt.
631 1634 737 1696 tertiae
758 1633 966 1696 declinationis
988 1636 1070 1706 llunt,
1095 1643 1126 1696 ut
1141 1635 1265 1698 comedo
1281 1635 1454 1706 comedlnis.
1477 1635 1565 1717 palpo

265 1737 406 1819 palplnis,
429 1736 517 1800 turbo
540 1735 682 1806 turbinis,
706 1735 834 1798 formido
856 1735 1039 1807 formidinis,
1062 1735 1159 1815 caligo
1181 1736 1327 1817 caliginis,
1350 1737 1460 1818 indago
1482 1737 1564 1800 inda·

266 1841 359 1922 poia,
381 1857 514 1921 propago
536 1839 718 1920 propaginis.

350 1943 528 2024 Gouparatio
551 1941 621 2020 quid
644 1947 691 2002 eat
713 1947 743 2001 ει
765 1941 914 2018 quomodo
937 1939 1094 2002 definitur?
1138 1941 1188 2003 Sic
1210 1941 1363 2004 delinitur:
1392 1945 1566 2023 conparatio
1581 1969 1605 2008 e

266 2053 312 2108 est
339 2045 441 2116 dictio,
471 2062 547 2126 quae
569 2062 607 2106 ex
628 2041 752 2106 alterius
779 2043 990 2122 conparatione
1018 2041 1195 2106 alterutrum
1223 2043 1369 2125 praefert.
1400 2053 1434 2106 ut
1460 2045 1566 2107 doctus

267 2145 279 2228 ll
297 2147 314 2208 l.
333 2144 421 2228 86·ΙΙ
443 2146 559 2208 doctior
588 2144 784 2208 doctissimus.
830 2145 904 2206 ltem
928 2143 983 2206 alia
1006 2143 1141 2208 delinitio
1164 2153 1210 2206 est
1231 2147 1464 2226 cooperationis:
1494 2166 1564 2210 con·

266 2251 380 2330 paratio
414 2255 460 2310 ast
494 2265 603 2311 nomen
637 2249 744 2310 mentis
772 2247 960 2326 cooperantis
988 2246 1227 2326 praecellentiam
1256 2249 1287 2310 in
1315 2251 1473 2320 creaturis,
1509 2266 1567 2310 nec

266 2351 400 2421 nomina,
424 2350 476 2412 sed
499 2357 650 2412 creaturas
672 2367 726 2430 per
748 2352 869 2411 nomina
892 2367 1099 2430 conparamuS.
1136 2349 1210 2410 ltem
1231 2353 1405 2430 conparatio
1420 2357 1466 2412 est
1480 2370 1567 2414 mens

266 2460 348 2514 retro
376 2454 541 2534 respiciens
568 2449 767 2531 praecellente
795 2450 935 2513 secundo.
987 2451 1213 2532 Conparationia
1239 2451 1348 2530 gradus
1376 2462 1449 2532 quot
1476 2456 1605 2518 sunttao

265 2553 344 2616 ldest
365 2555 436 2617 uos:
482 2553 538 2625 Qui
560 2555 646 2614 suntl
691 2553 837 2616 Positiuus
863 2555 1073 2634 conparatiuus
1100 2553 1313 2634 superlatiuus;
1343 2555 1504 2635 pestanus,
1532 2563 1569 2618 nt

266 2657 386 2728 doctus,
424 2657 635 2737 conparatione
670 2663 704 2718 ut
736 2653 867 2732 doctior,
906 2655 1106 2736 superlatiuus
1140 2663 1172 2718 ut
1205 2657 1403 2720 doctissimus.
1459 2657 1566 2720 Positi-

267 2778 322 2822 uua
355 2777 446 2840 quare
480 2757 606 2820 dicitur?
655 2759 729 2831 Quia
768 2759 881 2839 primus
918 2762 1040 2839 ponitur
1072 2755 1104 2822 in
1137 2759 1356 2839 cooperationis
1388 2759 1500 2838 gradu,
1534 2769 1569 2822 ut

266 2863 378 2924 doctus
434 2861 650 2941 Conparatiuus
687 2877 781 2938 quare
819 2861 945 2923 dicitur?
989 2861 1063 2933 Quia
1102 2861 1231 2940 positiuo
1266 2870 1445 2942 conparatus
1477 2881 1566 2942 prae·

265 2963 360 3026 lertur
387 2962 444 3034 illi,
475 2970 506 3024 ut
532 2959 660 3024 doctior.
704 2965 778 3025 Plus
803 2967 882 3025 euim
909 2966 995 3026 uouit
1022 2966 1141 3026 doctior
1167 2981 1257 3038 quum
1285 2966 1402 3028 doctus.
1452 2969 1565 3043 Super·
1581 2989 1605 3028 ae

264 3068 377 3129 latiuus
405 3083 440 3128 co
472 3067 554 3142 quod
584 3067 787 3142 conparatiuo
818 3065 1042 3144 superferatur,
1075 3074 1109 3128 ut
1141 3068 1345 3138 doctissimum
1379 3065 1446 3148 plus
1483 3070 1565 3130 enim

266 3169 320 3230 scit
347 3186 435 3249 quam
462 3166 586 3229 doctior.
631 3167 779 3230 Positiuus
808 3168 957 3245 quomodo
986 3175 1084 3248 potest
1105 3167 1164 3230 dici
1186 3170 1265 3230 inter
1287 3169 1397 3248 gradus
1419 3187 1566 3250 conpara·

195 3297 198 3303 ·
265 3271 368 3340 tionis,
398 3288 465 3332 cum
493 3270 524 3330 in
553 3285 607 3330 auo
634 3275 711 3331 statu
740 3268 868 3332 naturali
895 3271 948 3339 sit,
977 3277 1007 3330 et
1036 3287 1198 3348 numquam
1226 3270 1264 3332 de
1285 3270 1343 3332 alio
1365 3271 1565 3351 praeferatur,

265 3379 297 3434 ut
332 3371 447 3434 doctus.
497 3369 611 3432 ldcirco
643 3372 861 3451 conparationis
888 3372 993 3433 tertius
1020 3372 1129 3450 gradus
1158 3381 1204 3434 est
1231 3374 1389 3454 positiuus,
1423 3375 1564 3454 quoniam

264 3473 400 3552 graditur
427 3491 463 3536 ex
491 3491 527 3534 eo
554 3472 585 3532 in
615 3475 853 3553 conparatiuum;
882 3492 950 3535 nam
978 3481 1007 3534 et
1036 3477 1067 3535 in
1095 3473 1173 3538 scala
1200 3475 1312 3553 gradus
1340 3474 1449 3536 dicitur
1473 3478 1603 3539 etiarnsi

264 3577 399 3646 intimus,
434 3593 470 3637 ex
503 3591 562 3652 quo
596 3575 764 3638 ascenditur
797 3593 887 3658 super
920 3575 992 3638 alios
1025 3575 1144 3656 gradus.
1195 3577 1372 3656 conparatio
1400 3595 1473 3656 ergo
1501 3597 1564 3640 non

265 3675 402 3738 omnibus
429 3675 599 3738 nominibus
626 3676 754 3748 accedit,
785 3678 836 3739 sed
864 3679 981 3759 paucis,
1013 3677 1069 3740 lroc
1098 3685 1142 3740 est
1169 3678 1317 3760 qualitatis
1339 3686 1369 3740 et
1389 3680 1566 3760 quantitatis

265 3777 450 3848 nominibus,
479 3779 555 3841 sicut
576 3779 743 3842 Donatus
771 3779 852 3842 dicit.
897 3780 978 3852 Quae
1001 3783 1119 3843 nomina
1142 3781 1357 3861 conparantur?
1384 3780 1564 3862 appellatiua

265 3881 417 3944 dumuxat
436 3879 606 3962 qualitatem
627 3890 678 3945 aut
692 3884 886 3960 quantitatem
907 3883 1115 3961 significantia,
1137 3883 1308 3964 qualitatem
1329 3892 1361 3945 ut
1382 3883 1479 3946 bonus
1499 3903 1563 3946 ma·

265 3983 310 4046 lus
331 4001 445 4064 pauper
467 3982 566 4056 dines,
590 3986 784 4065 quantitatem
808 3991 840 4046 ut
862 3982 966 4063 longus
995 3983 1096 4046 breuis
1118 4002 1243 4063 magnus
1265 3984 1411 4048 modicus.
1456 3986 1562 4048 Scien·
1575 4007 1599 4047 sa

265 4087 334 4150 dum
357 4093 538 4158 esttamen,
568 4087 646 4165 quod
669 4105 728 4148 nou
751 4088 849 4148 omnia
871 4103 925 4166 per
947 4105 1051 4150 omnes
1073 4087 1127 4149 lios
1149 4085 1259 4164 gradus
1281 4087 1449 4151 flectuntur.
1487 4088 1563 4150 lnde
1654 4079 1655 4082 '

333 4293 437 4341 tamea
455 4289 525 4340 illum
594 4291 700 4341 2uiaua
719 4299 763 4340 ant
781 4290 883 4354 quando
903 4305 995 4340 nomen
1014 4300 1103 4354 quarto
1176 4287 1282 4340 tdelci
1350 4293 1437 4342 linea
1489 4291 1563 4342 lactis

264 4359 379 4410 'laclia
431 4358 501 4408 uerbi
519 4356 613 4408 similia
698 4358 813 4410 ticolido
883 4361 998 4425 aprime
1085 4361 1115 4408 tt
1135 4359 1207 4408 tortia
1283 4361 1314 4410 14
1332 4357 1494 4426 propaginis}
1514 4361 1562 4411 Se·

263 4435 354 4478 euntem
370 4427 476 4492 iusuper
492 4427 570 4476 daec:
589 4436 613 4476 et
630 4425 693 4476 llaec
712 4428 815 4476 nomina
833 4427 931 4477 adiecta
949 4437 1017 4491 sunt,
1037 4443 1101 4494 quoe
1119 4429 1155 4478 ud
1170 4433 1314 4488 tractetur,
1334 4429 1377 4494 qui
1393 4435 1433 4478 ert
1450 4429 1482 4478 de
1499 4444 1564 4480 cou-

264 4497 409 4560 perctloue,
428 4495 581 4560 pertinuisse
599 4497 657 4547 olirn
674 4497 801 4550 uidentur.
886 4497 919 4546 16
937 4511 987 4558 que
1072 4497 1103 4547 lt
1124 4494 1233 4546 dilinitio
1322 4497 1354 4547 18
1376 4511 1422 4546 nec
1444 4495 1563 4546 nominas
1653 4537 1654 4550 ι

263 4574 378 4612 oreatma
446 4564 479 4614 ta
496 4564 707 4630 conparationem
724 4579 784 4614 sena
844 4565 878 4616 20
896 4563 1053 4630 praecelente
1103 4563 1173 4627 quod
1242 4566 1274 4614 22
1293 4564 1435 4630 poaaltiuua
1453 4575 1563 4627 quartus
1653 4563 1654 4581 ¹

264 4627 356 4679 dieitul·
440 4632 474 4682 24
496 4632 557 4694 quin
579 4632 691 4697 positiuo
712 4643 866 4698 conparetur
888 4631 1016 4698 protertur
1037 4631 1073 4681 illi
1095 4641 1122 4682 ιιι
1140 4631 1239 4681 doctior
1256 4631 1315 4698 plus
1333 4633 1399 4682 enlm
1417 4632 1466 4682 scit
1482 4648 1563 4695 quam

209 4767 215 4782 υ
264 4697 355 4747 doctos
373 4708 398 4747 et
414 4698 522 4753 doctior.
557 4699 682 4767 Suppleui
697 4715 733 4751 erc
751 4699 851 4752 Isidori
866 4703 930 4767 orig.
948 4700 964 4751 1
983 4703 1007 4763 6,
1027 4703 1062 4751 32
1147 4702 1180 4750 ut
1198 4699 1250 4769 dipl
1269 4700 1319 4750 dici
1398 4701 1431 4753 28
1449 4701 1565 4767 praefert

264 4817 298 4868 33
315 4813 441 4881 Donatus]
459 4833 486 4883 p.
506 4820 566 4877 374,
585 4821 618 4871 18
703 4819 736 4870 35
753 4817 857 4884 longius
929 4819 961 4871 86
980 4833 1031 4869 non
1050 4815 1146 4885 omnia]
1169 4819 1272 4889 pemipg
1290 4819 1395 4870 nomina
1461 4767 1563 4888 gldddos
