3378 5550
6 299 8 378 ἱ
406 271 455 322 Db}
475 269 650 322 VERGILIO
670 269 820 322 Maitona
839 269 1090 323 GRAMMATICO.
1329 284 1402 332 cvn

5 389 11 423 l

5 433 10 482 l
100 461 245 520 licronis
259 462 351 536 copia
366 461 546 521 eruditionis
556 464 783 536 parcarumque
797 462 967 536 mapisterii
978 477 1091 536 uenere
1105 462 1261 522 delectato.
1299 461 1405 532 Ouum·

5 571 6 596 ¹
97 580 191 638 auam
216 565 298 622 enim
320 565 414 622 mulla
436 571 506 622 sunt
522 581 653 639 prorsus
674 565 857 639 respuenda,
882 571 981 622 tulmen
997 564 1144 624 nonnulla
1166 565 1210 622 ita
1232 571 1405 638 conparatu

5 663 6 672 ’
98 675 178 738 sunt,
208 673 242 725 ut
262 666 397 742 probari
412 667 530 740 possint
551 667 601 724 uel
621 667 722 725 saltim
745 665 882 738 intellepi
902 671 1042 740 respecta
1064 665 1183 724 illorum
1206 666 1311 740 quibus
1333 667 1405 725 l'er·

96 771 192 842 pilius
218 771 299 829 uicit
326 775 493 844 temporum
524 769 648 828 dicendi
674 768 905 840 consuetudine,
937 768 1019 826 uelut
1046 783 1124 842 quae
1145 783 1180 842 p.
1208 773 1262 826 100
1282 784 1343 842 seq.
1367 767 1406 826 de

96 873 273 946 planorum
302 871 528 930 scinderatr'oue
555 871 714 947 dicuntur,
748 871 857 946 optime
883 871 1081 944 explicantur
1107 870 1244 928 carmine
1272 869 1406 943 liupenil

102 973 255 1044 Toletani,
281 972 365 1047 qtrotl
380 979 466 1047 patr,
490 973 537 1032 ed.
561 971 659 1045 Lupd.
683 979 753 1032 tam.
778 971 846 1031 XII
864 988 897 1047 p.
922 977 982 1030 348
1004 973 1126 1045 lepilur.
1166 971 1299 1042 Accedit,
1324 972 1407 1046 quod

4 1129 5 1136 s
105 1077 240 1148 l‘erpilii
265 1077 463 1148 prummaticr'
488 1076 698 1134 auctoritatem
731 1073 817 1149 apud
849 1073 991 1148 aequales
1023 1081 1219 1147 posterosque
1245 1089 1306 1132 non
1329 1073 1406 1132 nibil

101 1179 236 1236 ualuisse
259 1194 315 1236 ars
335 1193 490 1253 anonyma
513 1177 676 1235 Berneusls
699 1177 967 1248 Cruindmelusquc
989 1183 1080 1249 atque
1103 1176 1236 1234 Clemens
1257 1176 1311 1248 qui
1331 1175 1405 1235 dici-

100 1289 146 1338 tus
160 1279 278 1340 Scotus
298 1285 327 1337 et
350 1279 458 1338 Petrus
479 1279 704 1346 derrtonstraut;
727 1295 806 1352 auae
828 1293 1009 1352 quamquam
1032 1279 1103 1336 inde
1125 1278 1273 1336 alturali
1294 1274 1406 1350 Mapnt'

3 1451 4 1454 Ἴ
99 1382 292 1457 temporibus
308 1381 462 1456 paulatim
485 1381 634 1454 restinpui
654 1385 762 1454 coeptu
785 1387 843 1452 est,
874 1386 974 1439 tamen
1002 1381 1046 1439 ad
1063 1381 1333 1455 prammaticarum
1355 1381 1408 1452 qui

99 1465 182 1542 inter
205 1489 327 1543 sextum
350 1497 521 1556 leonumque
541 1483 694 1542 saeculum
718 1483 862 1542 uicerunt
885 1482 1014 1542 indolem
1024 1484 1149 1557 penitus
1158 1457 1409 1558 perspiciendam

3 1591 7 1648 i
105 1587 244 1660 l'erpilii
264 1601 382 1658 quoque
403 1600 499 1659 opera
521 1583 696 1644 adhibenda
718 1600 780 1642 essc
796 1591 893 1660 patet.
939 1583 1048 1659 Itaque
1068 1590 1227 1660 postquam
1249 1601 1289 1643 eu
1309 1583 1407 1658 capiis

98 1689 173 1746 meis
202 1687 415 1761 prummaticis
441 1687 537 1745 uariis
563 1687 660 1746 modis
694 1685 822 1759 Verpilii
846 1688 976 1761 scripta,
1007 1693 1040 1746 ut
1067 1687 1149 1746 edita
1173 1692 1242 1746 sunt
1264 1703 1284 1744 a
1307 1685 1403 1757 Maia,

98 1791 247 1866 suppleri
263 1805 354 1864 posse
375 1789 447 1860 uidi,
473 1787 554 1848 bunc
576 1805 694 1863 quoque
714 1787 848 1848 laborem
868 1787 953 1848 subii.
994 1788 1057 1859 Ouo
1075 1787 1239 1860 tactonou
1253 1789 1320 1848 sine
1333 1803 1404 1862 quo-

101 1893 175 1950 dam
199 1891 318 1965 paedia
341 1891 415 1964 uidi,
439 1891 597 1964 nonnulla,
623 1892 753 1964 quaein
778 1889 859 1949 Maii
871 1891 1001 1950 editione
1022 1891 1122 1965 inepte
1143 1891 1282 1965 expositu
1304 1895 1402 1958 eraut,

100 1999 131 2054 iu
154 1997 235 2054 meis
256 1994 411 2068 inemptis
432 1993 476 2052 ad
495 1993 628 2052 sanioris
654 1992 762 2052 iudicii
788 2008 925 2052 normam
952 1992 1080 2051 reducta
1107 2009 1179 2052 csse.
1225 1993 1349 2066 ltaque,
1373 1997 1406 2049 ut

102 2099 160 2156 boc
176 2099 279 2170 ipsum
294 2095 371 2168 arsid
391 2096 508 2154 ualeret
529 2095 573 2154 ad
587 2093 796 2168 purpandum
821 2095 849 2152 si
862 2094 896 2153 id
906 2095 978 2166 fieri
992 2101 1104 2170 potest,
1127 2095 1284 2167 bominem,
1302 2094 1405 2152 melius

99 2199 242 2270 intellepi
260 2203 374 2272 posset,
406 2196 487 2256 Maii
511 2195 650 2256 editionis
678 2196 916 2270 discrepantiam
943 2197 1115 2270 scripturae
1141 2203 1286 2256 accurate
1311 2197 1405 2254 ascri-

101 2301 239 2360 bendam
263 2301 381 2358 curaui.
427 2297 490 2356 Sed
510 2299 601 2358 inulto
616 2298 715 2358 maiar
729 2314 832 2358 amum
847 2315 926 2372 quae
941 2300 1082 2373 excerpsi
1096 2315 1175 2374 pars
1190 2301 1275 2374 apud
1290 2297 1405 2357 Maium

101 2387 231 2462 ornnino
255 2417 314 2461 non
336 2400 473 2473 extabat,
498 2415 576 2474 quae
597 2400 716 2474 quidem
738 2400 886 2460 eiusmodi
905 2399 1056 2473 suntsere
1071 2403 1181 2474 omnia,
1206 2408 1238 2461 ut
1252 2402 1406 2473 collepisse

100 2523 149 2564 me
173 2521 239 2564 nou
262 2503 352 2562 modo
374 2519 433 2561 non
454 2503 624 2577 paeniteat,
649 2503 702 2560 sed
725 2503 925 2562 delectatione
939 2503 1072 2576 quadam
1087 2504 1201 2564 inbuat.
1241 2503 1319 2562 Nam
1334 2503 1405 2562 buic

1 2583 2 2598 ἵ
100 2623 228 2681 quoque
244 2622 338 2681 pomo
360 2605 503 2664 bonorem
525 2604 657 2664 babilam
686 2605 730 2664 iri
754 2601 924 2678 aliquanda
952 2621 971 2662 a
999 2607 1076 2665 uiris
1102 2607 1198 2665 doctis
1224 2607 1315 2666 medii
1335 2605 1408 2664 aeui

1 2711 2 2720 ’
99 2711 276 2768 studiorum
299 2709 443 2784 mysteria
465 2707 1047 2782 latebrasqueperscrutantibusspero
1070 2715 1159 2782 atque
1179 2707 1307 2780 conlido.

612 3305 908 3386 VIII-X.

102 3490 184 3572 DE
223 3486 555 3570 COMMENTIS
592 3486 1057 3571 EINSIDLENSIBVS
1089 3487 1153 3569 IN
1185 3486 1405 3570 DONATI

135 3623 338 3709 ARTFM
361 3621 632 3705 MINOREM
654 3623 924 3706 MAIOREM
946 3622 1375 3706 BARBARISMVM.

666 3815 832 3823 ——

351 4006 360 4024 ·
691 3979 772 4044 Cae.
797 3978 824 4044 1.

108 4099 169 4162 DE
193 4095 370 4163 REMIGII
394 4095 786 4164 AVTISIODORENSIS
816 4096 1072 4162 COMMENTIS
1100 4096 1146 4160 IN
1175 4095 1404 4165 DONATVM.

195 4239 367 4298 Commenta
391 4235 597 4298 Einsidleusia
620 4239 683 4298 triu
706 4242 736 4300 in
761 4239 874 4298 bonati
894 4246 990 4298 artem
1005 4245 1164 4312 utramque
1185 4245 1276 4314 atque
1296 4238 1404 4298 barba-

108 4346 232 4402 rismum
255 4358 436 4416 auumquam
458 4341 544 4400 baud
563 4357 638 4400 sane
658 4343 753 4400 miella
772 4358 850 4416 prae
871 4359 903 4400 sc
927 4342 1037 4420 serunt
1059 4339 1272 4401 reconditioris
1294 4341 1405 4400 doctri·

110 4461 170 4503 noe
191 4445 330 4518 uestlpiu,
354 4453 464 4515 tamea,
490 4442 740 4518 attemadmodum
762 4459 842 4503 nono
858 4445 906 4502 uel
921 4445 1036 4503 decimo
1047 4442 1119 4515 sere
1132 4444 1253 4502 saecula
1269 4442 1407 4502 Donatus

109 4549 282 4622 explicatus
303 4547 342 4605 sit
363 4553 392 4605 ct
413 4563 492 4620 quac
506 4546 647 4621 patrarit
675 4551 746 4605 titnc
778 4547 1045 4606 commendantibus
1073 4546 1219 4605 sermonis
1246 4550 1276 4603 et
1302 4543 1409 4604 Latini

113 4657 142 4708 et
171 4649 283 4708 Graeci
308 4651 430 4722 notitia,
460 4647 629 4707 luculenter
660 4647 868 4707 demonstrare
891 4654 1027 4722 possunt.
1076 4631 1162 4717 Orrod
1186 4647 1409 4708 commentandi

116 4765 211 4824 potres
239 4757 271 4810 ut
299 4757 342 4809 est
370 4754 443 4810 satis
471 4751 551 4810 erile
578 4756 669 4824 atque
701 4749 740 4808 ab
773 4751 966 4809 accuratiore
993 4767 1095 4810 rerum
1128 4749 1407 4824 inuestipandarum
