3308 5542
276 407 324 455 1111
698 395 746 446 DE
767 393 886 446 Lienis
905 393 1165 448 BERNENSIBVS.

270 583 456 662 perspectis,
479 599 557 658 quae
578 601 618 644 en
639 581 768 658 reliquis
786 583 931 657 qlossatii
945 582 1090 660 partibus
1105 581 1224 660 passim
1245 581 1331 646 edita
1351 591 1422 644 ciant
1443 601 1463 644 o
1487 579 1563 644 Maio

274 693 303 744 et
329 688 478 747 Keltnero
505 702 642 761 quaeqae
668 683 793 761 ipsein
821 683 927 746 codice
955 684 1143 746 Einst'tllensi
1175 683 1296 755 innati,
1328 692 1455 761 praeter
1483 685 1564 746 Pauli

275 785 399 849 addatis
415 783 473 868 (es.
491 783 571 848 Maii
586 797 666 851 auct.
691 787 758 847 Vat.
780 787 827 845 VI
841 805 873 863 p.
892 793 948 846 598
970 795 999 848 et
1019 785 1109 861 infra
1126 787 1234 864 praes.
1251 787 1294 848 II
1301 805 1372 864 cop.
1390 785 1438 866 12)
1456 787 1565 848 Phocoe

276 883 310 968 (l.
327 891 347 948 l.
368 906 401 964 p.
418 889 494 970 599),
518 887 665 950 librorum
687 886 807 950 Artt'ttm
830 890 871 961 (l.
886 891 907 948 l.
921 906 954 966 p.
971 885 1045 968 576)
1070 888 1207 950 ananus
1230 887 1298 968 (1.1.
1315 905 1350 966 p.
1368 891 1435 967 589)
1458 887 1564 964 aliquot

273 992 356 1051 iocos
385 1008 445 1051 non
473 992 566 1052 cretio
594 989 667 1051 aliis
694 1008 732 1051 ac
759 1007 855 1065 supra
882 987 1061 1052 enumeravi
1084 989 1223 1063 sontibus
1248 988 1460 1066 qrammaticis
1480 997 1566 1050 totum

274 1089 383 1152 librum
411 1091 576 1168 irriqatum
600 1091 709 1166 fuisse.
761 1091 819 1152 His
847 1093 947 1153 addas
976 1091 1065 1168 qnasi
1093 1091 1314 1168 qrammatica,
1344 1089 1372 1152 st'
1397 1095 1511 1168 placet,
1540 1099 1566 1150 et

269 1189 430 1270 ¹Ciceronis
465 1212 632 1273 synonyma
664 1203 693 1256 et
728 1192 845 1255 scholia
880 1193 1048 1256 maximam
1081 1201 1200 1270 portem
1236 1192 1432 1270 Verqiliana,
1465 1191 1567 1268 quibas

273 1294 407 1356 collectis
428 1295 590 1374 deperdita
612 1303 874 1358 commentatorum
903 1293 1035 1372 Verqilii
1057 1305 1188 1358 ueterum
1216 1294 1336 1374 scripta
1363 1294 1469 1370 aliqua
1490 1303 1569 1356 certa

273 1413 314 1458 ee
337 1405 432 1472 parte
452 1397 600 1476 reparari
621 1415 712 1474 posse
733 1405 805 1458 ante
826 1406 887 1458 tres
908 1399 962 1459 lios
984 1415 1080 1460 annos
1100 1399 1193 1460 schol.
1218 1399 1310 1458 Bern.
1331 1398 1437 1474 praef.
1457 1416 1491 1473 p.
1515 1403 1568 1455 733

272 1496 460 1573 siqnificaai.
497 1501 560 1562 Sed
580 1503 618 1560 rie
639 1499 687 1562 itis
708 1499 770 1562 alio
784 1509 813 1561 et
828 1504 894 1562 loco
915 1507 945 1560 et
965 1507 1101 1576 tempore
1123 1517 1255 1576 aqemus.

804 1721 1041 1732 u———n——n

534 1924 573 2026 5)
602 1929 718 2002 codd.
744 1932 889 2002 Bernn.
917 1927 986 2000 41⁷
1014 1932 1055 2000 at
1080 1929 1117 2000 A
1151 1928 1220 2015 92,
1248 1926 1311 1999 34.

358 2097 404 2156 Ile
428 2098 536 2157 litteris
563 2105 713 2159 tractatus
741 2099 815 2158 duos
835 2115 934 2176 supra
961 2097 1125 2165 eutolmio,
1154 2112 1249 2156 unum
1277 2095 1363 2154 Petri
1380 2094 1574 2167 qrammatici

275 2198 390 2257 codicis
412 2204 484 2266 522,
508 2200 638 2260 alterum
661 2202 738 2260 artt's
759 2215 929 2276 anonymae
950 2199 1115 2260 tianensis
1135 2198 1249 2259 codicis
1273 2203 1339 2269 207,
1370 2211 1461 2270 quam
1488 2194 1575 2255 laud

272 2316 333 2358 ano
354 2302 474 2360 nomine
495 2301 582 2361 Petri
601 2303 678 2362 artis
699 2303 860 2378 imaqinem
882 2300 1003 2374 referre
1024 2302 1164 2362 uidimus.
1201 2299 1264 2359 Sed
1282 2304 1397 2357 restam
1417 2297 1449 2356 in
1469 2295 1574 2356 billio-

272 2401 360 2461 tucca
383 2403 536 2462 Beraensr'
562 2403 623 2463 duo
645 2405 790 2478 opusculo
818 2404 948 2464 eisadem
976 2405 1160 2476 arqumenti,
1191 2417 1271 2477 quae
1291 2400 1327 2459 ob
1349 2400 1383 2460 itl
1401 2400 1575 2474 praeterire

272 2503 424 2572 dubitaui,
454 2507 541 2578 qaia,
564 2511 728 2580 postquam
756 2521 861 2566 aarum
883 2521 986 2566 rerum
1010 2508 1120 2566 mentio
1142 2506 1254 2564 iniecta
1276 2508 1336 2576 est,
1369 2517 1576 2576 quaecamque

272 2605 375 2664 eodem
393 2609 549 2681 pertinere
571 2607 721 2676 uidentur,
750 2609 780 2666 in
804 2623 896 2668 unum
918 2623 1027 2681 capere
1048 2607 1234 2666 utilissimum
1255 2620 1319 2664 esse
1341 2603 1484 2663 arbitror.
1499 2598 1528 2680 *)

357 2707 466 2767 Priore
494 2709 560 2767 loco
586 2711 864 2772 commemorandus
891 2717 935 2770 est
960 2709 1027 2769 eod.
1051 2712 1143 2768 Berm.
1170 2713 1227 2764 417
1248 2723 1330 2768 saec.
1355 2704 1417 2774 IX,
1445 2719 1486 2764 ex
1509 2719 1576 2778 quo

165 2882 171 2893 ι
273 2809 430 2883 alphabeti
463 2809 568 2869 Latini
608 2811 879 2887 interpretamenta
922 2813 1150 2884 litterarumque
1189 2808 1394 2882 formationes
1436 2806 1577 2865 dianeos

266 2927 302 2985 p.
328 2916 385 2967 :tot
406 2929 428 2969 s.
453 2918 482 2970 et
505 2919 562 2970 307
584 2929 608 2972 s.
631 2914 718 2974 edidi
739 2911 792 2993 (es.
812 2911 918 2990 praes.
942 2912 982 2972 II
1000 2927 1068 2988 cap.
1095 2909 1159 2990 13).·

357 3029 379 3088 t.
404 3025 481 3090 104·
506 3036 638 3112 rescipit
665 3037 843 3111 expositio
872 3017 914 3087 oe
940 3019 1072 3088 iuuenis
1094 3013 1276 3108 quomodo
1297 3031 1577 3085 nominantur

274 3117 332 3186 uei
360 3119 470 3230 quate
497 3137 645 3190 sorsum
674 3119 846 3191 basenens
874 3141 980 3216 turea
1008 3140 1062 3191 se.

357 3254 502 3323 Quaeritur
523 3256 594 3312 enim
615 3257 677 3329 quis
699 3257 803 3331 primus
826 3254 931 3312 litteras
947 3255 1130 3312 Hebraeorum
1147 3249 1332 3330 Gr(a)ecorum
1348 3252 1504 3309 Latinorum
1529 3251 1577 3307 uel

273 3346 424 3394 ceterarum
447 3341 568 3412 gentium
591 3340 741 3398 adiuuerit.
786 3340 909 3398 Tradunt
931 3341 1090 3415 quidam,
1113 3339 1186 3413 quod
1202 3340 1322 3412 spirante
1337 3338 1449 3394 Domino
1466 3336 1578 3409 Moyses

272 3422 377 3479 litteras
393 3424 533 3481 adiuuerit
548 3425 619 3497 (eod.
635 3425 756 3498 aduenit)
772 3425 966 3482 Hebraeorum.
1004 3424 1037 3482 Et
1051 3423 1111 3480 aiii
1127 3423 1220 3480 dicunt
1235 3423 1305 3497 apud
1323 3420 1483 3495 Hebr(a)eos
1499 3422 1580 3494 quod

272 3507 352 3564 Cham
378 3508 506 3582 primitus
528 3527 572 3567 eas
596 3512 702 3568 inuenit
724 3521 752 3568 et
773 3519 869 3586 postea
893 3507 1027 3585 tradit(a)e
1048 3517 1112 3566 sunt
1135 3509 1229 3580 Moysi.
1275 3507 1366 3564 dlauet
1389 3506 1580 3581 quosdam,

272 3595 295 3650 si
318 3593 431 3651 luerunt
454 3594 584 3668 littorium
612 3605 674 3654 ante
700 3595 837 3652 diluuium
863 3613 897 3652 an
919 3612 974 3652 non
997 3597 1023 3650 in
1047 3596 1158 3669 propria
1185 3592 1295 3667 lingua,
1323 3595 1387 3667 quia
1410 3591 1496 3647 diuisa
1519 3607 1581 3646 non

274 3687 342 3736 erat.
392 3679 425 3734 Et
453 3682 494 3737 sic
522 3681 675 3752 eredimus,
704 3681 777 3754 quod
805 3686 832 3738 tn
860 3684 919 3755 ipsa
948 3681 1056 3754 lingua,
1084 3696 1166 3754 quam
1193 3679 1275 3734 adam
1304 3680 1429 3752 primitus
1457 3679 1581 3749 accepit,

274 3761 391 3818 inissent
418 3772 446 3820 et
475 3766 501 3820 in
530 3767 589 3839 ipsa
617 3766 710 3840 lingua
738 3768 811 3822 iuxta
834 3765 1002 3823 isidorum
1026 3765 1097 3837 (eod.
1121 3763 1245 3834 isodoro)
1271 3763 1407 3820 credimus
1434 3761 1461 3815 in
1491 3759 1582 3816 donin

274 3847 344 3903 Eher
372 3852 543 3906 remansisse.
588 3849 616 3906 Si
641 3851 747 3908 litterae
769 3859 831 3907 ante
854 3851 987 3908 diluuium
1010 3849 1133 3914 luerunt,
1164 3849 1301 3922 quomodo
1325 3849 1350 3903 ia
1374 3845 1454 3903 undis
1477 3843 1584 3901 diluuii

274 3932 453 4007 reseruat(a)e
474 3943 539 3990 sunt
561 3945 607 3992 aut
629 3935 718 4010 qualis
738 3938 887 3993 auctoritas
910 3935 989 3993 nobis
1012 3935 1197 4007 demonstrat,
1225 3933 1300 4006 quod
1322 3931 1407 3990 luisse
1428 3929 1584 3987 eredimus.

275 4017 349 4076 Licet
372 4029 398 4076 et
421 4021 454 4076 in
477 4021 660 4078 chronicis
684 4021 786 4096 aliquid
809 4021 903 4078 exinde
922 4021 1033 4094 legitur,
1056 4019 1104 4076 sed
1120 4029 1208 4075 umen
1223 4018 1299 4074 losa
1306 4017 1362 4092 phi
1378 4008 1587 4090 (aad'insepit)

275 4105 390 4162 historia
419 4105 497 4162 nobis
525 4108 710 4181 poletrum,
739 4107 814 4180 quod
835 4108 863 4162 in
885 4105 990 4162 duabus
1014 4103 1149 4178 columnis
1172 4120 1204 4160 ex
1226 4102 1315 4177 lapide
1336 4110 1365 4158 et
1387 4099 1472 4158 latere
1495 4100 1586 4156 lactis

275 4189 363 4246 studia
394 4206 442 4248 sun
468 4195 709 4266 conscripserunt,
738 4208 772 4247 ne
799 4191 973 4248 desereretur
994 4189 1067 4264 (eod.
1090 4187 1300 4259 describeretur)
1329 4187 1475 4257 memoria,
1504 4203 1589 4258 quae

276 4276 412 4348 sapienter
441 4275 616 4333 inuenerunt.
664 4277 698 4333 Et
726 4277 765 4334 sic
793 4275 906 4333 dieitur:
941 4275 1002 4332 Sem
1031 4284 1058 4332 et
1086 4274 1178 4332 Enoch
1205 4274 1346 4331 audientes
1374 4289 1389 4328 a
1420 4269 1589 4327 senioribus

276 4361 334 4414 suis
357 4359 401 4416 uei
424 4361 456 4416 ait
480 4361 540 4436 ipso
556 4362 639 4418 Adam
662 4362 695 4418 de
718 4359 760 4434 (de
776 4379 829 4418 nm.
845 4361 918 4432 eod.)
940 4356 1048 4418 duabus
1071 4359 1198 4417 uindictis
1220 4367 1268 4416 aut
1289 4361 1380 4431 ignem
1402 4365 1449 4412 aut
1465 4372 1591 4428 aquarn,

278 4459 357 4499 unani
380 4461 411 4500 ex
433 4447 472 4501 eis
495 4462 556 4502 esse
578 4455 721 4503 uenturam
744 4445 871 4518 (euentus
888 4441 977 4522 cod),
1006 4445 1067 4502 ideo
1097 4444 1138 4501 iris
1160 4445 1265 4500 duabus
1288 4443 1423 4501 columnis
1445 4448 1590 4498 constru-

277 4538 382 4585 xerunt.
428 4529 506 4604 Apud
533 4526 673 4607 Griaiecos
695 4531 823 4588 Cathmus
850 4532 955 4587 inuenit
981 4532 1103 4600 litteras,
1135 4530 1182 4605 qui
1210 4531 1337 4603 regnauit
1358 4521 1369 4605 ΙΙ
1386 4526 1404 4582 i.
1423 4517 1496 4584 loti
1514 4519 1528 4602 ΙΙ
1554 4527 1591 4582 in

278 4612 403 4671 Thebeis.
442 4614 525 4748 gpnd
552 4615 664 4674 Latinos
692 4617 840 4674 Carmentis
870 4615 951 4673 nimia
973 4615 1125 4673 Nicostrata
1154 4623 1239 4671 mater
1261 4613 1386 4671 Euandri.
1431 4610 1593 4682 Quaat(a)e

348 4862 376 4932 *)
394 4867 498 4916 Accedit
515 4866 619 4930 quintus
638 4869 693 4918 elue
712 4873 812 4935 grueria
832 4879 954 4921 tractatus
974 4869 1049 4917 liuius
1069 4867 1124 4916 iibri
1144 4883 1169 4932 p.
1188 4869 1251 4926 221,
1272 4867 1303 4917 19
1322 4881 1375 4929 seq.
1394 4866 1486 4917 editas.
