3378 5604
284 329 345 393 160
744 330 857 382 surm
875 328 1107 382 dementer

282 523 311 578 et
339 536 395 598 per
422 519 608 580 incrementa
637 535 729 596 usque
757 516 792 579 ad
820 519 983 596 perfectam
1011 525 1138 580 aetatem
1167 519 1287 580 crescit.
1332 517 1382 580 Sic
1411 526 1442 579 et
1469 518 1605 589 littera,

281 638 357 700 quae
391 637 445 698 per
478 617 606 699 syllabas
639 627 669 681 et
696 627 797 699 partes
827 621 970 681 orationis
996 638 1090 700 usquc
1117 619 1154 680 ad
1182 621 1328 697 integram
1356 628 1387 681 et
1413 622 1605 700 perlectam

281 721 445 782 orationem
473 738 610 782 crescere
639 721 765 783 uidetur.
811 721 883 782 lude
905 721 1087 799 Virgilius
1109 721 1206 784 blaro
1234 720 1320 782 dixit:
1350 720 1496 784 Littera
1536 735 1606 786 est

283 821 388 883 uelut
422 821 600 902 quaedam
634 821 783 902 legendi
812 823 1010 893 delinitas,
1043 821 1139 884 unde
1168 831 1204 884 et
1232 824 1312 884 eius
1338 825 1603 885 incrementa

282 922 464 984 infantuli
498 942 514 984 e
550 925 680 986 matris
714 932 822 985 utero
857 928 1142 1004 prorumpentis
1175 922 1365 986 aetatibus
1398 927 1632 1006 acccipe-s

281 1032 428 1086 rantur:
453 1034 489 1086 ut
512 1027 608 1086 enim
637 1026 763 1087 iulans
790 1025 944 1092 dicitur.
974 1027 1034 1106 qui
1056 1023 1158 1104 loqui
1182 1027 1303 1087 nescit
1325 1035 1362 1087 et
1384 1027 1604 1104 paruulus,

282 1126 343 1208 qui
366 1145 482 1206 parua
505 1143 697 1204 gressuum
721 1127 909 1190 molimina
932 1129 1070 1189 nititur
1093 1126 1406 1208 habereetpucr.
1430 1129 1603 1204 quando

283 1226 472 1306 pubescit,
501 1226 723 1290 adolescens
750 1238 886 1300 autem,
918 1247 997 1291 cnm
1026 1231 1261 1308 proceritate
1289 1229 1466 1309 corporis
1493 1229 1603 1289 ado-

283 1329 408 1401 lescit,
445 1330 599 1392 iuuenis
636 1348 740 1400 uero,
777 1349 855 1392 cum
892 1331 928 1392 iu
964 1333 1165 1392 iuuentute
1203 1329 1359 1399 adultat.
1398 1332 1601 1410 coniugio

282 1433 395 1494 armis
416 1433 633 1512 ceterisque
656 1431 888 1495 liberalibus
910 1431 1049 1494 studiis
1071 1433 1139 1494 lam
1162 1430 1313 1508 diguus,
1344 1439 1379 1492 at
1401 1433 1474 1500 uir.
1499 1449 1600 1492 cum
1618 1457 1643 1494 n

283 1533 442 1594 omniurn
471 1550 645 1594 sensuum
675 1534 998 1612 consiliorumque
1028 1534 1492 1602 nanciscitur'uirtutem,
1533 1535 1598 1594 ita

283 1636 393 1696 etiem
427 1633 555 1696 littera
588 1633 634 1696 ab
661 1635 754 1715 ipsis
782 1653 890 1698 cerae
921 1632 1209 1697 characteribus
1235 1651 1352 1712 nsque
1381 1635 1421 1694 ad
1451 1652 1600 1695 casso·

282 1754 358 1798 rum
384 1737 696 1815 compositionem
720 1735 831 1799 lrosce
854 1736 1009 1798 ordines
1030 1736 1209 1806 directat‚
1238 1736 1425 1815 siqnidem
1455 1736 1599 1796 inians

282 1836 510 1917 appellatur.
541 1855 619 1899 cum
647 1846 763 1899 artem
792 1855 862 1899 uon
892 1847 1015 1908 sonat,
1044 1836 1198 1918 paruula
1228 1856 1334 1909 uero,
1363 1855 1442 1898 cum
1465 1835 1599 1917 sylla·

283 1937 409 2000 berum
446 1937 593 2018 glutine
629 1936 810 2018 paulatim
847 1939 1020 2018 graditur
1053 1947 1088 2002 et
1121 1939 1293 2018 pucruia,
1331 1957 1410 2000 cum
1445 1937 1640 2018 pedumss

282 2041 470 2102 mensuris
514 2043 667 2110 crescit,
710 2039 1015 2110 adolescentula,
1059 2059 1138 2103 curn
1175 2043 1322 2121 poetica
1360 2047 1477 2101 metra
1516 2059 1599 2121 per

282 2161 459 2204 uersuum
483 2141 694 2204 carminula
716 2142 864 2212 suillat,
882 2150 917 2203 at
938 2141 1159 2212 iuuencum,
1176 2161 1254 2204 cum
1277 2161 1427 2204 casuum
1452 2141 1597 2203 uerbo·

282 2263 436 2325 rumque
459 2243 637 2325 quandam
660 2242 966 2324 intellegentiam
990 2253 1179 2324 capescat,
1204 2247 1330 2324 uirgo,
1354 2263 1433 2306 cum
1457 2263 1596 2306 casso-

282 2364 376 2415 rum.
398 2353 436 2407 ut
458 2344 551 2415 dixi,
575 2345 892 2425 compositionem
914 2343 1137 2425 plenissime
1159 2346 1302 2408 doceat

351 2513 400 2564 DE
422 2513 554 2566 umbus
572 2513 746 2566 utrumne
766 2513 899 2577 QVIBVS
919 2513 1085 2566 CONSTAT
1103 2515 1265 2566 LITTERA
1282 2513 1388 2566 stcv'r
1406 2514 1455 2565 ΕΤ
1473 2514 1593 2568 HOMO
1607 2523 1633 2562 m

282 2615 415 2667 TRIBVS
434 2613 672 2668 svsssusurus
692 2615 891 2668 CONSISTIT.

366 2751 418 2812 Est
433 2753 525 2832 igitur
543 2771 614 2815 uera
638 2751 798 2814 similitudo
821 2751 940 2813 litterae
961 2753 991 2813 in
1015 2751 1149 2822 bomine:
1173 2753 1352 2814 sicutenim
1375 2751 1465 2813 bomo
1488 2753 1592 2816 tribus
1686 2739 1687 2789 i

281 2855 425 2923 consistit,
449 2872 577 2936 corpore
601 2861 630 2915 et
652 2857 750 2917 anima
771 2863 859 2932 atque
881 2855 1005 2932 spiritu.
1029 2855 1072 2916 sic
1093 2852 1192 2917 littera
1215 2851 1311 2944 tribus
1332 2861 1464 2925 constat,
1487 2857 1586 2934 ligura

283 2957 404 3017 nomine
427 2965 456 3018 et
478 2963 632 3035 potestate.
669 2953 741 3018 lude
762 2954 945 3034 Virgilius
968 2954 1055 3018 dicit:
1077 2957 1120 3018 Et
1142 2963 1180 3017 ut
1202 2953 1346 3035 aliquid
1369 2957 1587 3018 intimatius
1684 2939 1685 2949 ἵ

283 3060 461 3138 aperiam,
491 3055 622 3120 littera
650 3057 739 3120 mibi
768 3057 923 3119 uidetur
950 3057 1131 3119 humanae
1161 3057 1400 3119 conditionis
1423 3077 1507 3120 esse
1528 3061 1623 3120 si·2s
1682 3105 1683 3111 κ

283 3158 399 3222 milis:
430 3162 530 3222 sicut
558 3161 653 3222 enim
682 3158 788 3221 bomo
815 3157 938 3240 plasto
961 3166 996 3220 et
1018 3157 1155 3220 aillatu
1178 3167 1214 3220 et
1236 3157 1389 3237 quodam
1419 3157 1585 3221 caelesti
1681 3167 1682 3191 ¹

282 3261 367 3340 igne
390 3261 586 3332 consistit,
611 3261 661 3322 ita
683 3241 721 3322 et
741 3259 868 3323 littera
892 3279 957 3323 suo
980 3279 1154 3340 corpore.
1182 3259 1250 3322 hnc
1273 3269 1330 3322 est
1352 3262 1478 3340 ligura
1500 3264 1585 3322 ani·

283 3381 371 3424 mam
410 3361 564 3437 babens,
601 3365 637 3424 in
675 3381 802 3433 sensu,
841 3361 908 3424 lroc
939 3369 994 3424 est
1030 3363 1065 3422 in
1104 3369 1311 3441 potestate:
1348 3363 1583 3443 spiridonem
1678 3383 1679 3433 l

283 3483 371 3526 uero
400 3510 532 3534 ......
571 3464 637 3525 boc
675 3472 731 3525 est
767 3465 801 3524 iu
839 3465 1039 3544 superiore
1076 3463 1403 3544 contemplatione
1440 3463 1584 3526 babere

283 3565 443 3628 uidetur.
1596 3587 1622 3626 ss

351 3851 521 3919 3Virgllins]
543 3855 635 3918 p.130
653 3855 711 3904 Mai
790 3855 853 3903 bae
872 3853 960 3903 matris
1012 3847 1390 3918 aequipercturllcompiratur
1409 3853 1494 3904 Maiae
1568 3855 1583 3904 'l

283 3923 325 3986 (μο
345 3936 426 3989 parua
444 3919 496 3987 gillldl
508 3919 670 3988 lplpiclunrina
693 3922 781 3972 nititur·
803 3921 895 3970 imbere
910 3917 923 3979 ΙΙ
938 3936 995 3970 cum
1019 3935 1099 3987 parua
1122 3935 1258 3985 gressuum
1276 3921 1409 3970 molimina
1427 3923 1515 3972 nititur
1534 3923 1583 3970 irn-

284 3992 392 4056 primere
410 3990 496 4041 Maius
564 3992 650 4041 tlcnrn
669 3989 897 4040 irrrrerrtuteMnina
947 3990 1066 4054 coniugis
1084 3989 1162 4038 neniis
1232 3991 1264 4038 10
1281 3988 1425 4038 liberatione
1436 3986 1448 4054 V
1459 3991 1582 4055 coningio

282 4059 437 4108 admiscetur
454 4069 530 4120 atrpue
547 4057 694 4108 liberalibus
713 4057 806 4107 studiis
824 4057 873 4106 inm
892 4057 988 4122 diguus
1007 4055 1035 4106 llt
1051 4057 1139 4108 Malus
1206 4056 1239 4105 ad
1259 4058 1298 4105 nir
1366 4059 1396 4106 ll
1416 4058 1583 4108 manciscinn·

284 4123 529 4193 uirtutessnirrutem
549 4127 702 4176 uariciscitur
720 4125 806 4176 Maius
904 4127 934 4174 12
952 4139 1008 4174 cere
1025 4125 1196 4174 cnrecteribns
1263 4123 1298 4174 nd
1315 4139 1432 4176 casurum
1450 4129 1583 4190 composi-

282 4191 418 4260 tionelled
437 4208 592 4258 quasscrnm
610 4195 823 4259 compositionem
842 4191 929 4244 Mcina
979 4195 1012 4244 13
1030 4191 1130 4256 hosque
1148 4191 1245 4242 ordinis
1261 4195 1265 4254 Ι
1281 4191 1360 4243 hosce
1378 4193 1481 4242 ordines
1493 4193 1583 4244 Maius

317 4261 402 4312 inians
420 4261 564 4328 appelletur
581 4277 637 4311 cnm
657 4262 739 4328 signis
762 4261 896 4310 dummxnt
917 4259 1098 4310 clmracsnndis
1117 4274 1250 4324 percarus
1269 4261 1407 4326 gemmulis
1425 4261 1522 4311 eisdem
1544 4265 1583 4312 in·

282 4331 353 4396 diget
370 4330 457 4380 Maius
526 4331 558 4380 14
575 4330 683 4395 paruolo
702 4325 837 4396 uelssuero
857 4328 967 4380 Maius.
1017 4332 1048 4380 15
1067 4324 1361 4394 glutirrneflcunglutine
1379 4329 1464 4380 Maias
1518 4346 1581 4396 pue

283 4400 337 4449 ruln
356 4415 412 4461 orm,
431 4398 491 4448 cdd.
510 4396 597 4448 Maius
664 4397 697 4449 16
714 4411 773 4446 cnm
791 4397 890 4464 poetica
908 4409 987 4446 metra
1005 4395 1090 4447 Mutua
1102 4391 1114 4464 ΙΙ
1126 4411 1173 4462 per
1190 4410 1273 4461 pnucn
1290 4407 1370 4446 metra
1444 4398 1475 4446 l'i
1493 4397 1583 4448 scillei

283 4468 370 4518 Mutua
421 4465 588 4516 adiuuencula
658 4467 689 4516 18
707 4465 835 4528 quoddam
847 4458 1000 4531 llqtrandam
1019 4464 1106 4515 Maius
1155 4463 1385 4531 capiesca'tMniur
1434 4471 1581 4530 casonrmil

282 4549 436 4598 qnnssorum
455 4534 542 4585 Maius
629 4535 660 4584 10
678 4533 798 4599 perdocet
815 4532 902 4583 Maius
969 4533 1003 4582 24
1020 4527 1157 4598 Virgilius]
1176 4549 1202 4597 p.
1222 4534 1275 4582 130
1292 4532 1348 4583 Mar
1416 4533 1449 4582 25
1467 4536 1581 4598 uperiem

282 4604 316 4654 ac
334 4615 358 4654 et
375 4601 463 4652 alliam
476 4600 488 4669 ΙΙ
500 4599 526 4652 e't
542 4601 602 4652 aliie
620 4602 709 4652 Moira
775 4602 809 4652 21
827 4602 861 4650 im
880 4611 905 4650 et
922 4600 1004 4650 littere
1022 4599 1071 4651 lroc
1089 4611 1128 4651 est
1145 4615 1193 4650 sno
1211 4613 1320 4666 corpore
1338 4599 1420 4664 ligura
1431 4599 1444 4666 ΙΙ
1455 4615 1504 4650 srrc
1523 4617 1581 4652 cor-

282 4685 346 4738 pore
363 4670 412 4721 lroc
430 4683 469 4720 est
487 4671 569 4736 llgurn
586 4679 640 4720 arte
657 4685 687 4720 ac
704 4669 815 4720 dictione
834 4669 903 4718 rrelut
919 4668 1037 4731 quisdam
1056 4668 1294 4734 compaginibus..
1309 4705 1315 4716 .
1329 4679 1409 4720 ,urrtn
1427 4678 1467 4718 est
1478 4669 1581 4720 Maius:

282 4747 370 4790 ceterc
387 4740 459 4804 opud
476 4740 572 4790 Maium
590 4739 690 4789 derunt.
770 4739 804 4788 28
822 4738 891 4788 Ante
910 4737 969 4787 ‘boc
986 4740 1037 4786 eat’
1055 4739 1174 4788 umnelin
1191 4737 1320 4788 eacidr'aae
1338 4737 1465 4787 uideatur.
1502 4739 1580 4805 spin'·

283 4803 391 4872 donem]
411 4807 488 4858 Hane
505 4821 592 4858 uocem
608 4807 665 4872 ipae
686 4806 809 4871 Virgilius
822 4807 909 4870 finxit,
928 4805 963 4868 rs.
979 4821 1007 4870 p.
1027 4807 1085 4870 100,
1105 4808 1122 4856 3
1141 4805 1205 4856 Mat.
