3308 5542
606 395 689 446 001).
711 391 815 450 BERN.
836 397 894 446 123.
1298 407 1395 456 XXXV

67 581 96 642 ir.
118 583 272 642 Veterum
299 586 410 644 scilicet
431 588 578 644 actionum.
622 580 689 644 nti.
711 583 780 654 Quid
804 586 1021 644 consuetudine?
1051 581 1083 644 it.
1101 585 1242 660 Eorumq;
1266 583 1292 642 iu
1309 585 1398 644 rnedio

1 677 2 698 ³
68 671 206 746 loquendi
234 688 300 728 usu
324 671 425 748 placita
447 672 644 747 adsumptaque
665 681 739 730 sunt.

151 788 199 848 Et
222 787 257 862 s.
288 785 346 847 10'
363 795 437 864 post
458 794 622 850 tractatum
645 789 683 850 de
704 805 794 850 uoce:

1 979 2 984 Ν
151 911 202 968 ne
230 892 395 968 orrrinir.
437 891 503 968 uti.
527 909 656 967 diffinitio
680 910 826 985 quidest?
869 891 900 968 i.
923 909 1014 968 Oratio
1044 927 1113 984 quaa
1141 911 1166 968 aa
1195 909 1228 967 oe
1251 927 1306 985 quo
1331 927 1398 986 quo-

71 997 140 1052 n'tur
165 1004 282 1070 aperte
317 996 475 1071 disseripbit
497 1004 525 1052 et
546 997 709 1053 determinat
732 1002 849 1070 utputa
876 995 962 1054 ueluti
984 997 1009 1052 si
1032 1012 1147 1070 quaeras
1170 1013 1184 1052 a
1208 1011 1249 1052 me
1273 995 1339 1070 quid
1362 996 1398 1050 sit

74 1082 167 1138 liomo.
202 1081 396 1156 respondebo
419 1081 517 1138 animal
539 1079 655 1138 mortale
678 1079 811 1138 rationale
833 1081 891 1138 risu
914 1072 1043 1156 capan.*)

156 1181 238 1241 Iam
259 1196 489 1257 permaneus
509 1185 623 1242 cerno.

156 1279 172 1364 Η
192 1285 218 1342 l.
239 1277 313 1343 35b
330 1279 343 1363 11
374 1284 512 1342 Sententia
540 1284 605 1360 quid
633 1284 693 1340 esti
736 1285 822 1342 bictio
855 1283 991 1360 generalis
1018 1284 1051 1340 ad
1079 1285 1152 1342 uitae
1181 1284 1394 1342 emendationem

71 1369 207 1441 laemed)
236 1371 268 1426 in
294 1386 441 1428 commune
464 1371 602 1445 pertinens
625 1367 699 1442 (es).
744 1368 778 1425 lla
801 1370 962 1445 exemplum.
1000 1369 1049 1426 ‘lie
1073 1369 1137 1444 quld
1160 1369 1261 1428 nimis’
1302 1370 1397 1426 ilacte·

71 1473 120 1512 nos
149 1471 253 1530 pauca
286 1471 361 1528 quae
391 1457 554 1529 gramaticae
582 1456 672 1512 uicina
699 1463 777 1511 erant
800 1454 890 1528 (erat),
919 1455 1070 1530 tetigimus.
1115 1455 1192 1514 llario
1219 1455 1251 1512 de
1275 1456 1398 1512 oratione

72 1545 194 1616 unque
221 1539 360 1615 partibus
382 1539 472 1614 aliqua
495 1548 651 1598 tractemus.
695 1538 787 1596 Oratio
809 1539 951 1615 quidest?
985 1538 1080 1596 Sermo
1104 1546 1248 1598 contentus
1271 1540 1304 1596 ad
1327 1538 1395 1596 clau·

73 1627 159 1683 eniam
188 1625 333 1682 tendens.
375 1623 448 1682 Vnde
470 1625 586 1682 dicitur?
616 1625 710 1681 Oratio
729 1625 800 1682 dicta
823 1634 866 1681 est
888 1625 966 1700 quasi
990 1625 1047 1682 oris
1070 1627 1140 1683 ratio
1162 1625 1220 1700 (qni
1243 1627 1265 1681 si
1290 1623 1399 1697 oratio).

72 1709 206 1768 euasura
236 1709 398 1784 quidest?
441 1708 601 1785 conpositio
628 1709 775 1767 uerborum
804 1725 874 1766 sono
903 1708 1040 1786 plausibili
1067 1718 1205 1767 structura
1234 1708 1418 1785 (plausibilis.

72 1814 102 1852 sn
117 1795 274 1867 truanes)
302 1803 331 1851 et
353 1795 428 1852 exitu
450 1793 490 1868 (et
512 1793 577 1867 om.)
600 1796 754 1853 terminata.

161 1963 175 2045 lp
196 1965 221 2023 l.
241 1965 311 2024 37·
328 1958 342 2044 Η
370 1963 443 2032 Quae
471 1974 536 2023 sunt
557 1965 682 2022 numeri?
726 1963 800 2034 Quae
823 1963 1042 2040 singularitatem
1065 1964 1110 2022 uel
1133 1964 1234 2023 linitam
1257 1963 1398 2042 pluralita-

76 2063 128 2108 tem
154 2049 346 2127 (pluralitate
370 2046 406 2123 te)
430 2049 626 2108 demonstrant.
672 2049 763 2108 Solida
785 2049 925 2126 exemplis.
970 2050 1044 2107 Vnus
1066 2050 1159 2107 decenn
1181 2059 1291 2108 centum
1313 2049 1396 2108 mille.

75 2138 149 2204 Quae
175 2143 252 2193 mant
278 2134 405 2192 ordinis?
449 2134 522 2203 Quae
544 2138 643 2192 seriem
666 2133 763 2210 (scrip)
787 2135 995 2193 consistentium
1018 2152 1110 2192 reruni
1134 2136 1399 2210 dispositionemque

76 2223 236 2279 declarant.
286 2219 397 2276 Robora
425 2220 562 2295 exemplis.
612 2221 719 2277 Primus
752 2220 873 2278 decimus
906 2221 1072 2278 centesimus
1104 2220 1275 2278 millesimus.
1326 2221 1400 2277 luter

75 2310 192 2364 norrun
228 2307 343 2361 numeri
366 2313 394 2360 et
416 2305 519 2362 ordinis
547 2305 613 2380 qnid
635 2305 726 2362 diliert
749 2300 824 2380 (quia
846 2304 962 2376 delertl'l
1006 2303 1073 2374 Quia
1097 2305 1123 2360 in
1147 2322 1260 2364 numero
1284 2316 1327 2364 est
1350 2303 1397 2380 (et)

1 2413 2 2428 ι
76 2391 266 2449 emeeruatio
299 2389 449 2446 multorum
479 2392 505 2446 in
534 2407 633 2462 unum,
663 2390 767 2447 ordinis
795 2405 862 2448 uero
890 2391 1031 2466 proprium
1061 2399 1103 2446 est
1132 2391 1234 2466 eligere
1263 2407 1345 2448 unurn
1369 2407 1400 2446 en

75 2478 227 2550 plurimis.
259 2473 407 2542 Quomodo
423 2475 460 2531 sit
474 2476 537 2548 hoc,
550 2476 673 2533 ostende.
703 2475 768 2532 Nam
780 2475 889 2550 quando
901 2475 962 2532 dico
975 2483 1095 2547 centum,
1108 2491 1203 2532 omnes
1217 2477 1322 2550 pariter
1337 2492 1403 2552 con7

77 2561 243 2636 prebendo,
260 2560 373 2636 mando
389 2576 456 2617 uero
472 2561 531 2618 dico
548 2562 729 2634 centesimus,
745 2577 828 2618 unuin
846 2569 950 2618 tanturn
966 2560 998 2618 de
1016 2569 1089 2617 tanta
1105 2561 1237 2618 societate
1253 2559 1399 2618 nominaui.

166 2730 326 2800 Quomodo
349 2733 488 2806 praecepit
509 2730 675 2804 bonatus,
698 2748 732 2788 ne
754 2747 784 2788 ea
801 2731 908 2788 nomina
932 2747 1137 2806 conponantur,
1161 2748 1232 2806 quae
1254 2733 1398 2807 conposita

78 2829 161 2888 sint,
186 2834 257 2874 cum
282 2815 347 2872 alibi
370 2817 442 2872 dicat
464 2819 582 2890 conponi
605 2832 687 2890 posse
710 2834 742 2872 er
765 2815 952 2889 compluribus
976 2815 1027 2888 (cf.
1046 2815 1289 2890 p.377‚13.8)i
1326 2813 1399 2884 Quo·

78 2905 154 2960 emm
178 2903 219 2958 ad
243 2918 358 2960 ausum
381 2903 516 2976 respicere
538 2901 684 2974 debemus,
713 2909 741 2957 et
762 2903 785 2958 si
807 2902 893 2976 prima
915 2902 1071 2975 conpositio
1093 2900 1318 2976 significationem
1342 2917 1397 2958 non

79 2989 227 3060 mutauit,
256 2989 358 3044 iterum
381 2988 500 3062 conponi
523 2995 628 3062 potest;
658 2988 681 3044 si
704 3003 770 3043 uero
798 3002 857 3043 earn
881 2983 1096 3061 (commutauit,
1125 3002 1179 3042 non
1210 2994 1310 3060 potest.
1355 2986 1399 3042 liic

80 3073 226 3148 apertius.
264 3071 424 3147 Pugnabilis
446 3080 475 3128 et
496 3072 684 3146 expugnabilis
707 3072 799 3128 eadem
821 3071 986 3146 significatio
1009 3079 1037 3127 et
1059 3069 1119 3128 ideo
1142 3073 1270 3145 componi
1293 3077 1396 3146 potest,

81 3169 113 3213 nt
130 3156 373 3232 inexpugnabilis.
409 3155 535 3214 indoctus
551 3173 629 3226 uero,
653 3159 715 3231 quia
731 3157 848 3213 mutauit
863 3173 989 3227 sensuro,
1013 3157 1139 3233 componi
1157 3155 1273 3212 ulterius
1283 3156 1399 3230 nequid.

172 3235 186 3322 Ι,
209 3243 229 3298 i.
246 3241 308 3300 lo·
325 3239 338 3316 ll
363 3240 496 3308 Quoniam
512 3243 600 3298 iloua
611 3251 666 3298 tus
681 3241 792 3316 regulas
808 3239 1019 3299 declinationum
1035 3241 1067 3296 ab
1082 3239 1202 3298 ablatiuo
1218 3240 1316 3298 dilluse
1331 3257 1397 3297 eon·

82 3331 200 3400 posuit,
228 3344 282 3384 nos
299 3345 314 3384 a
329 3330 460 3400 genetiuo
481 3327 633 3402 conpendio
650 3327 861 3384 declinationum
877 3327 1169 3383 earirnrdenr'ordinem
1191 3341 1396 3400 persequemur.

174 3497 178 3576 l
208 3495 337 3574 [wll
367 3498 474 3554 Tertiae
496 3497 684 3556 declinationis
707 3514 776 3572 quae
799 3456 840 3553 est
862 3498 984 3572 agnitio?
1027 3495 1111 3552 Cuius
1134 3497 1319 3553 inominatiuus
1343 3498 1398 3552 sin·

85 3583 194 3654 gerlanis
227 3583 282 3639 Vlll
312 3583 414 3639 litteris
441 3581 566 3640 frnalibus
595 3584 756 3641 terminatur
784 3577 907 3658 (untur).
951 3581 1072 3650 Quibus?
1117 3579 1342 3638 belnrsnt
1371 3590 1398 3637 et

153 3766 188 3832 Ἴ
208 3767 358 3818 Audacis
377 3775 497 3831 excerpta
514 3781 530 3816 a
548 3763 629 3816 lleilio
648 3766 733 3817 lierni.
753 3765 763 3814 l
781 3781 808 3832 p.
827 3767 877 3818 382
896 3763 995 3832 prolata
1015 3765 1039 3814 in
1059 3763 1116 3814 eod,
1135 3731 1307 3830 Bern.⁸poulo
1326 3762 1399 3815 eliter

86 3841 185 3902 ‚tripu
205 3846 285 3898 suun
308 3849 367 3885 mm
392 3849 444 3898 quo
462 3833 518 3885 loco
536 3835 569 3884 de
586 3839 695 3900 ‘super’
713 3835 906 3900 praepositione
923 3833 1021 3899 agitur,
1045 3831 1107 3882 lineo
1131 3843 1170 3884 est
1192 3833 1247 3882 eius
1273 3833 1396 3882 uarietas:

86 3907 191 3968 pintus
212 3903 348 3954 secundus
365 3926 400 3938 -
417 3901 629 3968 significationem
649 3901 711 3968 (sie)
730 3912 758 3952 ut
775 3913 837 3968 puta
856 3917 934 3968 supro
952 3917 1015 3951 scus
1026 3926 1060 3938 -·
1072 3901 1141 3951 idest
1158 3916 1237 3968 supra
1256 3902 1314 3952 item
1333 3901 1397 3951 socii

85 3975 238 4024 mnimem
258 3987 341 4036 super
359 3984 430 4021 erma
449 3973 475 4021 ln
492 3987 571 4038 morp.
589 3973 674 4036 suppl.
686 3996 721 4007 -
732 3970 850 4020 innectere
867 3970 905 4022 bia
918 3997 948 4006 —
962 3969 1058 4019 scelera
1070 3997 1104 4007 -
1117 3969 1222 4028 sedunt;
1241 3975 1267 4018 et
1284 3971 1310 4020 in
1328 3969 1398 4018 Lirrii

87 4059 149 4092 earn:
171 4043 241 4091 inan
261 4049 326 4090 snut
345 4067 376 4076 -
394 4048 520 4088 structure
538 4065 570 4075 -
587 4039 768 4105 transfigurante
785 4065 818 4074 —
836 4049 913 4104 epaon
933 4039 1070 4088 desistere:
1089 4039 1172 4102 quiuit
1187 4053 1261 4088 runnu
1278 4039 1399 4088 recentes·

85 4115 142 4159 effu
164 4109 307 4174 (Dareus
323 4111 366 4158 oei
384 4106 534 4174 Bouporria)
551 4115 693 4158 correctum
710 4113 757 4158 ert.
794 4105 908 4170 Denique
925 4105 1095 4172 lrngrnentum
1113 4105 1188 4164 illud,
1212 4105 1280 4168 quod
1299 4119 1314 4152 a
1332 4103 1399 4153 ldaio

84 4181 182 4228 aarum
204 4188 245 4228 est
264 4177 353 4243 primo
372 4175 427 4224 loco
440 4183 506 4225 nuci.
519 4175 577 4226 Vat
590 4175 625 4224 Vl
638 4191 664 4242 p.
674 4177 724 4227 589
743 4191 756 4226 e
773 4174 902 4240 glossario
915 4174 1049 4234 Vaticano,
1068 4175 1094 4223 in
1112 4175 1234 4224 Beroensi
1252 4172 1398 4238 glossarum

100 4249 144 4296 bro
164 4263 212 4298 nr.
232 4247 268 4296 1⁶
287 4259 359 4297 saec.
377 4241 415 4292 tx
432 4243 534 4292 duobus
551 4243 615 4293 locis
633 4245 756 4310 scriptum
775 4253 827 4304 ent,
845 4243 893 4293 sub
911 4242 1001 4292 litteris
1019 4243 1043 4292 A
1055 4241 1113 4292 etE
1131 4242 1179 4292 im:
1200 4241 1218 4294 l'.
1233 4243 1280 4290 14·
1299 4240 1348 4294 col,
1362 4240 1396 4290 ll:

84 4323 256 4392 ΑυὸΑςες
288 4327 468 4379 delementum
494 4329 534 4377 esi
555 4327 759 4390 uniuscuiusque
782 4329 818 4378 rei
841 4327 941 4378 initium
964 4343 979 4377 u
1002 4341 1053 4390 quo
1081 4327 1191 4378 sumitur
1216 4327 1398 4376 incrementum

1 4467 2 4478 p
83 4423 161 4467 etin
183 4433 242 4480 qno
264 4411 661 4471 resoluitur3l.13'l¹col.ll:
690 4409 816 4475 uidlllacis
840 4411 999 4461 Elementum
1018 4422 1058 4460 est
1075 4412 1279 4474 uniuscuiusque
1296 4411 1333 4460 rei
1351 4412 1399 4459 ini-

82 4503 142 4536 ussn
169 4503 188 4536 a
213 4499 271 4550 qno
295 4482 410 4532 sumitur
433 4481 616 4532 incrementum
637 4479 721 4597 lllquet
743 4482 769 4530 in
792 4495 842 4544 quo
867 4479 1004 4530 resoluitur
1024 4500 1059 4521 --·
1081 4479 1099 4530 l.
1117 4481 1149 4531 9·
1167 4480 1225 4530 cod.
1245 4479 1320 4529 Bern.
1338 4480 1398 4530 336.

82 4551 177 4604 Mem
199 4552 299 4604 Sanni
318 4549 425 4600 nornine
437 4548 567 4614 adscripto
580 4549 657 4598 habet
692 4547 804 4599 iomedes
818 4564 844 4615 p.
854 4550 915 4608 421,
928 4549 1027 4598 16-19
1037 4547 1068 4598 K.
1091 4547 1219 4598 Particuln
1232 4548 1318 4614 operis
1332 4547 1398 4600 nnul.

81 4621 197 4678 lindola.
209 4639 238 4689 p.
251 4621 308 4672 202
320 4617 393 4668 edite
405 4631 464 4666 cum
482 4615 684 4668 Palaemonis
704 4631 795 4666 nomen
810 4632 871 4683 pree
888 4631 916 4666 se
933 4615 998 4665 leret
1015 4617 1120 4682 (incipit
1132 4616 1194 4665 liber
1206 4615 1349 4682 polemonis
1367 4617 1399 4664 de

82 4705 142 4740 ute:
166 4693 222 4741 Ars
241 4687 312 4752 qnid
332 4687 392 4735 est?
409 4687 485 4734 unius
503 4685 628 4749 cuiusque
646 4686 683 4735 rei
700 4686 807 4735 scientia
819 4711 850 4720 -
865 4684 935 4746 Qutid
953 4683 1178 4750 paratorsgvtat
1197 4699 1264 4748 quae
1280 4682 1398 4733 dilliciles

84 4761 187 4816 ¹eidem
198 4774 244 4810 res
258 4769 317 4806 mon
330 4765 416 4804 tamen
429 4753 489 4802 usui
498 4753 657 4803 necessarias
666 4752 727 4802 lneit
737 4765 764 4803 ut
772 4761 834 4818 pute
844 4752 1230 4803 funambuli=Mnn.Victorlni
1240 4752 1338 4819 pleat
1348 4751 1398 4816 P.)‚

83 4841 128 4874 aon
147 4829 259 4889 dubito,
280 4823 348 4888 quin
366 4821 436 4871 idern
454 4820 496 4871 ille
514 4822 548 4871 sit
564 4837 595 4872 ec
606 4821 769 4873 Palladius
789 4823 813 4870 in
827 4821 885 4871 cod.
900 4819 1039 4872 bernano
1057 4821 1225 4888 inscriptione
1243 4821 1398 4875 nominatus,

81 4895 110 4946 sl.
129 4896 160 4946 il.
185 4895 266 4946 itettu
285 4894 379 4941 adnot.
398 4888 509 4942 Gremnn.
530 4889 584 4940 Lot.
604 4890 626 4940 V
645 4905 670 4956 p.
689 4890 739 4940 627
758 4901 782 4940 et
800 4905 866 4953 quise
884 4888 950 4938 inira
968 4905 994 4954 p.
1013 4887 1128 4938 xxxix
1148 4889 1337 4940 adnoteninrus.

1160 4972 1197 5026 0*
