3316 5566
700 358 826 412 SERGII
843 359 1114 412 Expostrtouus

756 547 803 610 DE
825 547 1056 610 PthNObllNE.

348 649 516 711 Pronumen
545 649 617 730 quid
645 649 705 711 est?
747 650 917 738 Pronumen
951 652 1007 712 bac
1034 653 1148 713 ratione
1176 651 1295 712 uidetur
1323 652 1449 721 dictum,
1482 650 1551 730 qnod

264 752 397 830 iungitur
431 751 528 812 uitrciu
561 753 704 821 nominis,
740 759 772 812 ut
798 753 838 813 sit
870 771 1035 832 pronomen
1068 770 1116 814 res
1144 755 1238 833 posita
1266 771 1321 832 pro
1348 755 1480 818 nomine.
1522 752 1553 812 Et

264 855 355 921 scias,
385 852 532 931 quomodo
561 871 725 934 pronomen
749 854 881 933 iungitur
904 854 1002 916 cilicio
1026 856 1163 917 numinis.
1207 856 1239 916 si
1262 857 1301 916 ita
1324 854 1419 917 dicas:
1444 855 1553 916 ‘Cicero

263 957 383 1034 scripsit
410 961 507 1016 sectas
534 955 689 1026 verrinas,
717 957 783 1036 ipsu
812 957 931 1036 scripsit
958 965 1055 1018 sectas
1083 965 1113 1020 et
1141 955 1345 1036 Philippicas’,
1369 975 1440 1018 ecce
1462 957 1574 1036 ‘ipse’s

263 1075 429 1137 pronomen
453 1067 482 1117 et
505 1057 632 1135 positum
657 1075 692 1118 eu
715 1056 796 1127 luco,
825 1057 877 1118 ubi
899 1061 993 1139 possit
1013 1077 1123 1124 numen
1145 1059 1226 1139 poni.
1271 1058 1349 1138 Ergo
1372 1076 1410 1118 nc
1433 1057 1554 1118 numinis

262 1159 381 1219 iteratio
409 1157 559 1218 fastidium
588 1166 775 1236 procrearet,
804 1157 937 1238 pruilto
966 1163 1086 1222 nomine
1109 1161 1247 1222 ‘Cicero’
1276 1177 1443 1240 pronomen
1465 1159 1553 1238 ‘ipse’

262 1261 407 1340 positum:
432 1260 508 1339 ‘ipse
530 1261 649 1340 scripsit
670 1260 861 1341 Philippicas’
885 1269 915 1322 et
936 1270 1051 1324 tantum
1075 1263 1133 1323 troc
1154 1263 1299 1340 significat
1326 1277 1451 1332 numen,
1480 1277 1513 1322 ac
1531 1260 1554 1319 si

262 1361 373 1424 dixeris
395 1359 534 1426 ‘Ciceru’.
579 1361 649 1422 ldeu
672 1361 783 1423 dictum
808 1368 852 1423 est
872 1381 1054 1443 pronomen,
1078 1363 1157 1444 quud
1181 1363 1246 1424 locu
1268 1365 1399 1426 numinis
1420 1380 1486 1424 esse
1506 1380 1552 1441 pu·

261 1465 332 1525 tuit:
361 1462 413 1524 ubi
435 1481 544 1524 numen
568 1481 633 1526 esse
655 1465 765 1544 potuit,
793 1463 835 1526 ibi
857 1465 985 1545 positum
1009 1473 1053 1526 est
1074 1483 1240 1546 pronomen
1255 1511 1398 1528 ......
1438 1463 1510 1526 Nam
1529 1464 1584 1526 sin

261 1565 318 1627 buc
340 1566 429 1645 ‘ipsu'
452 1565 598 1643 significat
620 1583 800 1644 pronomen,
824 1566 903 1645 qnod
926 1568 1071 1646 significat
1093 1587 1202 1630 numen
1225 1567 1368 1636 ‘ciceret
1397 1567 1481 1643 qnasi
1501 1583 1553 1624 nna

260 1684 329 1747 pers
357 1669 500 1729 orationis
529 1673 560 1728 et
586 1685 645 1728 nun
674 1666 777 1730 debuit
805 1667 944 1729 discerni.
989 1669 1048 1730 Sed
1077 1669 1134 1731 hoc
1162 1672 1301 1739 interest,
1331 1669 1411 1746 quud
1441 1669 1553 1729 nomine

260 1771 356 1849 posito
385 1767 473 1848 plena
501 1777 547 1830 est
574 1768 739 1846 eloquntio,
768 1769 799 1829 in
827 1771 1006 1849 pronomine
1028 1755 1095 1832 'nun
1123 1781 1167 1834 est
1195 1771 1292 1852 plena.
1337 1769 1411 1832 Nam
1441 1768 1554 1851 quando

261 1871 328 1933 dico
356 1871 479 1934 ‘Cicero
507 1871 626 1948 scripsit
654 1871 821 1940 Verrinas’,
851 1869 938 1949 plenu
966 1879 1010 1932 est
1032 1872 1199 1953 stupuerim
1237 1870 1355 1950 quando
1385 1872 1452 1934 dicu
1480 1874 1553 1952 ‘ipse

260 1975 379 2054 scripsit
399 1970 602 2052 Philippicas,
624 1972 799 2051 semiplena.
1566 1995 1586 2034 n

345 2075 519 2137 Pronumini
542 2081 615 2152 quot
637 2073 792 2136 accidunt?
832 2072 914 2145 Quae
936 2077 1025 2137 etiam
1048 2077 1163 2137 numini
1186 2075 1298 2155 absque
1321 2095 1378 2138 una
1400 2094 1445 2138 ru.
1484 2073 1554 2135 Con·

260 2180 375 2258 paratio
397 2177 506 2240 accidit
529 2177 655 2246 nomini.
679 2177 848 2256 pronomini
871 2184 968 2238 autem
992 2193 1162 2254 numquam.
1207 2177 1336 2239 Persona
1360 2177 1469 2239 accidit
1489 2195 1554 2256 pru·

260 2281 388 2350 nomini,
412 2280 526 2340 nomini
549 2295 718 2358 numquam.
763 2277 895 2349 Qualitas
916 2295 1012 2356 genus
1040 2297 1184 2342 numerus
1210 2281 1305 2360 ligura
1333 2297 1418 2341 casus
1440 2279 1554 2358 utrique

261 2383 429 2444 communia
446 2377 495 2462 111.
513 2377 589 2441 143·
606 2376 631 2462 tl.

346 2483 477 2555 Qualitas
510 2470 719 2561 pronominum
752 2482 784 2542 in
814 2499 887 2559 quas
901 2481 1059 2544 'diuiditur
1085 2483 1204 2563 partesi
1248 2481 1344 2544 Omne
1373 2501 1480 2545 nomen
1509 2487 1586 2545 auto

261 2587 416 2665 proprium
445 2591 490 2646 est
517 2589 568 2644 ant
595 2580 821 2662 appellatiuum,
850 2585 893 2644 sic
915 2601 1002 2646 omne
1025 2602 1189 2666 pronomen
1212 2592 1263 2645 aut
1283 2585 1398 2646 linitum
1421 2593 1471 2647 aut
1491 2585 1554 2646 inli-

261 2688 366 2747 nitum.
410 2683 495 2756 Quod
518 2691 562 2746 est
583 2685 717 2746 finitumi
744 2683 829 2757 Quod
852 2685 954 2747 definit
974 2704 1133 2766 personam
1157 2704 1212 2747 nec
1235 2688 1345 2767 patitur
1368 2704 1423 2748 nos
1444 2704 1553 2756 errare,

262 2788 314 2850 sed
343 2788 522 2866 constringit
548 2785 585 2847 ad
613 2805 702 2848 unam
730 2788 984 2866 significationem.
1035 2787 1159 2859 Quando
1188 2788 1256 2850 dico
1284 2789 1385 2866 ‘ego',
1413 2787 1553 2867 numquid

261 2899 347 2971 potes
374 2891 473 2969 ipsum
501 2886 549 2950 uel
573 2890 663 2951 istum
688 2887 735 2950 uel
758 2887 883 2950 alterurn
905 2889 1098 2969 intellegeret
1143 2888 1268 2961 Quando
1290 2888 1357 2951 dicu
1380 2893 1456 2961 ‘tu’,
1486 2887 1553 2968 quid

261 2991 415 3070 intellegas
437 2991 527 3052 allum
550 2991 609 3053 nisi
631 2997 661 3051 te
683 2990 797 3052 solumi
834 2990 911 3052 ‘tlte’
935 2992 998 3052 sine
1022 2991 1111 3053 dnbio
1134 2989 1352 3070 intellegendus
1374 3001 1427 3053 est.
1563 3013 1583 3052 n

346 3093 442 3156 Finita
465 3109 536 3171 ergo
558 3093 736 3173 pronomina
757 3094 813 3154 ista
836 3102 906 3154 sunt
927 3100 1055 3154 tantum:
1085 3112 1140 3173 ego
1162 3102 1194 3154 tn
1217 3092 1282 3161 ille,
1312 3109 1387 3170 quae
1415 3093 1555 3154 deliniunt

262 3203 358 3256 certas
380 3213 531 3275 personas.
576 3193 676 3256 Prima
699 3211 825 3272 persona
848 3195 928 3274 ‘ego’
957 3213 1076 3276 semper
1098 3197 1179 3256 linita
1202 3180 1262 3264 est,¹
1278 3193 1351 3255 ‘ille’
1374 3213 1449 3256 uero
1472 3196 1552 3256 tertia

261 3316 388 3378 persona
411 3295 570 3374 aliqnando
593 3315 652 3357 non
676 3297 758 3357 finita
781 3305 835 3361 est.
880 3296 952 3358 Nam
977 3297 1002 3357 si
1024 3314 1165 3377 praesens
1189 3297 1227 3358 sit
1248 3295 1312 3366 ille,
1342 3296 1379 3358 de
1402 3313 1460 3374 quo
1483 3295 1551 3357 dici·

262 3408 321 3470 tur,
345 3407 416 3460 tnnc
438 3397 522 3460 ‘ille'
546 3416 709 3478 pronomen
732 3398 848 3458 linitum
877 3405 930 3458 est.
975 3398 1008 3459 Si
1035 3407 1132 3460 autem
1160 3398 1197 3459 de
1225 3398 1347 3461 absente
1374 3399 1414 3459 sit
1441 3397 1552 3466 relatio,

261 3500 337 3564 ‘ille’
361 3503 420 3562 urit
442 3499 601 3568 inlinitum,
627 3505 659 3559 ut
681 3508 768 3578 puta,
791 3501 886 3576 siquis
909 3505 1008 3579 potest
1030 3507 1060 3561 et
1082 3499 1144 3562 ‘ille
1167 3506 1197 3562 et
1219 3501 1289 3562 istc’
1312 3517 1387 3561 essu.
1562 3520 1583 3560 su

345 3601 416 3664 ldeu
439 3602 548 3663 dicitur
569 3602 715 3662 infinitum
732 3617 913 3680 pronomen,
937 3601 1013 3680 qnod
1030 3619 1089 3663 non
1105 3601 1239 3663 delintuil
1254 3607 1364 3663 certam
1380 3619 1551 3683 personam
1650 3596 1651 3624 ¹

262 3722 334 3782 ergo
357 3707 411 3766 ista
435 3711 480 3764 est
502 3700 636 3782 qualitas,
661 3721 736 3783 quae
759 3702 865 3763 diuidit
886 3705 1079 3783 pronomina:
1103 3711 1153 3765 ant
1174 3704 1255 3765 linita
1277 3703 1348 3765 tacit
1369 3711 1419 3765 aut
1433 3705 1551 3772 infinita,

261 3805 314 3867 sed
337 3807 416 3866 linita
438 3804 477 3865 lll
499 3812 581 3876 sunt,
605 3804 719 3882 reliqua
741 3806 841 3865 omnia
863 3805 977 3866 infinita
1000 3803 1150 3868 dicuntur.

347 3907 389 3968 Qc
403 3924 524 3985 genere.
554 3906 668 3968 Accidit
681 3923 776 3984 genus
791 3906 986 3967 masculinum
1006 3908 1088 3986 quis.
1112 3907 1286 3968 femininum
1301 3925 1391 3988 qnae,
1415 3911 1551 3967 neutmm

261 4009 354 4091 quud,
384 4026 540 4070 commune
563 4027 598 4070 ex
621 4007 739 4069 duobus
761 4005 941 4098 generibus:
970 4008 1066 4088 qualis
1090 4010 1136 4069 nir
1165 4009 1259 4090 quatis
1281 4008 1397 4077 muller,
1420 4007 1487 4070 talis
1509 4009 1584 4069 nire
1650 4087 1651 4096 ἵ

327 4317 343 4366 2
362 4329 503 4381 pronomen
522 4329 552 4362 ac
632 4314 647 4362 b
665 4313 768 4362 scribsit
785 4313 810 4361 id
829 4323 912 4362 sectus
931 4312 1048 4362 uncrinus
1067 4314 1124 4378 ipse
1142 4313 1245 4363 scribsit
1262 4324 1343 4364 recma
1362 4325 1387 4365 et
1403 4313 1549 4381 ptritipsicns

328 4380 423 4447 sectos]
445 4385 487 4432 An
508 4383 631 4432 &neema
649 4376 735 4447 τόμος
753 4382 938 4445 interpretatus
955 4383 1012 4431 est?
1029 4381 1064 4443 es.
1082 4381 1168 4445 praef.
1248 4383 1264 4431 8
1283 4383 1386 4432 scribsit
1403 4381 1549 4448 pbiltpsicns
1650 4403 1651 4410 .

261 4455 293 4503 10
312 4453 373 4503 Post
386 4461 426 4500 est
443 4464 584 4516 pronomen
598 4453 717 4500 nonnulla
729 4449 761 4499 de
773 4463 855 4515 uepnu
866 4450 971 4499 numinis
983 4455 1008 4498 et
1021 4451 1178 4513 pronominis
1190 4453 1244 4500 ture
1256 4451 1416 4502 intercidrbse
1428 4451 1549 4505 uidentur,
1650 4471 1651 4532 p

260 4520 347 4586 quibus
363 4535 503 4584 praenomen
521 4519 636 4568 inmerito
655 4520 722 4568 inter
739 4524 797 4568 ueto
814 4526 905 4582 partes
922 4519 1047 4568 motionis
1063 4520 1166 4568 uersari
1182 4525 1273 4568 auctor
1290 4521 1466 4570 contenderat.
1521 4516 1549 4565 11

259 4583 338 4652 qnod]
357 4603 422 4650 quse
492 4588 524 4637 14
541 4587 644 4636 scribsit
661 4587 810 4650 ιιειιίιιιιε,ν
829 4587 860 4636 15
878 4585 981 4635 scribsit
998 4585 1149 4650 plrtlipslces
1203 4587 1234 4636 ts
1252 4583 1409 4652 cummunis]
1429 4585 1551 4637 Secuntur
1650 4609 1651 4632 ι

258 4657 283 4704 in
295 4657 383 4706 codice
394 4655 487 4706 uerba:
508 4669 598 4704 uunrcn
612 4668 754 4720 pronomen
766 4654 802 4703 hii
820 4663 881 4704 sunt
892 4669 925 4703 cx
938 4653 1040 4718 urdine,
1059 4669 1163 4720 quoram
1173 4669 1273 4706 censum
1285 4671 1335 4706 non
1347 4656 1469 4721 expedio.
1519 4653 1550 4702 ll‘l

257 4770 426 4896 ppoldllnqone
473 4771 643 4890 pqpne'dillnlt
710 4772 880 4824 bbdttlniunt
947 4774 981 4823 29
998 4769 1069 4838 tunc]
1087 4771 1136 4823 buc
1204 4776 1235 4826 31
1255 4769 1336 4841 quod]
1354 4789 1421 4838 quae
1471 4735 1551 4823 dillbbt
1650 4755 1651 4760 ¹

361 4856 455 4901 ,curm
1126 4877 1129 4884 .
