3354 5580
496 387 535 440 tu
555 386 639 444 nou.
658 387 785 440 aaran
803 387 982 440 armonem.
1024 393 1030 404 ·
1323 385 1387 450 225

90 575 309 646 Remanent,
338 575 413 636 idest
441 585 615 656 supersunt,
644 585 771 648 restant,
802 578 915 640 scilicet
937 577 972 638 ad
996 575 1221 656 disputandum,
1252 575 1330 637 idest
1353 584 1386 637 ut

90 676 124 737 dc
148 679 194 739 eis
216 678 353 760 dimaon..
390 681 626 750 Admisimus,
650 682 726 741 idest
748 681 978 758 assumpsimus,
1001 685 1034 739 ut
1048 675 1175 757 hymnus
1190 695 1271 755 gaza.
1316 677 1385 739 llu-
1399 697 1449 748 scs,
1463 700 1488 738 aa

89 777 180 855 pler.
220 779 240 840 Z
263 798 319 859 pro
341 779 456 842 duobus
478 799 492 840 s
516 780 564 841 uel
587 798 642 859 pro
665 781 713 842 sd
737 783 858 860 ponitur
880 799 955 861 quae
978 787 1047 842 ante
1069 782 1130 842 eius
1153 781 1385 861 assumptionem

89 883 125 940 ita
149 879 367 952 scribebantur,
391 889 424 942 ut
451 882 572 944 ‘massa’
594 882 733 945 dicebant
755 902 810 962 pro
838 883 943 945 ‘maza’
966 891 996 943 et
1017 880 1218 944 ‘Messentius'
1241 881 1290 943 uel
1313 881 1386 942 ‘ble-

66 981 221 1043 edenttus'
237 989 287 1043 aut
301 983 501 1046 ‘hledientius’
518 1002 573 1065 pro
589 985 786 1046 ‘Mezentiust
824 984 923 1045 Vnde
946 985 991 1045 iit
1011 992 1050 1045 ut
1071 983 1218 1064 quidam
1242 989 1383 1064 putant.

88 1082 209 1144 lactinae
225 1082 342 1146 litterae
358 1102 416 1146 non
439 1094 508 1147 suut
530 1085 633 1166 plnres
654 1105 742 1166 quam
759 1087 784 1147 X
801 1095 830 1147 ct
846 1085 903 1156 Vll,
927 1087 996 1165 quia
1020 1084 1040 1144 h
1063 1103 1123 1146 non
1147 1093 1192 1146 est
1213 1086 1310 1147 littera
1332 1084 1384 1146 sed

89 1187 278 1263 aspirationis
300 1194 384 1258 ncta,
408 1206 516 1249 suero
539 1190 675 1269 quamuis
696 1190 736 1250 sit
758 1187 880 1268 duplex,
904 1187 1057 1268 superllus
1079 1195 1137 1256 est,
1161 1195 1193 1248 ut
1215 1185 1332 1257 dicunt,
1350 1206 1385 1248 eo

89 1286 165 1365 qnod
189 1285 263 1348 nihil
287 1287 364 1350 aliud
388 1288 490 1360 habet,
515 1308 604 1369 quam
627 1308 660 1352 cs
682 1291 730 1351 uel
753 1308 803 1369 gs,
832 1290 850 1351 h
874 1297 903 1351 et
923 1309 941 1369 q
965 1287 1039 1349 nihil
1061 1287 1139 1349 aliud
1162 1286 1273 1349 habent
1295 1304 1384 1366 quam

90 1406 114 1447 c.
151 1388 265 1459 Quibus
288 1389 447 1452 subtractis
470 1400 500 1451 et
522 1393 642 1454 Graecis
673 1391 787 1454 duabus
808 1391 835 1454 X
858 1399 887 1452 et
908 1390 957 1452 vlt
987 1397 1100 1451 tantum
1130 1397 1300 1461 remanent,
1330 1407 1385 1450 nec

60 1491 176 1550 uetiam
201 1491 279 1570 apud
302 1493 525 1573 antiquissimos
540 1493 663 1556 Latinos
688 1490 700 1576 ll
719 1489 779 1554 149
793 1489 807 1574 ll
832 1493 896 1553 siue
912 1492 1041 1553 Graecos
1063 1489 1164 1570 plures
1187 1492 1280 1562 lucre,
1296 1509 1384 1571 quam

90 1589 149 1650 xvt
177 1591 328 1654 subtracta
351 1593 492 1654 ilittera.
536 1595 572 1656 Si
600 1595 749 1674 quidem
779 1613 820 1655 ex
849 1593 906 1655 xx
935 1601 970 1654 et
998 1591 1131 1654 tribus.
1176 1593 1259 1654 Sicut
1286 1593 1383 1654 media
1396 1601 1446 1658 iii»
1461 1602 1485 1641 ¹³

91 1702 134 1753 cst
155 1692 258 1755 Latina
283 1693 383 1773 lingua
405 1695 483 1756 inter
505 1697 648 1758 Graecam
673 1703 703 1756 et
717 1693 899 1772 Hebraeum,
923 1697 966 1756 sic
983 1691 1112 1755 medium
1127 1700 1209 1755 tenet
1224 1713 1382 1757 numerum

89 1795 118 1851 in
140 1792 259 1856 litteris.
305 1797 411 1858 Graeci
433 1815 508 1858 uero
532 1796 652 1866 llllllll,
676 1796 772 1860 Latini
793 1795 902 1866 XXlll,
925 1795 1053 1857 Hebraei
1074 1794 1153 1856 xxti
1176 1795 1286 1858 habent
1307 1797 1390 1876 litte·¹

90 1913 144 1956 ras
189 1895 262 1957 lude
285 1896 365 1958 Xllll
387 1896 481 1960 libros
503 1897 615 1960 habeut
637 1918 672 1960 ex
695 1905 796 1960 uetere
818 1905 1003 1960 testamento.
1048 1897 1149 1966 Tria,
1166 1899 1185 1961 i.
1208 1897 1382 1960 accidentia.
1399 1908 1448 1958 ³⁶⁸·
1461 1906 1486 1946 1⁵

60 2009 80 2047 1⁵
93 1995 248 2078 llucusque
279 1998 316 2059 de
338 2000 444 2060 littera.
490 2000 565 2061 llinc
594 2000 631 2061 de
660 1999 864 2062 accidentibus
892 1998 1095 2078 disputaturus
1118 2005 1177 2069 est,
1200 1998 1314 2062 scilicet
1336 1999 1385 2062 hic

92 2097 215 2159 litteram
244 2118 299 2179 pro
328 2099 476 2162 elemento
503 2103 612 2180 posuit.
664 2101 737 2163 Nam
767 2109 796 2162 et
823 2101 970 2163 elemento
1000 2099 1141 2161 accidunt
1170 2099 1242 2163 haec
1271 2103 1326 2163 tria
1356 2111 1385 2164 et

92 2200 154 2260 eius
175 2219 266 2262 causa
289 2203 410 2263 inuenta
433 2210 510 2264 sunt.
557 2203 644 2265 Verbi
667 2206 777 2281 gratia,
801 2205 826 2264 si
842 2209 1012 2281 quaeratur,
1035 2199 1107 2280 quid
1130 2200 1227 2264 littera
1251 2211 1384 2274 uocetur,

92 2301 196 2362 accidit
219 2305 246 2363 ei
270 2301 462 2380 uocabulum,
493 2300 519 2364 i·
543 2324 652 2366 nomen
676 2323 777 2374 suum,
801 2307 825 2366 si
848 2311 1015 2385 quaeratur,
1038 2322 1096 2384 qna
1118 2305 1211 2383 figura
1234 2306 1272 2366 sit
1295 2305 1384 2377 edita,

94 2401 230 2464 uidelicet
257 2412 357 2465 utrum
386 2393 524 2468 sitrecte
548 2405 640 2476 linea,
668 2425 759 2468 curua
783 2425 820 2469 an
848 2405 990 2475 rotunda,
1020 2405 1128 2467 accidit
1151 2407 1178 2466 ei
1200 2423 1252 2467 sua
1276 2407 1383 2484 ligura:

62 2513 220 2582 opotestas
247 2523 321 2567 uero
343 2507 406 2586 ipsa
430 2509 633 2587 pronuntiatio
657 2515 688 2568 et
709 2515 808 2570 utrum
832 2509 870 2568 sit
892 2506 1004 2568 uocalis
1026 2525 1062 2567 an
1087 2507 1266 2578 consonariS,
1296 2510 1384 2569 seml-

92 2608 200 2669 uocalis
223 2625 260 2669 an
284 2616 374 2670 muta.
417 2608 502 2672 lllulti
531 2612 620 2671 etiam
649 2587 853 2690 quaeruntltle
876 2609 981 2671 ordine
1010 2607 1191 2686 litterarum,
1221 2618 1319 2672 utrum
1347 2612 1386 2672 sit

94 2725 144 2786 per
165 2729 198 2771 se
222 2709 374 2780 accidens,
404 2711 456 2772 sed
484 2729 591 2773 reuera
619 2729 688 2790 pars
715 2719 761 2773 est
788 2713 951 2792 potestatis.
995 2712 1058 2773 lloc
1081 2729 1199 2793 quoque
1223 2713 1385 2774 notandum

94 2817 148 2881 est,
170 2809 256 2891 quod
275 2809 391 2873 litterae
413 2813 444 2873 in
466 2811 597 2875 alfabeto
618 2830 678 2874 ncn
701 2821 771 2874 sunt
792 2812 955 2874 secundom
979 2813 1129 2885 ordinem,
1154 2813 1221 2892 quia
1246 2832 1260 2874 r
1283 2821 1386 2892 poste

94 2912 145 2972 uisi
166 2913 344 2991 interposita
367 2920 380 2972 t
401 2912 475 2974 nihil
497 2921 596 2986 sonat,
621 2916 698 2976 sicut
720 2923 821 2976 tonsor
844 2916 993 2977 ‘toneris'
1012 2911 1166 2976 'debuisset
1187 2915 1309 2988 iacere,
1331 2914 1384 2976 sed

63 3013 241 3075 s‘tonstrtx’
256 3015 334 3076 lacit.
371 3015 447 3077 Sunt
461 3032 532 3095 ergo
548 3016 711 3078 secundum
726 3014 867 3097 placitum
891 3035 1005 3088 eorum,
1029 3017 1079 3097 qui
1102 3035 1153 3078 eas
1176 3025 1383 3096 reppererunt.

616 3235 665 3299 DE
688 3235 862 3299 situlus.

172 3352 310 3416 Definitio
333 3363 379 3414 est
400 3353 542 3434 syllabae:
580 3354 723 3436 syllaba
753 3362 808 3416 est
835 3355 1136 3434 comprehensio,
1166 3355 1191 3414 i·
1215 3357 1379 3436 conceptio,
1394 3367 1442 3414 ³6⁸.
1459 3368 1482 3408 18

96 3453 266 3516 coadunatio
296 3454 470 3518 litterarum.
521 3457 557 3519 Et
590 3455 700 3519 dicitur
733 3455 843 3537 syllaba
876 3449 943 3516 άτό
976 3455 1038 3516 τοῦ
1065 3453 1318 3536 συλλαμβάνειν
1344 3451 1385 3519 τά

96 3555 307 3637 γραμμάτων,
335 3559 361 3617 i·
391 3575 406 3618 a
434 3559 627 3638 conceptione
654 3558 831 3620 litterarum.
886 3557 958 3620 Nam
988 3553 1242 3638 συλλαμβάνειν
1270 3559 1384 3621 Graece

67 3651 109 3732 ³⁰ll
127 3654 182 3718 150
197 3657 208 3740 ll
234 3661 391 3737 conceptio
413 3658 531 3730 Latine,
560 3653 600 3720 rol
629 3660 760 3721 Graecus
787 3657 943 3730 articulus,
971 3655 1177 3740 γραμμάτων
1207 3659 1382 3722 litterarum.

97 3753 145 3816 llic
166 3768 263 3821 autem
287 3759 453 3821 litterarum
476 3778 531 3838 pro
554 3761 770 3824 elementorum
794 3761 892 3840 posuit
913 3760 1058 3836 Donatus,
1090 3762 1156 3842 quia
1180 3759 1290 3842 syllaba
1314 3781 1385 3823 cou-

97 3859 181 3937 iungit
204 3869 234 3922 et
255 3863 390 3943 concipit
411 3861 569 3924 elementa.
598 3861 635 3924 Et
657 3863 731 3924 haec
753 3870 798 3923 est
820 3864 915 3942 prima
932 3863 1063 3924 definitio
1078 3860 1217 3942 syllabae.
1263 3863 1385 3926 Enun-

98 3961 208 4023 tiatio.
254 3961 353 4024 Altera
376 3969 422 4024 est
443 3962 589 4032 delinitio,
624 3965 692 4042 qnia
720 3983 778 4024 una
807 3963 919 4025 uocalis
946 3960 1106 4043 aliquando
1134 3963 1275 4044 syllabam
1304 3966 1383 4036 lacit,

98 4059 158 4121 licet
178 4082 238 4124 non
260 4066 399 4144 proprie,
425 4063 477 4126 sed
501 4064 639 4134 abusiue,
663 4067 740 4126 sicut
762 4066 986 4128 ‘nominatiuus'
1003 4065 1114 4126 dicitur
1136 4083 1222 4126 casus
1237 4075 1267 4126 et
1282 4068 1384 4127 ‘unos'

70 4171 241 4227 ³ittumeruss
286 4165 318 4226 si
341 4167 420 4226 euim
443 4164 554 4246 syllaba
577 4159 643 4226 άπὸ
664 4160 726 4228 τοῦ
747 4157 1000 4247 συλλαμβάνειν
1014 4165 1054 4229 τά
1070 4161 1288 4248 γραμμάτων,
1308 4165 1386 4228 idest

101 4269 321 4348 aconceptione
350 4267 515 4329 litterarum
544 4268 662 4338 dicitur,
693 4269 781 4330 unius
809 4268 920 4332 uocalis
948 4269 1110 4331 enuntiatio
1133 4267 1255 4330 ahusiue
1278 4278 1308 4330 et
1329 4269 1384 4330 im·

100 4368 209 4446 proprie
230 4375 356 4431 uocatur
378 4367 499 4449 syllaba.
545 4370 705 4432 Sciendum
728 4379 844 4443 autem,
868 4371 947 4450 quod
971 4371 1082 4453 syllaba
1098 4371 1135 4432 ab
1158 4388 1215 4432 una
1238 4372 1384 4451 incipiens

158 4657 341 4708 terminemus
359 4659 425 4708 idest
443 4674 489 4709 om.
587 4659 656 4708 lita
675 4657 863 4728 scribebantur]
885 4657 916 4726 llll
935 4661 1126 4710 ascribebantur
1216 4661 1233 4710 8
1252 4659 1327 4709 nichil
1346 4659 1385 4711 bia

101 4722 205 4788 igrecis
274 4725 341 4776 Xet
358 4727 418 4775 Vlll
435 4735 532 4776 tantum
603 4729 635 4778 10
652 4742 743 4792 grecam
830 4731 861 4778 12
879 4744 980 4793 grecam
999 4737 1023 4778 et
1040 4729 1159 4778 hebream
1230 4729 1261 4778 13
1280 4729 1349 4794 greci

21 4787 22 4796 ’
102 4787 175 4840 hebrei
241 4795 275 4844 24
292 4793 369 4844 nichil
437 4797 650 4862 acceptaremus
722 4797 756 4847 28
774 4807 852 4861 apoto
871 4795 1013 4860 syllabanin
1033 4809 1057 4846 tn
1076 4788 1211 4864 gramston
1280 4797 1313 4847 29
1331 4796 1383 4861 syl-

21 4895 22 4900 ,
102 4853 190 4909 labanin
257 4865 291 4914 30
307 4878 400 4928 grecus
469 4865 502 4915 35
519 4877 534 4913 a
552 4873 617 4928 potu
634 4863 777 4928 syllabanin

122 4955 210 5006 dun.
220 4973 273 5005 aar.
285 4964 370 5008 sorar„
1152 4953 1183 5004 lh
