3354 5580
507 381 546 434 nt
564 379 653 432 DON.
671 379 798 432 seruit
816 379 996 434 MAIOREM.
1348 379 1412 444 239

107 571 186 649 quie
208 587 267 630 non
291 575 452 631 mouentur
474 585 534 649 per
550 569 607 629 tria
629 585 753 647 genera,
778 586 845 628 nec
868 569 902 628 iu
926 575 1043 628 totum
1066 565 1236 639 mobilia,
1260 569 1328 649 qnia
1352 585 1411 628 non

107 679 198 732 recte
222 680 391 733 mouentur.
437 669 509 732 Nam
532 668 622 731 draeo
643 669 757 731 ‘draca'
779 667 932 730 debuisset
953 669 1062 739 lacere,
1086 677 1115 731 et
1137 670 1208 732 lacit
1229 669 1410 732 ‘dracaenaffl
1488 655 1492 662 ¹

107 773 149 832 Et
175 772 286 835 dicitur
308 772 399 833 draco
421 764 573 832 ἀπὸτοῦ
595 767 777 850 δέρκεσθαι
800 773 819 832 1·
835 790 852 832 a
868 771 984 842 uidere,
1008 790 1043 831 eo
1066 770 1144 852 quod
1168 772 1277 832 ceteris
1300 772 1410 832 anima·

106 873 194 935 libus
216 876 331 936 acutius
352 873 459 934 uideat.
504 872 565 934 beo
586 871 723 933 similiter
745 870 814 933 ‘lea’
829 872 866 933 de
882 873 1025 934 feminino
1047 871 1203 936 debuisset
1223 872 1331 942 lacere,
1352 891 1410 933 non

78 975 255 1036 ⁵‘leaena’.
301 974 401 1036 Gallus
423 973 529 1054 ‘galla'
553 972 703 1034 debuisset
726 975 823 1034 lacere
846 982 876 1034 et
897 975 967 1034 lecit
989 972 1132 1053 ‘gallina'
1154 981 1278 1054 propter
1300 972 1412 1035 distan-

107 1078 202 1138 tiam:
234 1095 301 1138 nam
325 1074 427 1137 Gallus
455 1075 543 1136 borno
572 1082 618 1137 est
644 1075 681 1136 de
704 1073 812 1145 Gallia,
842 1076 923 1137 Galla
951 1075 1060 1137 mulier
1086 1075 1123 1136 de
1151 1074 1243 1137 Gallia
1272 1077 1409 1154 regione3

106 1176 209 1256 gallus
230 1196 304 1239 uero
326 1188 357 1238 et
377 1177 485 1256 gallina
508 1197 594 1239 auem
618 1179 771 1256 significat.
810 1177 872 1238 Rex
895 1195 969 1238 uero
990 1176 1127 1240 similiter
1148 1178 1244 1254 ‘rega'
1259 1174 1413 1237 debuisset

105 1279 229 1348 lacere,
259 1298 318 1340 non
341 1281 493 1356 ‘regina'3
522 1279 589 1340 ideo
612 1297 668 1340 nec
690 1280 721 1340 in
743 1287 805 1340 toto
829 1287 898 1340 sunt
919 1279 990 1349 lixa,
1019 1281 1087 1360 quia
1110 1287 1279 1348 mouentur,
1303 1279 1409 1339 necin

105 1387 176 1442 toto
200 1379 336 1449 mobilia,
360 1383 428 1460 quia
452 1399 511 1442 non
534 1391 617 1442 recte
639 1387 798 1442 mouentur
820 1377 941 1463 1416111
966 1380 1114 1442 Scotum
1138 1383 1157 1440 i·
1174 1397 1255 1441 arma
1273 1380 1500 1452 militum,sre,e

67 1496 125 1544 tua
151 1499 215 1560 quo
244 1481 392 1544 diriuetur
420 1481 571 1546 ‘scutula’
595 1482 738 1562 quaedam
762 1483 943 1553 rotunditas,
967 1491 998 1543 et
1019 1480 1196 1544 diminutiue
1218 1480 1364 1543 ‘scutelle’
1386 1484 1407 1541 i·
1439 1519 1442 1528 ι

106 1603 183 1654 uas,
207 1602 267 1664 quo
283 1584 496 1646 manducamus
511 1583 539 1646 in
555 1585 653 1654 disco,
677 1593 707 1646 et
722 1583 860 1645 ‘scutula'
876 1585 969 1646 uestis
984 1583 1093 1646 dicitur
1115 1582 1241 1646 rotunda
1265 1583 1410 1646 rotundos

105 1685 243 1747 circulos
265 1684 393 1755 babens,
422 1703 498 1766 quac
526 1705 586 1748 non
614 1694 736 1749 seruant
763 1703 856 1764 genus
879 1685 1072 1766 primitiuum.
1117 1685 1321 1746 Pistrinum
1344 1685 1408 1746 otu-

105 1789 178 1848 cina
211 1789 372 1867 pistorum,
407 1786 534 1867 pistrilla
568 1788 616 1850 illa
649 1789 762 1850 domus.
815 1786 879 1850 Hoc
907 1789 1066 1866 pistrinum
1101 1787 1299 1864 primitiuum,
1335 1785 1408 1848 baec

106 1887 239 1970 pistrilla
264 1889 475 1951 diminutiuum
505 1896 560 1951 cst.
604 1888 729 1950 ‘Pluso’
757 1889 782 1948 i·
812 1889 903 1958 lerio,
932 1888 1003 1950 inde
1030 1890 1159 1969 pistores
1188 1887 1344 1957 dicuntur,
1374 1900 1410 1948 eu

68 2003 93 2044 ¹⁵
107 1990 193 2068 quod
217 1991 339 2070 pinsant
360 1993 380 2051 i·
404 1991 521 2053 leriaot.
544 2025 587 2035 -
609 1990 663 2052 liic
686 1999 716 2052 et
737 1990 810 2052 baec
833 1992 930 2065 canis,
953 1988 1023 2052 inde
1045 1988 1178 2051 canicula
1200 2006 1293 2069 parua
1316 1991 1411 2053 cauis.

107 2092 163 2154 sed
189 2094 313 2172 proprie
335 2089 492 2153 ‘canicula’
516 2093 623 2152 dicitur
645 2090 744 2162 stella,
774 2109 850 2172 quae
872 2093 901 2153 in
918 2105 1028 2153 'mense
1056 2089 1130 2152 iulio
1158 2099 1281 2170 apparet
1303 2093 1333 2152 in
1356 2110 1409 2152 ore

107 2194 197 2254 canis
227 2211 365 2271 magnum
394 2192 522 2256 calorem
551 2193 670 2254 iaciens.
703 2227 740 2238 -
761 2193 849 2268 vllana
879 2195 1138 2271 onomatopoeium
1167 2210 1276 2254 nomen
1305 2203 1350 2254 est
1379 2201 1411 2254 et

108 2295 186 2355 lacit
209 2293 418 2357 ‘ranunculus’
441 2295 595 2357 masculini
617 2296 746 2372 generis.
772 2329 807 2339 -
834 2295 887 2356 llic
909 2297 1037 2376 Agrippa
1062 2303 1156 2356 estet
1178 2293 1407 2375 appellatiuum:

108 2397 283 2476 ‘agrippae'
305 2396 446 2458 dlcuutur
466 2395 526 2466 illi,
555 2397 604 2476 qui
628 2413 695 2456 eum
719 2397 809 2457 nimio
837 2377 1140 2482 dolorelnamuntur‚
1164 2397 1241 2458 sicut
1262 2414 1407 2458 caesares.

68 2498 285 2560 osmundum
315 2497 449 2559 ordinem
479 2496 623 2559 uocalium
653 2497 740 2558 modo
768 2497 870 2566 delinit
891 2515 1001 2576 genera
1023 2500 1186 2560 nominum.
1231 2498 1355 2560 Nomina
1377 2499 1408 2558 in

107 2621 124 2662 a
150 2601 276 2671 desunt,
299 2598 510 2669 masculinum,
536 2607 568 2660 ut
582 2600 726 2679 Agrippa,
749 2599 939 2674 lemininum,
965 2606 998 2662 ut
1012 2599 1135 2668 blarcia,
1159 2607 1346 2668 neutrum,
1371 2607 1471 2662 utute,
1486 2607 1511 2646 1²

107 2711 292 2762 toreumo.
339 2696 475 2781 Toprdo
504 2702 617 2763 Graece
645 2709 748 2770 torno,
782 2700 852 2762 inde
879 2709 1013 2763 toreuma
1044 2701 1152 2763 dicitur
1180 2709 1333 2763 tornatura
1361 2700 1409 2762 uel

108 2801 229 2864 balteus
256 2801 394 2883 puerilis,
423 2802 485 2864 siue
508 2803 552 2871 id.
583 2802 662 2880 quod
684 2803 789 2865 eicitur
811 2801 847 2862 de
870 2809 1037 2870 tornatura.
1068 2802 1115 2864 uel
1137 2801 1250 2874 bullae,
1280 2804 1407 2884 quaein

107 2903 275 2966 stillicidio·
293 2910 438 2984 apparent
464 2902 584 2981 pluuiali
611 2913 762 2983 ternpore,
796 2903 832 2964 ad
867 2921 993 2982 quorum
1027 2902 1253 2966 similitudinem
1287 2902 1409 2965 calceoli

69 3005 224 3066 suebant
253 3004 395 3066 nobilium
424 3023 603 3084 puerorum,
635 3022 690 3084 per
711 3005 789 3086 quod
818 3004 1045 3084 designabatur,
1073 3005 1166 3084 quod,
1195 3005 1333 3082 quamdiu
1363 3005 1409 3065 bis

108 3105 283 3174 utebantur,
312 3105 434 3168 alterius
463 3107 587 3168 consilio
616 3105 798 3184 indigebant.
849 3106 922 3168 Nam
950 3105 1059 3188 βουλή
1092 3107 1205 3168 Graece
1239 3105 1407 3176 consilium.

107 3209 182 3270 inde
209 3204 397 3288 βουλευτής
425 3207 623 3270 consiliarius.
662 3206 754 3268 Aliter
775 3207 854 3269 bami
877 3206 1036 3270 loricarum
1059 3209 1096 3268 ita
1120 3217 1276 3270 uocantur.
1321 3209 1407 3271 Com·

108 3328 202 3372 mune
225 3312 372 3388 genesin
395 3327 427 3378 a,
455 3317 488 3371 ut
510 3307 566 3370 boc
588 3317 618 3370 et
640 3307 712 3371 baec
734 3308 858 3370 aduena.
902 3309 1023 3371 llduena
1051 3310 1160 3371 dicitur
1183 3311 1266 3390 quasi
1289 3308 1408 3370 aliunde

107 3411 287 3474 adueniens.
331 3409 511 3491 Epicoenon,
536 3421 568 3472 ut
591 3410 698 3490 aquila.
721 3443 762 3454 -
785 3409 949 3489 Euterpe
978 3429 1035 3472 una
1059 3418 1104 3472 est
1126 3429 1161 3472 ex
1184 3429 1294 3491 nouem
1316 3410 1469 3472 Musicae
1484 3420 1508 3458 1⁴

70 3525 95 3566 ω
109 3522 141 3573 et
163 3514 379 3592 interpretatur
403 3510 480 3572 bene
502 3511 662 3572 delectans.
706 3510 832 3572 Sedile
854 3511 965 3573 dicitnr
981 3533 996 3573 a
1012 3511 1153 3574 sedendo.
1190 3511 1298 3574 blonlle
1320 3530 1406 3574 orna·

110 3625 245 3674 mentum
274 3611 419 3674 muliebre
447 3621 493 3674 est
519 3633 535 3674 a
564 3611 640 3675 collo
668 3631 762 3692 usque
790 3611 826 3682 ad
856 3623 961 3693 pectus
996 3614 1168 3694 dependens
1196 3625 1227 3675 et
1254 3612 1363 3675 dicitur
1389 3633 1405 3675 a

109 3713 278 3783 monendo,
307 3731 344 3774 eo
366 3714 444 3793 quod
473 3723 592 3776 moneat
621 3723 749 3776 mentem
781 3714 914 3778 mulieris
942 3714 1090 3776 subditam
1119 3735 1183 3776 esse
1206 3715 1317 3777 debere
1340 3717 1406 3788 uiro

109 3835 177 3877 suo.
223 3814 287 3876 lluo
315 3832 424 3893 genera
454 3822 566 3876 tantum
595 3817 625 3876 ln
653 3815 845 3877 edesinunt:
880 3814 1071 3886 lemininum,
1105 3817 1224 3897 quando
1259 3817 1406 3879 Graecum

109 3919 216 3986 luerit,
248 3927 281 3979 ut
303 3917 448 3996 Euterpe;
478 3925 632 3988 neutrum,
657 3926 690 3976 ut
711 3915 812 3978 sedile.
859 3916 1020 3978 Sciendum
1043 3921 1149 3988 etiam,
1173 3919 1309 3994 nomina,
1332 3937 1407 4000 quae

177 4169 321 4221 suranna
389 4174 519 4236 3epotu
536 4171 670 4221 dorcheete
754 4170 859 4221 dicens
946 4172 975 4221 11
996 4173 1120 4222 rotundos
1139 4173 1247 4224 circulos
1265 4171 1362 4224 hebens
1380 4177 1406 4224 iu

109 4254 190 4304 uturp.
262 4240 294 4288 12
312 4237 480 4304 primitinnm]
499 4255 631 4304 suprascr.
651 4239 668 4290 i.
688 4248 787 4288 scutum
841 4237 937 4288 ellici'a
1009 4242 1040 4291 13
1058 4240 1107 4290 boc
1125 4235 1260 4306 pistrinum
1280 4267 1312 4276 —
1330 4242 1406 4291 dimi-

111 4309 229 4356 nutiuum
247 4309 329 4356 estin
346 4323 426 4371 mcrp.
525 4308 598 4359 ibin
618 4321 661 4356 ore
678 4307 848 4370 certiscupra
865 4309 909 4360 lla.
944 4308 1013 4358 Ante
1031 4310 1266 4373 raneinmorpr'ne
1283 4309 1406 4360 babetur:

110 4385 195 4424 statue
213 4373 365 4424 diminutius
383 4373 541 4424 statunculus
563 4374 731 4424 masculinum
751 4376 766 4422 i.
786 4388 867 4440 parus
885 4383 970 4424 statuo
988 4375 1119 4438 (statura),
1154 4375 1244 4427 Statue
1262 4386 1302 4426 est
1318 4378 1404 4443 imago

110 4443 218 4492 alicuius
237 4443 272 4491 rei
291 4456 323 4491 ex
341 4456 400 4492 aere
418 4442 456 4492 uel
475 4457 507 4492 ex
525 4441 638 4506 quislibet
654 4443 775 4503 muterln;
797 4441 857 4493 inde
874 4444 1014 4494 statuerius
1032 4443 1119 4507 lusor,
1138 4445 1182 4506 qui
1201 4459 1255 4494 cern
1274 4445 1407 4510 componit

109 4521 134 4560 et
150 4509 238 4560 lundit
253 4519 279 4559 et
295 4511 445 4560 statuarium
463 4509 544 4573 locus,
564 4511 605 4560 ubi
623 4509 695 4560 llnnt.
766 4510 797 4560 lt
817 4511 1027 4576 onomatopeion‚
1046 4527 1115 4564 corr.
1134 4513 1232 4576 -peium
1301 4514 1335 4563 20
1353 4510 1392 4562 No

109 4573 191 4646 mina]
212 4576 246 4626 In
263 4593 350 4642 aurp:
370 4578 456 4628 omnia
474 4593 599 4643 genero¹
643 4579 675 4628 21
694 4577 785 4628 martia
852 4579 885 4628 22
904 4588 974 4628 toreo
993 4593 1085 4645 graece
1152 4581 1185 4630 23
1202 4581 1260 4630 siue
1277 4580 1302 4629 id
1321 4605 1354 4614 -
1372 4581 1405 4630 st

109 4647 146 4695 its
163 4655 289 4695 uocantur
306 4647 331 4695 in
349 4661 429 4710 mcrp.
510 4647 543 4696 21
561 4644 676 4696 boloutes
746 4644 775 4695 cl
792 4646 860 4694 homi
877 4645 1019 4698 lorice...
1092 4648 1125 4697 28
1144 4649 1169 4695 in
1187 4663 1211 4711 o,
1229 4662 1362 4712 eumaem
1382 4663 1404 4702 s.

108 4714 205 4764 desiuit
274 4709 393 4780 Aduena]
412 4713 446 4766 In
463 4729 553 4778 marp:
571 4729 645 4777 grece
663 4713 800 4780 proselitus
815 4725 932 4764 uocetur:
952 4729 1014 4780 pros
1026 4714 1067 4774 ad,
1087 4714 1152 4764 elten
1171 4716 1268 4766 uenire.
1288 4715 1405 4781 epicboe-

109 4797 170 4838 non,
187 4795 320 4846 suprascr·⁸
338 4797 362 4834 s.
378 4782 405 4830 in
423 4796 447 4841 a,
464 4781 499 4844 es.
512 4782 578 4833 Bon.
595 4797 622 4846 p.
638 4784 698 4841 37⁶,
712 4784 744 4831 12
762 4799 817 4833 mun
834 4783 998 4834 adnotatione
1017 4781 1099 4834 Keilii
1165 4785 1197 4836 ³1
1216 4793 1256 4833 est
1271 4798 1403 4849 suprascr.

144 4859 170 4900 et
186 4849 329 4900 dicitur-
346 4851 402 4900 uiro
420 4865 468 4900 sno
486 4852 512 4902 iu
529 4865 608 4915 uturp.
677 4851 710 4901 33
728 4865 831 4916 grecum
