3316 5566
301 235 364 299 112
460 303 466 318 ⁹
813 235 882 286 slis
900 234 1076 288 abortius

297 423 547 485 uetustissimi
576 423 685 483 etiam
715 429 848 483 neutro
877 439 1016 500 genere
1042 419 1251 502 protulisse
1279 419 1365 481 ‘boc
1392 420 1471 481 sal’.
1510 417 1572 479 lton

296 527 515 587 Priscianus
537 522 623 585 dicit:
651 522 709 583 bic
731 530 767 584 et
788 522 856 584 boc
883 522 945 584 sal.
992 523 1093 586 Cato:
1125 541 1165 584 ex
1188 522 1284 592 sale,
1307 523 1376 602 qui,
1393 520 1482 602 apud
1502 519 1572 581 Car-

297 627 562 706 thaginienses
585 627 639 686 iit.
684 624 874 686 Afranius:

449 727 633 808 Quicquid
656 726 841 806 loquitur,
865 728 920 788 sal
943 743 1081 787 merum
1106 734 1175 795 cst:

296 834 407 893 etiam
432 830 500 891 lroc
523 827 599 890 sale
622 827 777 891 Ennius:
1584 841 1598 880 a

450 929 668 992 Caeruleum
692 937 838 1010 spumat
859 928 937 990 sale
961 924 1322 1012 conierlll.103”l1ta
1345 937 1427 990 rate
1450 924 1573 1008 pulsum

448 1031 519 1093 Per
541 1051 652 1094 mare.

381 1135 413 1196 lu
437 1134 465 1196 el
488 1141 657 1212 correptam
681 1133 739 1194 duo
762 1135 882 1195 uomina
905 1131 1008 1194 Latina
1032 1141 1138 1195 neutra
1160 1134 1370 1202 inueniuntur,
1399 1140 1434 1193 ut
1458 1130 1511 1191 boc
1529 1125 1575 1190 mel

274 1285 275 1290 ,
298 1236 393 1297 satellis
417 1244 445 1298 ct
467 1237 524 1297 lroc
547 1234 585 1296 lel
609 1234 701 1305 lellls,
729 1237 759 1296 iu
783 1253 840 1315 qua
863 1235 1072 1297 terminatione
1094 1237 1215 1316 propria
1239 1236 1357 1296 nomina
1382 1233 1520 1296 Hebraica
1539 1233 1575 1291 ln·

298 1341 474 1400 irruiuntur:
510 1341 540 1398 in
575 1337 602 1398 el
636 1337 812 1418 productam
843 1335 1020 1414 masculina,
1055 1345 1087 1398 ut
1116 1333 1239 1398 Danihel
1267 1334 1410 1396 Samuhel
1438 1330 1614 1396 Ezeebilrelw

296 1439 442 1501 bliclralrel
472 1438 611 1500 Gabribel
644 1438 777 1500 llalalrel.
828 1439 901 1500 ltem
933 1440 1075 1500 feminina
1110 1439 1230 1519 propria
1263 1435 1425 1514 liebraica,
1459 1445 1489 1498 ut
1516 1435 1579 1495 baec

298 1541 409 1602 lezabel
434 1541 507 1602 haec
529 1540 651 1602 llaclrel.

382 1644 414 1705 lu
437 1643 457 1704 il
481 1652 647 1721 correptam
670 1649 743 1723 quot
764 1660 874 1722 genera
896 1644 1105 1704 inueniuntur?
1151 1641 1214 1704 Duo
1236 1649 1366 1712 tantum,
1391 1640 1581 1708 masculinum,

298 1757 330 1807 ιιι
352 1745 400 1806 lric
424 1744 531 1824 mugil,
556 1744 613 1805 boc
640 1743 714 1820 est†
735 1753 878 1825 punctum
901 1746 1030 1815 laciens;
1053 1763 1210 1806 commune
1233 1743 1359 1805 duorum
1382 1761 1533 1822 generum,
1552 1747 1584 1799 ut

298 1848 345 1909 bic
374 1855 404 1908 et
431 1847 504 1908 baec
532 1845 613 1925 uigil.
652 1845 691 1907 ¹lu
720 1846 740 1906 il
769 1845 944 1925 productam
974 1865 1065 1908 unum
1094 1863 1203 1908 nomen
1232 1845 1407 1908 femininum
1434 1845 1619 1910 inuenituru

298 1959 329 2011 ιιι
357 1948 430 2010 baec
452 1948 613 2026 Tanaquil,
638 1949 714 2009 idest
735 1965 844 2010 nomen
868 1949 1012 2018 feminam
1036 1957 1174 2009 neuuum
1197 1947 1422 2018 indeclinabile,
1447 1954 1477 2008 ut
1496 1943 1583 2006 ‘nibil’

298 2069 350 2132 per
373 2069 536 2131 apocopam
560 2049 596 2110 ab
621 2069 672 2120 eo,
696 2050 774 2130 quod
796 2057 841 2111 est
863 2048 995 2112 nihilum.

382 2152 414 2212 ln
438 2152 467 2213 ol
490 2151 665 2230 productam
688 2170 780 2212 rrnum
804 2169 912 2213 nomen
931 2151 1068 2214 Latinum
1093 2151 1252 2222 inuenitur,
1276 2151 1355 2232 quod
1379 2151 1526 2231 singulare
1544 2157 1587 2209 est

297 2273 351 2334 per
380 2251 576 2314 sublationem
605 2251 726 2314 ultimae
755 2252 898 2333 syllabae,
928 2261 961 2314 ut
990 2252 1038 2313 laic
1066 2250 1110 2314 sol
1138 2253 1225 2314 huius
1252 2253 1322 2314 solis
1348 2253 1418 2316 lruic
1440 2254 1493 2314 soli
1514 2253 1586 2313 huuc

296 2355 389 2416 solem
406 2375 424 2414 o
439 2353 482 2414 sol
498 2351 536 2414 ab
553 2352 609 2415 boc
631 2353 708 2425 sole:
733 2354 852 2435 quando
875 2362 974 2416 autem
998 2352 1101 2416 ‘soles’
1123 2356 1152 2416 iu
1175 2354 1281 2436 plurali
1304 2373 1431 2417 numero
1446 2355 1586 2422 dicuntur,
1599 2361 1621 2400 ²⁰

298 2457 360 2517 utos
382 2457 535 2534 significat.

382 2557 413 2617 lu
442 2555 472 2616 ul
501 2556 558 2618 duo
588 2575 696 2636 genera
721 2559 927 2629 inueniuntur,
958 2557 1154 2620 masculinum
1177 2607 1268 2621 .....
1292 2569 1322 2620 et
1343 2577 1500 2622 commuue
1520 2557 1588 2619 duo·

297 2677 363 2719 rum
392 2675 550 2736 generum,
579 2668 613 2720 ut
641 2659 689 2720 bic
717 2665 746 2720 et
773 2658 847 2721 baec
876 2659 958 2731 exul,
988 2660 1037 2722 bic
1065 2669 1094 2722 et
1120 2660 1194 2723 baec
1222 2660 1357 2742 praesul;
1392 2661 1530 2732 barbara,
1558 2667 1590 2720 ut

298 2760 404 2822 Suthul
428 2759 556 2832 blutlrul,
581 2761 688 2842 oppida
711 2769 789 2822 suut.

382 2863 414 2924 ln
431 2881 467 2924 an
485 2863 597 2925 Graeca
613 2865 733 2943 propria
750 2873 864 2925 tantum
880 2863 1041 2926 masculina
1056 2867 1260 2942 inueniuntur,
1276 2872 1309 2926 ut
1323 2864 1372 2926 bic
1387 2865 1473 2927 Titan
1481 2863 1589 2926 Titanis
1601 2869 1621 2906 2⁵
1644 2851 1648 2862 ’

297 2965 393 3027 Titani
410 2965 545 3026 Titanum
561 2965 646 3028 Titan
662 2965 778 3026 Titane.
816 2967 902 3028 Titan
920 2972 1018 3027 autem
1035 2966 1078 3028 sol
1094 2969 1316 3066 interprptatur.
1348 2966 1471 3028 ltembic
1486 2966 1589 3030 Paean.

297 3067 354 3128 lmc
376 3074 421 3128 est
443 3069 605 3136 cauticum:
629 3067 678 3128 bic
701 3067 827 3144 Vulcan‚
851 3067 908 3129 hoc
932 3074 978 3128 est
999 3069 1091 3146 ignis;
1116 3068 1164 3129 bic
1186 3069 1264 3139 Pan,
1287 3068 1344 3130 lroc
1366 3077 1413 3130 est
1434 3086 1529 3130 omne.

381 3168 414 3230 lu
443 3188 480 3230 en
509 3177 676 3248 correptam
706 3169 849 3231 neutralia
878 3171 997 3230 nomina
1028 3171 1239 3240 terminantur,
1269 3177 1301 3232 ut
1330 3179 1374 3232 est
1401 3171 1459 3234 boe
1486 3186 1591 3232 nomen

298 3289 463 3350 cognomen
493 3289 602 3331 numen
631 3271 740 3332 llumen
768 3273 902 3351 regimen
925 3289 1047 3350 segmen
1070 3280 1189 3352 tegmen
1212 3290 1315 3334 semen
1336 3273 1472 3334 toramen
1494 3271 1589 3334 lumen
1651 3313 1652 3366 p

297 3392 418 3452 germen
449 3372 582 3434 bitumen
612 3390 735 3434 acumen
764 3382 878 3433 stamen
907 3373 1007 3436 uimon
1038 3379 1067 3434 et
1094 3375 1205 3453 reliqua
1234 3373 1465 3436 innumerabilia
1491 3377 1623 3434 neutratt
1651 3369 1652 3410 ³

297 3477 326 3536 in
356 3494 393 3536 cn
423 3475 596 3536 desinentia.
642 3474 722 3536 llaec
749 3483 847 3537 autem
871 3477 990 3538 nomina
1013 3477 1056 3537 sic
1079 3475 1282 3539 declinantur:
1312 3475 1369 3538 hoc
1392 3475 1509 3538 culmen
1531 3471 1590 3538 cul·

298 3579 385 3638 nairris
413 3576 536 3637 culmini
564 3574 682 3637 culmen
704 3594 723 3638 ο
744 3579 861 3638 culmen
884 3593 900 3636 a
923 3574 1067 3647 culmine,
1096 3586 1127 3640 et
1153 3577 1262 3659 plurali
1284 3576 1411 3641 culmina
1434 3577 1589 3640 culminum

297 3678 475 3739 culminibus
503 3678 632 3739 culmina
660 3677 788 3739 culmina
812 3677 999 3740 culminibus.
1044 3677 1119 3740 ltem
1141 3681 1171 3740 iu
1195 3700 1232 3742 en
1256 3681 1312 3742 dua
1335 3681 1456 3742 uomina
1478 3693 1589 3742 mascu·
1651 3689 1652 3770 p

297 3781 371 3852 lina,
403 3789 434 3841 ut
455 3779 504 3842 bic
526 3779 650 3856 ttamen,
680 3780 819 3842 sacerdos
841 3781 935 3842 louis:
965 3787 995 3842 ct
1016 3788 1123 3843 neuim
1145 3799 1257 3860 genere
1278 3783 1387 3844 dicitur
1408 3779 1466 3844 hoc
1487 3781 1589 3842 llamen

297 3879 472 3952 Vulcanale;
496 3890 526 3942 et
547 3881 596 3943 hic
613 3891 722 3960 pecten
744 3883 880 3963 pectinis.
926 3880 1111 3963 Virgilius
1133 3883 1218 3945 dicit:
1600 3881 1621 3922 ³⁵
1651 3931 1652 3938 ι

297 4015 524 4028 Ι--υ--Π

365 4105 488 4154 lneutro
507 4103 608 4171 generis
626 4103 773 4170 protullisse
841 4100 1288 4170 2Priscieuusllp.171,8req.
1342 4103 1543 4171 carthaginensis
1559 4099 1591 4150 sit
1632 4119 1652 4172 Α

297 4171 410 4224 elirauus
479 4171 638 4222 liceruleum
691 4182 760 4222 rarae
828 4170 940 4223 Slatiua
1008 4171 1141 4222 debreica
1227 4171 1376 4223 trebnica
1445 4167 1588 4223 meamet
1651 4189 1652 4236 p

331 4240 416 4290 racbel
486 4243 518 4292 13
536 4251 681 4304 corruptam
753 4241 785 4289 14
801 4249 923 4304 punctum
941 4235 1049 4303 iaciens]
1069 4239 1111 4289 An
1130 4241 1239 4306 piscium
1259 4240 1458 4296 uelocissimos?
1474 4242 1508 4305 es.
1528 4240 1589 4289 Ptin.

296 4309 354 4364 idat.
375 4316 428 4359 aaut.
447 4307 492 4358 IX
510 4309 617 4371 ttici)
684 4323 819 4358 eummuue
888 4309 920 4358 15
938 4308 1101 4357 inueniuntur
1119 4307 1227 4358 urbaee
1245 4308 1353 4360 taneclril
1424 4311 1455 4360 16
1473 4297 1587 4368 lemicae]

297 4377 410 4428 llununis
497 4379 529 4428 l'l
551 4381 684 4442 apo⁶⁰pam
753 4376 822 4440 qrrcd
846 4375 951 4425 uilrilum
971 4377 996 4425 in
1015 4375 1046 4425 ob
1064 4377 1214 4442 productam
1317 4379 1350 4426 22
1369 4377 1396 4426 ln
1415 4377 1457 4426 uul
1525 4387 1587 4424 mos·
1651 4391 1652 4408 ι

296 4441 420 4510 ordinum]
446 4445 584 4496 Mororum·
602 4446 705 4510 pencris
722 4447 863 4509 exemptum
880 4445 1052 4503 desideratur,
1075 4459 1155 4509 quare
1175 4446 1289 4494 lacunam
1306 4446 1432 4508 indicaui,
1459 4443 1493 4507 es.
1512 4443 1587 4494 Prisc
1651 4497 1652 4516 ,

297 4513 313 4563 1
329 4529 358 4577 p.
375 4516 435 4575 m,
455 4515 501 4565 18:
528 4513 553 4562 in
576 4511 601 4562 ul
624 4527 728 4578 quoquc
746 4527 824 4562 unum
842 4514 967 4577 reperitur
984 4511 1152 4562 masculinum
1171 4511 1292 4561 Latinum
1311 4511 1433 4576 ‘cousul’,
1455 4512 1507 4562 duc
1524 4522 1587 4560 com·
1651 4527 1652 4544 ι

297 4582 393 4645 masuic,
411 4581 537 4647 ‘praesul'
555 4580 647 4642 ‘exul’‚
666 4593 690 4630 et
707 4581 824 4642 barbara,
842 4577 951 4630 ‘suthul’
971 4579 1091 4630 ‘Muthul’
1159 4581 1192 4631 23
1210 4590 1238 4630 ιιι
1255 4579 1318 4630 liaeo
1336 4579 1440 4630 ethaeo
1508 4591 1531 4630 et
1547 4577 1587 4626 bac
1651 4575 1652 4640 1

296 4648 383 4711 presul
452 4651 485 4699 at
503 4649 580 4715 opida
649 4650 682 4698 26
699 4649 804 4699 titanuis
856 4645 956 4714 Titane]
975 4649 1055 4698 titatie
1123 4649 1155 4699 2‘1
1172 4662 1239 4714 pean
1285 4647 1328 4698 bic
1345 4647 1418 4698 ulcan
1487 4649 1520 4699 29
1536 4659 1586 4706 reg·
1651 4699 1652 4710 γ

298 4729 353 4763 men
418 4717 450 4766 32
469 4731 484 4766 o
502 4715 600 4766 culmen
618 4731 665 4768 om.
735 4719 768 4768 :35
786 4716 902 4767 ulcuuale
954 4716 994 4766 hic
1011 4717 1124 4782 pecteuis
1175 4713 1314 4785 Virgilius]
1335 4717 1403 4769 Aen.
1420 4715 1463 4770 lid.
1487 4714 1542 4766 VII
1559 4711 1587 4759 ll
1651 4769 1652 4788 ,

1651 4797 1652 4829 l
