3316 5566
509 365 558 416 nu
577 365 717 418 nouam
735 365 961 419 emomavs.·
1314 366 1375 430 153

78 553 204 614 diximus
233 560 262 614 et
288 554 426 616 inuenies
449 561 567 634 tempus
589 570 748 634 personam
772 571 929 616 numerum
952 554 1133 633 singularem
1156 555 1275 617 modum
1298 556 1374 616 indi·

79 657 205 718 catiuum
228 655 368 724 litteram.
392 653 444 716 ubi
466 663 591 736 apparet
612 657 795 735 coniugatio:
819 663 888 717 ante
903 653 1043 725 litteram,
1066 657 1185 734 quando
1202 657 1296 718 actiua
1313 665 1372 725 est;

78 759 101 816 si
127 758 277 836 passimam
305 757 412 826 iacies,
441 765 510 818 ante
537 755 681 837 syllabam
704 759 857 838 repperies
879 776 911 829 a,
940 777 1024 819 amor
1046 759 1163 820 amaris.
1208 759 1287 838 Ergo
1310 759 1374 820 sia

79 859 178 928 luerit,
201 859 328 938 primam
351 859 589 936 coniugationem
613 858 695 928 laoit;
719 861 745 921 si
768 879 793 928 e.
817 859 995 930 secundam,
1020 870 1052 923 ut
1074 860 1168 922 doceo
1191 860 1293 928 doces:
1317 861 1374 922 sii

56 961 182 1030 aluerit,
209 961 329 1022 tertiam
352 961 431 1031 iacit,
455 979 543 1023 unam
567 960 663 1022 littera
686 967 832 1041 correpta,
857 968 890 1022 ut
911 960 978 1038 logo
1000 959 1084 1039 legis,
1109 980 1197 1024 unam
1221 961 1374 1042 producta,

79 1070 109 1122 ut
129 1065 228 1123 nutrio
251 1063 359 1123 nutris.
404 1062 441 1123 Et
462 1061 541 1124 unde
563 1062 776 1141 intellegimus,
806 1062 926 1142 quando
949 1071 1086 1142 correpta
1109 1070 1139 1124 et
1160 1063 1279 1142 quando
1304 1083 1374 1144 pro·

79 1163 181 1224 ductat
226 1163 326 1225 Primo
356 1163 443 1224 modo
471 1165 662 1244 imperatiuo:
690 1166 716 1226 si
745 1167 774 1226 in
804 1183 820 1226 e
849 1165 964 1227 miserit
991 1167 1022 1226 iu
1051 1168 1201 1244 praesenti
1229 1173 1373 1246 tempore,

79 1273 211 1344 correpta
240 1274 301 1334 est;
330 1267 355 1326 si
382 1268 411 1327 in
439 1267 464 1336 i,
494 1266 639 1346 producta
667 1274 722 1328 est.
766 1265 905 1327 Secundo
932 1265 1022 1326 modo
1044 1265 1124 1328 unde
1147 1269 1374 1346 cognoscimus?
1437 1269 1443 1280 '

82 1367 119 1427 be
140 1369 259 1446 passiuo
288 1366 381 1428 uerbo
403 1367 432 1428 in
461 1367 590 1430 secunda
612 1385 740 1448 persona
764 1376 898 1448 tempore
920 1371 1069 1448 praesenti
1092 1368 1180 1430 moda
1201 1369 1374 1431 indicatiuo.

50 1480 70 1518 1⁰
82 1469 109 1528 Si
131 1471 160 1529 in
184 1471 306 1550 passiuo
330 1489 346 1530 e
369 1469 468 1540 luerit,
492 1475 630 1548 correpta
653 1479 712 1538 est;
737 1471 761 1532 si
783 1471 803 1539 i,
827 1468 971 1548 producta
995 1477 1049 1540 est,
1072 1478 1106 1531 ιιι
1119 1477 1191 1550 puta
1207 1469 1273 1552 lego
1289 1470 1373 1548 legis,
1435 1473 1437 1478 ’

82 1571 123 1630 lac
150 1571 316 1650 passiuum:
345 1568 430 1650 legor
457 1569 580 1650 legeris,
609 1578 638 1631 et
665 1590 733 1633 cum
761 1578 830 1632 ante
852 1572 1043 1634 nouissimam
1067 1571 1210 1652 syllabam
1234 1593 1249 1634 e
1272 1571 1372 1642 babet,

83 1689 147 1750 ergo
173 1681 313 1750 correpta
342 1679 396 1732 est.
441 1672 514 1733 Nam
543 1674 568 1734 si
596 1673 606 1733 i
633 1671 772 1743 haberet,
801 1672 1067 1753 iproduceretur,
1096 1673 1246 1753 quomodo
1274 1676 1374 1736 nutrio

83 1775 181 1844 nutris,
205 1775 251 1835 lae
274 1775 443 1854 passiuum:
468 1775 584 1836 nutrior
607 1775 739 1842 nutriris,
763 1777 896 1836 seruauit
918 1776 943 1835 i:
967 1793 1039 1855 ergo
1061 1775 1178 1855 quando
1201 1795 1218 1836 e
1241 1776 1282 1844 m,
1306 1794 1372 1836 cor·

84 1885 158 1954 repta
187 1884 246 1944 est;
278 1875 433 1954 quandoi
461 1885 562 1938 seruat
588 1877 618 1937 in
647 1877 783 1956 passiuo,
813 1875 997 1956 producitur.
1046 1874 1176 1958 †Tertia
1204 1879 1375 1955 coniugatio

55 1987 74 2027 1⁵
85 1977 220 2055 producta
243 1977 409 2039 differentia
433 1985 476 2038 est
498 1974 953 2060 induitiuolll.145⁵llmodo;
980 1980 1006 2039 si
1028 1980 1208 2058 paenultima
1230 1977 1340 2059 syllaba
1364 1980 1375 2039 i

84 2077 227 2150 babuerit,
252 2079 442 2159 producitur,
467 2089 500 2140 ut
521 2081 621 2141 nutrio
643 2080 753 2150 nutris,
777 2081 824 2140 lac
845 2080 1026 2141 intinitiuum
1049 2081 1180 2149 nutrire,
1206 2087 1235 2141 et
1257 2097 1324 2141 cum
1346 2082 1374 2142 ri

83 2178 160 2259 longa
184 2190 246 2251 est,
264 2167 301 2242 ¹et
323 2181 498 2262 producitur
519 2179 641 2260 syllaba.
687 2181 735 2242 Sic
758 2199 830 2261 ergo
852 2181 1032 2260 colliguntur
1053 2183 1287 2260 coniugationes.

161 2283 258 2345 Prima
283 2291 343 2353 est,
366 2302 442 2364 quae
464 2301 481 2344 a
504 2280 607 2352 babet,
638 2292 671 2344 ut
693 2301 759 2344 amo
781 2301 877 2350 amas:
906 2283 1053 2354 secunda,
1077 2301 1153 2362 quae
1176 2302 1193 2344 e
1214 2282 1319 2353 babet,
1342 2290 1376 2345 ut

87 2384 169 2446 «luceo
190 2384 296 2453 docem
322 2386 418 2454 tortia,
441 2403 517 2465 quae
539 2385 550 2444 i
571 2383 662 2446 habet
683 2393 860 2466 correptam,
886 2393 918 2447 ut
932 2384 999 2464 lego
1015 2385 1099 2464 legis,
1123 2392 1174 2448 aut
1188 2385 1374 2465 productam,

58 2495 116 2546 arn
140 2489 236 2548 nutrio
267 2487 368 2548 nutris.
412 2487 450 2548 Et
471 2485 541 2566 quid
564 2505 638 2567 opus
659 2493 706 2548 est
727 2488 806 2548 scire
829 2488 1051 2565 coniugationes
1072 2495 1192 2566 praeter
1213 2487 1375 2548 indication

88 2587 165 2646 modo
193 2597 328 2667 tempore
357 2588 476 2650 tuturo?
518 2586 622 2670 †Nam
651 2587 729 2648 inter
757 2591 983 2667 coniugationes
1013 2598 1126 2651 tantum
1150 2591 1251 2650 uariae
1274 2591 1328 2659 sit;
1358 2607 1374 2650 a

89 2691 172 2766 prima
194 2692 402 2768 coniugatione
424 2699 456 2753 et
477 2689 606 2752 secunda
629 2691 659 2750 in
683 2690 721 2750 bo
744 2691 805 2751 exit
827 2708 959 2770 semper,
987 2709 1055 2752 amo
1076 2689 1183 2752 amabo
1206 2690 1300 2754 doceo
1322 2689 1375 2752 do·

89 2789 163 2851 cebo.
213 2791 311 2852 Prima
345 2801 375 2854 et
406 2791 537 2854 secunda
568 2791 722 2852 indicatiui
749 2790 829 2853 modi
858 2794 951 2854 loturi
978 2793 1121 2872 temporis
1150 2795 1181 2854 in
1209 2792 1248 2854 bo
1275 2793 1374 2854 mittit.

89 2890 176 2954 Tertia
204 2902 340 2973 correpta
367 2895 398 2954 in
427 2913 473 2956 am
500 2912 635 2974 semper,
663 2902 696 2955 ut
723 2891 791 2972 lego
819 2893 931 2972 legam:
960 2895 1046 2956 tertia
1075 2893 1218 2973 producta
1241 2896 1390 2955 loturum·

60 2994 162 3055 coarto
183 2993 284 3074 regula
308 2996 391 3058 lacit:
414 2995 573 3076 aliquando
595 2997 626 3056 in
649 3013 696 3056 am
719 3001 751 3056 et
770 2997 801 3056 in
825 2994 863 3056 bo
886 2994 990 3066 simul,
1013 2995 1171 3073 aliquando
1193 2997 1226 3056 in
1250 2994 1287 3056 bo
1309 3004 1374 3057 tan·

91 3103 143 3156 turo
165 3093 337 3177 [aliquando
360 3100 391 3160 io
413 3116 461 3159 am
485 3105 514 3159 et
535 3099 565 3158 in
589 3094 652 3178 bo].
698 3079 823 3165 O'uaudo
844 3099 853 3158 i
878 3105 946 3160 ante
968 3117 986 3158 o
1009 3096 1098 3158 babet
1127 3097 1156 3158 in
1184 3098 1279 3177 prima
1306 3114 1374 3177 per·

90 3213 151 3256 sona
171 3196 326 3260 indicatiui
349 3199 444 3268 modi,
473 3207 597 3280 utputa
619 3199 719 3260 nutrio
741 3199 844 3260 audio:
872 3201 883 3260 i
904 3209 973 3260 ante
996 3219 1014 3260 o
1037 3197 1140 3268 babet:
1170 3216 1241 3277 ergo
1264 3199 1343 3277 quod
1366 3200 1375 3258 i

92 3308 150 3358 ante
170 3319 187 3362 o
209 3299 312 3370 babet,
342 3302 471 3362 tutorum
500 3310 617 3381 tempus
645 3308 676 3362 et
702 3301 732 3362 in
756 3319 802 3361 am
827 3309 856 3361 et
877 3303 907 3361 in
934 3299 973 3361 bo
993 3303 1097 3370 mittit,
1125 3309 1159 3362 ut
1177 3307 1252 3376 puta
1275 3299 1376 3361 dicere

92 3397 178 3462 ‘audio
193 3403 310 3465 audiam
326 3401 459 3464 audibo':
476 3402 585 3466 dixeris
597 3403 750 3474 ‘audiam'‚
767 3409 849 3464 recte
864 3401 938 3463 dicis
953 3410 983 3463 et
998 3401 1142 3472 ‘audibo’.
1157 3400 1250 3482 ‘polio
1266 3395 1375 3483 polia'm

64 3501 201 3576 ltpolibo’.
224 3505 335 3566 ‘nutrio
358 3507 487 3567 nutriam
511 3503 654 3566 nutribo'.
700 3505 730 3566 Si
753 3506 764 3566 i
786 3511 885 3566 antem
908 3523 967 3565 non
992 3502 1097 3564 babeat
1119 3505 1215 3583 prima
1237 3522 1374 3585 persona,

93 3601 137 3662 sed
151 3623 174 3674 e,
189 3605 265 3668 idest
279 3615 349 3668 ante
365 3625 397 3677 o,
421 3608 552 3668 laturum
575 3612 693 3686 tempus
715 3607 745 3668 in
769 3605 807 3667 bo
829 3613 942 3667 tantum
966 3607 1069 3676 mittit,
1095 3614 1127 3666 ut
1148 3613 1217 3685 puta
1240 3607 1290 3666 ‘eo
1313 3605 1375 3666 ibo'

95 3704 168 3766 ‘ereo
182 3707 294 3770 eribo’:
324 3712 452 3770 ‘exeam'
474 3726 535 3769 non
558 3725 716 3788 possumus
738 3706 848 3770 dicere.
893 3707 954 3770 Hac
975 3708 1092 3768 ratione
1107 3706 1289 3786 colliguntur
1304 3725 1375 3768 con·

95 3804 253 3884 legationes.
730 3871 732 3874 ,

170 3910 209 3972 Ile
223 3903 400 3991 generibus.
431 3911 547 3974 Genera
563 3912 724 3974 uerborum
740 3909 778 3970 ll:
801 3918 851 3971 aut
868 3911 964 3972 aetina
986 3919 1037 3972 aut
1058 3911 1175 3991 passiua
1198 3917 1249 3972 aut
1270 3919 1376 3973 neutra

68 4016 138 4069 aaut
157 4016 321 4076 communia
344 4021 394 4074 aut
417 4013 604 4094 deponentia.
649 4015 751 4076 Actiua
779 4012 876 4074 addita
900 4031 916 4074 r
938 4012 1050 4074 iaciunt
1072 4032 1107 4074 er
1130 4029 1162 4074 se
1184 4013 1316 4093 passion.
1344 4020 1378 4073 ιιι

155 4268 168 4315 1
186 4283 293 4332 persona
311 4280 418 4318 numero
437 4266 561 4334 singulari
579 4267 656 4318 modo
674 4267 814 4318 indicetiuo
866 4269 954 4317 2ante
970 4267 996 4316 in
1013 4268 1126 4333 margine
1179 4263 1291 4332 quando]
1310 4281 1377 4330 quae

99 4332 221 4395 3passiua
290 4336 433 4386 blitteram
450 4347 591 4402 correptam
655 4337 805 4404 productam
880 4333 990 4385 imodo
1007 4351 1082 4386 mauu
1099 4335 1136 4385 II
1151 4337 1177 4385 in
1194 4351 1273 4400 marg.
1346 4336 1377 4385 10

101 4398 159 4464 pou]
176 4417 234 4468 puto
305 4406 337 4454 la
355 4403 473 4466 habitarit
541 4404 744 4470 reprobaretur
812 4401 897 4452 Tertia
915 4403 1063 4469 coniugatio
1082 4400 1144 4468 etc]
1173 4403 1295 4454 Fortasse
1311 4403 1376 4452 scri-

100 4463 189 4519 bendum
205 4480 256 4524 eat:
276 4473 344 4521 inter
361 4473 460 4522 tertiam
478 4473 682 4539 coniugationem
701 4471 852 4538 productam
871 4480 896 4521 et
913 4485 1054 4536 correptam
1078 4471 1219 4520 differentia
1237 4480 1277 4520 est
1294 4471 1319 4520 in
1338 4470 1377 4518 in-

101 4529 184 4586 lnitiuo
250 4541 282 4591 15
300 4539 441 4605 penultima
509 4543 541 4591 19
559 4549 677 4606 correpte
744 4540 869 4606 producta
941 4540 972 4588 21
993 4537 1056 4588 Nom
1075 4536 1218 4605 intercute]
1240 4537 1377 4590 Fortasse:

102 4613 149 4650 narn
165 4605 188 4653 in
205 4609 276 4656 tertia
292 4609 474 4674 coniugatione
492 4617 589 4658 tontom
608 4609 719 4659 uarietas
738 4621 778 4660 est
862 4609 896 4658 24
913 4617 1029 4673 correpta
1047 4609 1072 4658 in
1089 4623 1170 4672 marg.
1255 4609 1288 4658 25
1307 4607 1377 4655 narie

101 4667 127 4715 26
145 4671 238 4725 Verbo:
263 4675 402 4740 aliquando
426 4677 450 4726 in
470 4692 510 4726 am
529 4687 553 4726 et
572 4678 597 4726 in
621 4677 653 4727 bo
674 4693 725 4744 per
746 4677 944 4748 dittogrnplltnm
966 4683 1025 4726 orta
1046 4675 1174 4726 uidentur.
1245 4674 1270 4724 in
1293 4676 1377 4740 prime

103 4781 197 4850 Paeona
212 4803 243 4816 --
261 4789 319 4830 ante
338 4792 353 4829 o
371 4778 447 4828 babet
463 4780 490 4829 t'n
505 4795 585 4843 marg.
654 4781 687 4831 27
705 4749 847 4850 indicatio&
864 4737 942 4854 modss
1019 4777 1053 4833 28
1069 4777 1147 4829 mittit
1164 4786 1191 4826 ut
1208 4785 1271 4847 puta
1287 4777 1379 4830 addidi

131 4837 213 4894 diceret
277 4849 310 4899 32
328 4861 358 4896 ac
375 4847 474 4898 ratione
1131 4873 1138 4879 -
