3346 5558
292 357 336 422 64
805 354 874 406 aas
894 353 1069 406 ssonram
1123 327 1133 346 '

295 547 349 608 lioc
372 555 416 606 est
444 545 608 607 secundum
636 545 837 624 superficiem,
873 551 903 604 et
930 541 1079 622 quomodo
1107 541 1270 602 seeundum
1299 558 1434 611 sensum,
1467 540 1537 602 hoc
1564 551 1611 600 est

295 647 458 708 secundum
487 645 681 708 substantiam
710 643 875 724 qualitatis?
926 642 983 706 lsta
1011 643 1177 705 differentia
1204 651 1258 704 est.
1305 641 1491 722 Vbicumque
1522 646 1609 704 enim

293 733 444 811 inuenitur
467 749 598 809 ‘dictus'
623 747 669 808 uel
694 746 798 806 ‘dicta’
823 743 869 806 uel
892 745 1051 814 ‘dictum’,
1082 744 1215 806 delinitio
1238 747 1304 806 soni
1326 763 1392 806 esse
1414 745 1609 813 ostenditur,

295 861 327 913 ot
349 849 459 912 ‘littera
483 848 561 911 dieta
585 856 630 910 est
652 851 734 926 quasi
758 847 895 926 legitera,
920 865 956 908 eo
972 847 1050 925 quod
1067 849 1152 928 quasi
1169 847 1336 926 legentibus
1351 849 1409 908 iter
1431 846 1466 908 ad
1492 845 1610 923 legen-

295 953 363 1013 dum
386 951 544 1020 ostendit’;
568 951 638 1012 item
662 955 727 1028 ‘pes
749 948 844 1010 dictus
866 959 924 1018 est,
948 968 1006 1028 quo
1028 951 1112 1028 quasi
1135 957 1298 1010 metrorum
1321 966 1428 1010 cursus
1451 949 1636 1012 incedat.’⁵

296 1054 345 1114 Sic
367 1055 456 1114 etiam
478 1069 585 1113 nomen
615 1051 767 1112 delinitur:
799 1055 926 1111 ‘nomen
949 1050 1061 1112 dictum
1085 1059 1144 1120 est,
1168 1053 1252 1129 quasi
1276 1057 1430 1120 notamen,
1454 1070 1492 1110 eo
1521 1049 1609 1129 quod

296 1155 381 1215 nobis
403 1153 549 1216 uocabulo
571 1170 625 1214 suo
649 1171 696 1214 res
719 1161 803 1214 notas
826 1152 956 1212 elllciat’.
996 1151 1178 1230 Vbicumque
1202 1161 1299 1214 autem
1324 1153 1477 1213 inuenitur
1496 1153 1535 1211 in
1554 1151 1610 1212 de·

296 1257 430 1318 llnitione
453 1257 532 1324 ‘est',
557 1255 689 1315 dellnitio
711 1272 831 1322 sensns,
860 1253 936 1314 idest
965 1251 1115 1333 qualitatis
1137 1271 1201 1314 esse
1223 1253 1452 1328 demonstratur,
1476 1261 1516 1313 ut
1544 1253 1609 1313 ‘lit-

295 1367 358 1419 tera
382 1366 426 1420 est
449 1375 519 1437 pars
542 1357 661 1416 minima
685 1358 767 1417 uocis
789 1355 991 1424 articulatae';
1016 1356 1085 1414 item
1110 1360 1176 1434 ‘pes
1199 1363 1243 1416 est
1264 1353 1443 1434 syllabarum
1467 1362 1499 1415 et
1527 1363 1611 1415 tem·

295 1476 401 1538 porum
429 1465 510 1518 certa
539 1457 758 1522 dinumeratio?
807 1457 857 1517 Sic
889 1460 977 1518 etiam
1011 1457 1174 1516 secundum
1207 1454 1377 1536 qualitatem
1410 1455 1646 1518 substantiaew

298 1577 405 1622 nomen
427 1559 583 1620 delinitur:
606 1559 726 1622 ‘nomen
750 1567 794 1620 est
817 1577 884 1640 pars
906 1561 1048 1620 orationis
1072 1577 1138 1619 cum
1163 1576 1232 1621 casu
1255 1576 1363 1638 corpus
1379 1567 1431 1618 aut
1445 1578 1512 1620 rem
1533 1578 1610 1638 pro·

296 1663 360 1742 prio
382 1663 619 1722 communiterue
641 1661 833 1739 significans!
863 1659 987 1732 Quando
1010 1669 1108 1723 autem
1133 1659 1219 1721 dixit:
1243 1666 1364 1721 ‘nomen
1382 1667 1427 1720 est
1442 1679 1516 1740 pars
1534 1680 1608 1722 ora-

295 1765 383 1826 tionis
405 1779 474 1824 cum
496 1781 566 1823 casu
589 1781 698 1842 corpus
720 1770 769 1824 aut
794 1781 857 1822 rem
887 1763 1007 1841 proprie
1035 1764 1272 1824 communiterue
1300 1763 1494 1841 significans’,
1529 1772 1611 1841 quot

296 1867 485 1926 continentur
507 1866 536 1924 in
559 1863 614 1924 lrac
637 1865 826 1926 delinitione?
864 1863 1012 1942 Quinque.
1055 1862 1155 1934 Quasi
1192 1863 1323 1924 Primum
1347 1864 1492 1934 ostendit,
1519 1863 1609 1942 quod

296 1985 404 2028 nomen
427 1973 531 2027 octaua
554 1983 624 2044 pars
651 1967 792 2028 orationis
821 1974 879 2036 est,
909 1981 976 2026 cum
1000 1964 1073 2026 dixit
1100 1966 1227 2026 ‘nomen
1256 1974 1301 2026 est
1329 1983 1398 2045 pars
1427 1967 1608 2032 orationis’;
1625 1977 1646 2017 1⁵

297 2067 428 2130 secundo
455 2067 544 2128 modo
572 2068 714 2136 ostendit,
748 2066 825 2146 quod
853 2066 966 2129 nullum
996 2085 1104 2128 nomen
1132 2084 1202 2128 casu
1229 2074 1343 2136 careat,
1374 2066 1494 2144 quando
1525 2068 1610 2128 dixit

299 2171 420 2231 ‘nomen
437 2176 566 2248 estpars
581 2170 725 2230 orationis
748 2186 814 2228 cum
831 2170 924 2230 casu’.
954 2169 1057 2230 Tertio
1072 2168 1160 2230 modo
1176 2168 1318 2229 discernit
1333 2187 1442 2230 nomen
1458 2188 1475 2228 a
1493 2169 1608 2239 uerbo,

297 2293 364 2336 cum
397 2270 471 2333 dixit
504 2272 589 2331 ‘cum
613 2276 711 2340 casu’‚
745 2271 812 2349 quia
845 2269 970 2332 uerbum
999 2289 1057 2331 non
1086 2269 1176 2332 habet
1203 2289 1315 2333 casum.
1365 2271 1479 2343 Quarto
1506 2271 1608 2333 modo

297 2372 444 2444 ostendit,
473 2371 551 2449 quod
580 2389 668 2432 omne
697 2389 805 2433 nomen
828 2390 938 2452 corpus
960 2379 1011 2432 aut
1034 2390 1097 2432 rem
1119 2373 1265 2451 significat
1287 2389 1354 2434 cum
1378 2371 1452 2434 dixit
1474 2374 1610 2452 ‘corpus

297 2485 347 2538 aut
368 2493 432 2536 rem
456 2474 577 2552 proprie
600 2475 836 2534 communiterue
858 2474 1050 2551 significans&
1084 2473 1195 2546 Quinto
1211 2473 1299 2534 modo
1322 2473 1465 2535 discernit
1487 2493 1606 2536 nomen
1620 2488 1645 2525 ω

298 2596 313 2638 a
336 2576 513 2657 pronomine
535 2581 564 2635 et
586 2575 756 2656 participio,
785 2592 860 2654 quae
883 2573 993 2635 habent
1014 2593 1130 2651 casum,
1160 2577 1215 2637 sed
1236 2575 1476 2656 corporalitatem
1501 2585 1533 2638 et
1558 2580 1608 2638 in-

298 2675 538 2760 corporalitatem
569 2683 598 2736 et
625 2677 839 2757 proprietatem
867 2685 896 2738 et
924 2675 1152 2757 appellationem
1187 2696 1246 2738 non
1276 2679 1497 2748 demonstrant,
1529 2699 1606 2740 cum

298 2781 423 2844 dixirin
446 2778 618 2840 definitione
647 2779 776 2839 nominis
798 2781 919 2857 ‘corpus
940 2788 990 2840 aut
1013 2797 1076 2868 rem
1099 2781 1220 2860 proprie
1242 2782 1480 2847 communiterue
1503 2783 1607 2860 signi-

297 2884 412 2945 ficans’.
455 2880 574 2942 Nemini
602 2890 674 2960 quot
702 2879 859 2941 accidunt?
902 2879 969 2942 Sex.
1007 2880 1106 2953 Quaet
1142 2881 1274 2953 Qualitas
1302 2883 1474 2961 conparatio
1503 2899 1606 2961 genus

299 3003 441 3048 numerus
470 2984 563 3062 ligura
593 3000 692 3065 casus,
720 2981 794 3043 haec
824 2989 894 3043 sunt
921 3001 973 3042 sex
1000 2982 1164 3044 accidentia
1195 2985 1335 3044 nominis.
1385 2981 1469 3044 Scire
1497 2995 1643 3046 autema

297 3105 353 3147 nos
379 3087 534 3155 conuenit,
563 3093 637 3162 quot
664 3094 734 3146 sunt
762 3084 961 3145 accidentium
989 3101 1108 3163 genera.
1155 3085 1323 3146 Secundum
1348 3087 1604 3163 Augustioum

298 3190 356 3250 tria
378 3193 457 3248 sunt
503 3185 603 3258 Quae?
646 3186 723 3246 Sunt
746 3191 824 3246 enim
848 3184 1033 3256 accedentia,
1064 3205 1138 3264 quae
1161 3185 1307 3249 accedunt
1329 3195 1359 3247 et
1380 3185 1544 3257 recedunt,
1571 3195 1604 3247 ut

299 3289 417 3351 dolores
446 3287 543 3354 leues,
573 3289 624 3366 qui
651 3287 803 3349 saluantur
830 3307 884 3368 per
912 3287 1088 3349 medicinam
1116 3297 1167 3349 aut
1194 3305 1210 3347 a
1239 3287 1295 3348 deo
1323 3295 1475 3350 sanantur.
1522 3289 1605 3349 Sunt

300 3389 313 3475 ll
330 3391 381 3452 lol.
398 3385 455 3451 80·
472 3385 482 3470 ΙΙ
499 3388 685 3458 accedentia,
710 3409 786 3468 quae
807 3389 953 3451 accedunt
975 3397 1003 3450 et
1027 3407 1084 3450 non
1108 3388 1264 3462 recedunt,
1294 3397 1327 3449 ut
1348 3390 1474 3451 caecitas
1497 3389 1603 3470 lepro-

297 3495 383 3560 sitas,
416 3492 473 3552 oisi
501 3508 555 3570 per
583 3490 631 3551 dei
658 3491 801 3552 uirtutem
829 3499 982 3552 sanantur.
1024 3491 1099 3552 Item
1127 3499 1195 3553 sunt
1223 3489 1410 3561 accedentia,
1438 3509 1515 3568 quae
1545 3491 1641 3552 ali-so

299 3593 416 3676 quando
444 3591 588 3653 accedunt
616 3599 645 3652 et
667 3589 824 3672 aliquando
853 3591 1012 3661 recedunt,
1040 3593 1115 3652 sicut
1143 3595 1303 3671 unicuique
1329 3592 1466 3655 uoluntas
1494 3594 1601 3664 luerit,

298 3700 374 3756 sicut
396 3693 512 3754 accedit
534 3693 643 3771 frigus:
673 3694 698 3752 si
721 3692 757 3754 ad
780 3695 878 3772 ignem
901 3695 1036 3764 ueneris,
1061 3694 1175 3756 recedit
1197 3695 1306 3772 frigam
1336 3693 1448 3756 accedit
1470 3692 1525 3755 ilbi
1549 3714 1601 3755 ca·

298 3796 359 3858 lor:
382 3797 475 3856 intras
498 3797 527 3854 iu
550 3813 656 3874 aquam
680 3793 832 3872 frigidam,
855 3795 936 3858 calor
957 3796 1080 3857 recedit.
1125 3795 1256 3868 Qualitas
1279 3798 1431 3858 nominum
1454 3794 1600 3875 bipertita

299 3905 357 3959 est:
381 3903 433 3958 aut
455 3896 532 3956 enirn
554 3897 674 3978 propria
698 3906 770 3957 sunt
791 3899 910 3959 nomina
933 3905 985 3958 aut
1006 3896 1193 3978 appellatiua.

366 4065 458 4117 tisoni
476 4065 535 4114 aeni
563 4066 726 4132 ,liegittern
768 4064 874 4131 bitem]
894 4067 941 4116 iter
984 4065 1116 4118 6Nomen
1134 4069 1228 4117 dictnm
1247 4063 1295 4133 est]
1314 4067 1348 4132 cf.
1361 4067 1494 4134 Isim,
1510 4071 1537 4120 3.
1583 4071 1598 4120 'i

298 4133 391 4184 alliciet
425 4131 581 4184 tlarticulata
616 4133 754 4184 lllt'omen
765 4131 815 4199 est]
826 4136 962 4199 rfidoaot.
971 4152 998 4200 p.
1009 4139 1092 4200 3⁵⁵st
1127 4149 1314 4201 cor-pusautem
1350 4138 1381 4186 12
1393 4135 1599 4194 Quandoantem

299 4198 359 4266 etc]
379 4202 413 4267 rs.
427 4197 534 4267 [Serpii]
550 4207 683 4267 expleant.
697 4204 722 4252 ia
735 4204 802 4253 Dea.
815 4220 841 4267 p.
855 4205 913 4264 489,
925 4205 956 4254 31
967 4219 1021 4270 seq.
1032 4203 1070 4255 Κ.
1128 4207 1159 4255 13
1172 4214 1319 4254 carmoterue
1370 4206 1440 4267 quod
1452 4199 1598 4255 continetur

300 4269 502 4320 ildilllnitiooe
536 4285 585 4332 qna
621 4272 651 4321 17
664 4267 793 4336 discernit]
806 4271 884 4320 diruit
936 4271 1076 4322 lileas¹um
1112 4275 1204 4335 itque
1237 4273 1282 4322 sed
1293 4287 1340 4326 oar.
1384 4273 1599 4323 22demonstra¹¹t

297 4341 331 4389 23
340 4339 507 4388 cummuniter
517 4353 548 4387 ue
582 4337 650 4388 aad
661 4337 772 4398 Nemini,
786 4353 850 4404 quoe
859 4339 979 4403 discipuli
991 4341 1173 4405 interropontia
1181 4341 1333 4405 sipnillcott'o
1343 4357 1396 4390 cura
1408 4357 1457 4391 aon
1471 4342 1522 4390 oiri
1534 4359 1597 4406 per·

297 4423 360 4456 roro
368 4407 464 4471 possim
472 4422 523 4456 aaa
531 4423 585 4456 cuaa
593 4409 709 4472 ricmiri
716 4407 897 4472 respondeatis
904 4410 977 4472 ripae
986 4417 1011 4458 et
1020 4411 1107 4460 eodem
1115 4411 1246 4459 rarissime
1254 4409 1339 4474 posito
1346 4403 1415 4474 (X)
1425 4409 1497 4458 nobis
1505 4425 1596 4460 oecur-

298 4481 341 4523 rnt
351 4477 378 4525 ia
390 4473 437 4524 hoc
447 4475 553 4538 scripto,
566 4490 621 4524 eam
630 4477 709 4539 piune
721 4481 843 4526 contecta
855 4490 955 4526 nouere
967 4483 1047 4528 soture
1056 4479 1181 4539 marnam,
1200 4494 1272 4544 quam
1284 4478 1447 4540 multifarium
1458 4479 1596 4528 inserendo

297 4545 418 4592 lectorum
426 4542 595 4594 beniuolentia
603 4542 680 4594 abuti.
716 4546 786 4606 quod
820 4558 879 4604 que,
890 4544 1059 4610 seresemper
1093 4547 1268 4596 25numerum
1303 4545 1447 4596 accedentia
1481 4547 1596 4595 lesace-

298 4609 384 4657 dentia
396 4610 422 4658 in
434 4624 529 4675 genera
563 4612 710 4676 agustinum
754 4613 787 4662 2¹1
801 4621 854 4660 tres
888 4609 1046 4680 accedentia]
1061 4613 1596 4680 Hectoroetinaequenttburiduocadu-

298 4679 346 4724 tum
361 4683 504 4741 propterea
521 4683 651 4743 corripere
668 4679 794 4738 dubitaui,
816 4679 885 4746 quod
905 4695 954 4730 aon
971 4683 1003 4732 de
1021 4683 1175 4741 occidendo,
1193 4683 1242 4732 red
1258 4683 1290 4732 de
1306 4683 1452 4732 accedendo
1469 4685 1595 4746 copitasre
1630 4699 1633 4708 ·

297 4745 450 4807 scriptorem
460 4748 577 4810 sequenti
587 4749 733 4810 definitione
746 4747 928 4812 conprobatur,
946 4749 979 4812 cs.
994 4765 1058 4814 puae
1071 4764 1106 4800 erc
1119 4744 1266 4814 [Clementis
1276 4745 1358 4814 Secti]
1377 4755 1434 4800 orte
1445 4751 1502 4801 cod.
1513 4749 1594 4801 Ber-a.

298 4811 405 4872 123fol,
415 4811 446 4862 8¹³
454 4815 636 4879 excerpsimus.
672 4813 763 4864 redunt
797 4815 932 4864 280eeitas
967 4819 1000 4868 38
1010 4815 1123 4874 Qualitas
1133 4811 1196 4883 etc]
1206 4815 1373 4868 SaatDoaoti
1380 4816 1459 4868 uerba
1466 4834 1494 4882 p.
1502 4819 1595 4876 373,7.
