3346 5558
830 341 899 395 ΔΒΕ
916 342 1048 394 aspum

753 563 799 625 uu
823 563 1131 627 outunosn'touo

378 699 562 782 Praepositio
584 708 718 780 estpars
740 701 891 770 orationis,
915 719 991 781 quae
1012 702 1180 783 praeposita
1203 701 1269 762 aliis
1291 700 1424 782 partibus
1447 703 1589 766 orationis

293 804 538 881 significationem
568 820 669 864 earum
700 811 750 862 aut
782 799 902 882 conplet
933 809 984 863 aut
1014 811 1110 865 mutat
1138 810 1187 863 aut
1214 803 1342 865 minuit'
1374 805 1588 884 Praepositioni
1667 807 1668 888 l

293 904 400 966 accidit
421 922 512 965 unum
536 910 664 973 tantum,
687 903 764 965 idest
786 923 873 966 casus
895 903 954 966 duo
977 905 1380 968 accusatiuusetablatiuus.
1425 906 1486 968 llac
1508 909 1585 968 enim
1667 893 1668 974 l

292 1015 361 1068 sunt
383 1007 618 1087 praepositiones
640 1025 724 1067 casus
746 1007 921 1069 accusatiui:
945 1006 981 1067 ad
1004 1007 1081 1088 apud
1104 1017 1172 1068 ante
1188 1008 1346 1069 aduersum
1369 1010 1412 1069 cis
1434 1010 1507 1070 citra
1529 1011 1611 1068 cir-⁵
1667 999 1668 1028 ¹

293 1127 360 1170 cum
388 1110 468 1170 circa
496 1117 598 1168 contra
628 1125 697 1186 erga
726 1116 808 1169 extra
836 1109 915 1169 iuter
943 1111 1020 1170 intra
1049 1111 1127 1172 inira
1150 1111 1231 1172 iuxta
1254 1109 1294 1171 ob
1316 1127 1395 1192 ponc
1417 1129 1472 1189 per
1495 1129 1587 1190 prope

257 1231 258 1236 ¹
292 1209 456 1272 secuudum
480 1217 546 1288 post
568 1217 651 1271 trans
674 1207 750 1271 ultra
773 1218 897 1291 propter
918 1229 1007 1291 supra
1030 1229 1123 1292 usquc
1145 1231 1248 1292 penes.
1287 1211 1441 1286 Quomodo
1464 1211 1587 1272 dicimus

292 1311 328 1373 ad
345 1319 458 1390 patrem
477 1357 484 1372 .
502 1358 509 1372 .
527 1357 534 1372 .
552 1357 559 1373 .
578 1318 607 1372 et
622 1311 658 1372 ad
682 1319 795 1392 patres,
820 1319 890 1392 aput
912 1310 1012 1372 uillam
1036 1331 1101 1374 sum
1123 1321 1153 1372 et
1174 1320 1246 1394 aput
1267 1313 1368 1382 uillas,
1392 1323 1460 1374 ante
1483 1313 1586 1375 aedem

292 1423 338 1476 sto
362 1421 392 1475 et
414 1421 482 1476 autc
505 1413 609 1484 aedes,
637 1413 796 1474 aduersum
826 1414 979 1475 inimicum
1008 1432 1108 1494 pugno
1131 1423 1161 1476 et
1182 1416 1341 1478 aduersum
1364 1417 1515 1484 inimicos,
1544 1417 1588 1476 cis

292 1517 416 1578 lluuium
438 1535 505 1578 sum
527 1523 557 1576 ct
578 1515 621 1576 cis
644 1515 766 1584 lluuics,
788 1517 863 1576 citra
880 1516 977 1576 lorum
1000 1523 1045 1577 sto
1068 1526 1098 1579 et
1119 1517 1193 1578 citra
1215 1518 1296 1586 lora,
1319 1518 1431 1578 circum
1456 1519 1586 1578 uicinum
1601 1535 1622 1572 ιο
1667 1571 1668 1574 ,

287 1617 429 1680 discurro
451 1625 481 1678 ct
502 1618 615 1678 circum
639 1617 768 1687 uicinos,
792 1619 871 1678 circa
897 1619 1039 1697 templum
1062 1616 1180 1680 ambulo
1196 1626 1226 1679 ct
1240 1619 1319 1679 circa
1342 1617 1461 1698 templa,
1485 1611 1594 1680 contra'
1667 1689 1668 1696 ἵ

292 1719 409 1782 bostem
425 1737 524 1802 pugno
541 1727 570 1780 ct
585 1728 686 1786 contra
703 1717 817 1788 bootes,
841 1735 910 1797 erga
933 1722 1133 1801 propinquum
1156 1727 1186 1780 et
1208 1737 1277 1798 erga
1300 1723 1485 1801 propinquos
1500 1720 1586 1788 uado,
1667 1791 1668 1796 γ

291 1832 373 1886 extra
390 1823 552 1884 terminum
567 1823 663 1914 migro
680 1828 708 1881 ct
724 1830 805 1881 extra
821 1821 979 1890 terminos,
1003 1823 1082 1882 inter
1104 1840 1211 1883 nauem
1234 1822 1311 1883 uado
1333 1831 1363 1883 et
1384 1823 1462 1884 inter
1484 1840 1586 1890 naues,

290 1926 368 1986 intra
392 1943 509 1998 murum
532 1923 623 1986 sedeo
645 1931 675 1984 et
696 1923 774 1983 intra
798 1939 907 1992 muros,
929 1923 1006 1984 iulra
1029 1931 1139 1985 tectum
1163 1943 1228 1984 sum
1251 1932 1281 1984 ct
1302 1925 1378 1985 inira
1394 1932 1482 1992 tecta,
1507 1925 1585 1986 iuxta

292 2025 447 2086 macellum
471 2034 518 2086 sto
540 2033 569 2086 ct
590 2026 669 2085 iuxta
692 2023 826 2091 macella,
850 2023 890 2084 ob
904 2025 1061 2100 augurium
1084 2027 1244 2105 praeuenio
1260 2033 1290 2086 ct
1305 2025 1343 2088 ob
1358 2027 1491 2104 auguria,
1508 2043 1584 2104 ponc
1599 2046 1621 2086 rs

290 2124 420 2188 tribunal
446 2127 546 2187 iudico
575 2132 605 2186 ct
632 2145 710 2206 pone
739 2123 911 2194 tribunalia,
940 2143 994 2204 pcr
1021 2128 1166 2206 parictem
1189 2127 1297 2206 aspicio
1321 2134 1350 2186 et
1370 2145 1426 2206 per
1449 2128 1584 2206 parietes,

290 2248 384 2309 prope
407 2230 568 2290 lencstram
592 2235 638 2287 sto
654 2235 684 2289 et
699 2247 793 2307 prope
818 2226 976 2302 fenestras,
1001 2227 1165 2289 secundum
1189 2226 1286 2308 legem
1309 2227 1406 2289 iudico
1428 2235 1459 2288 ct
1479 2246 1586 2289 sccun-

291 2329 360 2391 dum
390 2329 483 2408 leges.
513 2335 579 2410 post
607 2335 725 2408 tergum
748 2327 836 2407 alligo
859 2335 977 2410 etpost
999 2337 1097 2408 terga,
1126 2331 1208 2390 trans
1235 2331 1329 2409 ripam
1353 2330 1430 2391 uado
1453 2339 1483 2391 et
1505 2337 1586 2391 traos

290 2432 386 2510 ripas,
416 2431 492 2492 ultra
519 2433 607 2492 linem
630 2449 696 2492 sum
720 2438 750 2492 ct
770 2429 848 2494 ultra
870 2433 959 2503 finos,
990 2440 1113 2512 propter
1141 2433 1271 2494 oldcium
1300 2433 1389 2493 uenio
1411 2437 1441 2492 et
1462 2440 1586 2512 propter

290 2533 398 2602 cilicia,
422 2551 511 2612 supra
534 2532 649 2595 caelum
673 2531 799 2594 ascendo
822 2541 852 2594 et
872 2551 962 2613 supra
984 2532 1096 2604 caelos,
1121 2551 1214 2612 usquc
1237 2551 1318 2596 mare
1341 2533 1417 2594 uado
1440 2541 1471 2594 ct
1491 2552 1621 2614 usqueso

290 2636 398 2705 maria,
421 2653 514 2716 penes
537 2633 681 2696 arbitrum
703 2632 803 2694 iudico
825 2642 856 2695 et
877 2653 969 2714 penes
991 2636 1129 2698 arbitros.
1175 2636 1224 2696 Sic
1247 2653 1319 2714 ergo
1341 2653 1460 2715 semper
1482 2633 1584 2696 obscr-

289 2736 420 2799 uandum
441 2744 502 2805 est,
525 2744 558 2797 ut
578 2735 635 2797 bae
656 2737 902 2817 praepositiones
915 2738 978 2812 siue
1001 2739 1031 2799 in
1055 2737 1197 2816 singulari
1213 2755 1336 2798 numero
1351 2738 1414 2798 siue
1430 2738 1461 2798 in
1476 2735 1585 2817 plurali

290 2857 349 2900 uon
372 2839 494 2901 alterius
517 2857 604 2900 casus
625 2837 823 2910 declinationi,
848 2836 906 2901 nisi
929 2840 1091 2902 accusatiui
1112 2841 1253 2910 seruiant,
1277 2841 1381 2908 itaut,
1405 2857 1473 2899 cum
1495 2857 1584 2918 prae·
1667 2855 1668 2866 ¹

288 2943 451 3021 positiones
472 2943 554 3022 ipsae
577 2951 798 3021 praeponantur
819 2941 1004 3011 nominibus,
1033 2942 1070 3003 dc
1093 2939 1289 3003 declinatione
1316 2959 1401 3002 casus
1423 2942 1585 3002 accusatiui

289 3061 345 3105 nec
366 3062 424 3106 nna
445 3043 544 3105 littera
565 3041 766 3104 subtrabatur.
1582 3063 1619 3114 pu

373 3145 612 3227 Praepositioues
641 3163 727 3205 casus
755 3144 874 3207 ablatiui
902 3154 973 3208 sunt
999 3145 1070 3206 hae:
1100 3166 1116 3210 a
1144 3145 1181 3206 ab
1209 3143 1262 3205 abs
1289 3162 1356 3205 cum
1385 3163 1485 3205 coram
1508 3143 1582 3205 clam

288 3248 326 3308 de
349 3266 365 3308 e
388 3266 423 3308 cx
447 3266 502 3328 pro
525 3266 596 3327 prae
619 3244 715 3326 {talam
744 3247 808 3308 sinc
831 3245 943 3328 absque
967 3255 1063 3310 tenus.
1109 3245 1271 3309 Dicendum
1295 3264 1366 3325 crgo
1389 3253 1435 3306 est
1456 3265 1472 3306 a
1495 3246 1581 3307 domo

288 3348 365 3410 uado
388 3357 418 3409 ct
440 3367 455 3410 a
479 3348 630 3418 domibus,
654 3348 690 3409 ab
714 3347 833 3410 bomine
849 3395 857 3409 .
874 3395 882 3410 .
898 3395 905 3409 .
924 3396 931 3410 .
948 3357 978 3410 ct
999 3347 1037 3409 ab
1060 3346 1246 3423 bominibus,
1274 3347 1327 3408 abs
1349 3345 1555 3427 quolibet...
1574 3393 1582 3406 .

288 3459 318 3512 ct
345 3451 398 3512 abs
426 3450 534 3528 quibus
560 3450 647 3520 libet,
676 3469 743 3510 cum
773 3451 905 3512 exercitu
932 3459 979 3511 sto
1007 3457 1129 3512 etcum
1158 3447 1349 3525 exercitibus,
1380 3467 1479 3510 coram
1510 3456 1583 3510 teste

288 3553 354 3614 dico
378 3559 407 3613 et
428 3571 528 3614 coram
551 3551 693 3626 testibus,
725 3552 800 3613 elam
823 3553 944 3615 custode
1075 3559 1105 3613 et
1126 3551 1201 3613 clam
1224 3550 1411 3626 custodibus,
1436 3551 1472 3611 de
1495 3569 1618 3630 prae-so

287 3657 364 3716 torio
386 3662 491 3716 teneor
514 3661 544 3715 ct
572 3653 608 3714 de
636 3654 809 3734 praetoriis,
838 3673 854 3715 c
882 3661 962 3717 terra
989 3656 1085 3734 migro
1108 3664 1137 3716 ct
1159 3675 1175 3716 e
1198 3655 1301 3724 terris,
1330 3673 1366 3716 cr
1393 3654 1582 3734 praefectura

354 3943 370 3992 2
389 3957 455 4006 quac
472 3943 621 4008 praeposita
637 3968 671 3978 —
688 3942 780 3993 minuit
795 3959 843 3998 cnr.
862 3944 885 3993 A
962 3945 979 3994 3
996 3944 1093 3993 minuet
1109 3943 1129 3992 B
1201 3945 1313 3995 tunam
1332 3953 1429 3993 tantum
1447 3943 1545 3993 accedit
1562 3944 1582 3993 B

287 4010 349 4060 boec
366 4011 447 4070 enim,
465 4026 512 4061 cra.
532 4021 571 4060 est
588 4005 699 4060 A'enim
721 4009 808 4060 om.l3
893 4012 1167 4078 bpraepositionisd
1253 4011 1433 4079 'ipropterB
1457 4013 1582 4076 prctcrA

286 4095 365 4144 penes
383 4079 492 4128 dicimus
510 4079 576 4128 enirn
595 4079 615 4128 B
675 4081 692 4129 8
709 4078 742 4127 ad
761 4088 857 4144 patrem
876 4079 943 4146 apud
965 4079 1050 4129 uillam
1068 4091 1126 4130 oute
1143 4080 1231 4130 ecdem
1250 4088 1309 4137 etr..
1328 4081 1427 4131 emirum
1441 4080 1500 4143 sere
1517 4094 1582 4130 raro·

286 4155 378 4213 peret
395 4147 575 4211 uerbisfiuitlr
592 4148 724 4211 etforraic
739 4146 882 4212 pluralibus
900 4148 919 4196 B
988 4151 1004 4198 s
1022 4149 1059 4198 cis
1079 4149 1185 4198 lluuium
1204 4159 1228 4198 et
1247 4149 1340 4198 llunius
1359 4149 1379 4198 B
1449 4150 1482 4197 10
1499 4158 1540 4198 sto
1559 4158 1583 4197 et

285 4217 349 4266 citra
365 4215 422 4265 lora
440 4215 556 4265 discurro
574 4215 669 4264 circum
689 4215 799 4264 uicinum
818 4226 843 4264 et
863 4216 957 4265 circum
983 4217 1080 4266 uicinos
1099 4217 1121 4264 A
1226 4218 1258 4267 13
1279 4227 1304 4266 et
1325 4219 1392 4266 iutra
1415 4231 1494 4265 naues
1517 4217 1582 4265 inter

263 4293 268 4306 ·
285 4299 385 4334 murum
405 4286 427 4334 A
478 4283 544 4332 inter
561 4297 652 4332 narrem
670 4283 736 4334 iutra
753 4284 882 4334 moenium
902 4283 941 4334 uel
960 4299 1060 4333 murum
1078 4282 1145 4333 inire
1161 4293 1253 4334 tectum
1272 4284 1292 4334 B
1361 4277 1397 4335 16
1413 4282 1445 4350 pp
1464 4284 1539 4333 uenio
1559 4284 1581 4331 A

286 4353 318 4402 19
337 4361 420 4418 preter
438 4349 553 4400 cilicium
570 4353 647 4400 uenio
666 4362 690 4402 et
708 4361 808 4417 practer
826 4351 950 4401 oldciaA
1023 4355 1057 4403 20
1075 4367 1154 4417 super
1170 4351 1266 4402 caelum
1285 4354 1308 4401 A
1359 4367 1438 4417 super
1454 4351 1581 4402 caclcsA

286 4435 366 4482 usque
384 4435 453 4469 more
471 4418 511 4468 uel
530 4421 691 4470 oceanumB
758 4422 789 4470 ill
810 4435 882 4484 pene,
902 4421 978 4470 oon
1032 4419 1075 4470 Sic
1091 4419 1293 4486 ergo-littero
1311 4420 1477 4470 subtrabatur
1494 4419 1580 4473 ons,B

284 4487 392 4552 etipse
410 4498 583 4553 praeponatur
600 4489 745 4538 nominatur
762 4489 794 4537 dc
811 4487 1014 4538 declinatioqu
1083 4487 1116 4538 26
1134 4488 1339 4554 praepositiones
1357 4504 1403 4540 om.
1422 4488 1442 4537 B
1475 4487 1581 4537 ablatiui

285 4568 361 4603 casus
379 4554 541 4606 haesuntB
593 4555 744 4606 ablatiueA
828 4559 861 4608 27
879 4559 965 4622 preA
1017 4556 1127 4606 dicimus
1150 4556 1395 4607 enimodomoob
1413 4555 1580 4605 bomincsbs

285 4621 399 4681 quolibet
415 4637 473 4672 oum
491 4625 603 4674 exercitu
620 4639 705 4674 coram
724 4635 788 4676 teste
805 4625 869 4674 clam
890 4625 1042 4675 custodibus
1062 4624 1295 4689 singulariterncn
1313 4634 1352 4674 est
1369 4624 1401 4674 de
1418 4625 1549 4689 praeturio
1567 4639 1580 4672 e

284 4697 368 4738 cetero
387 4704 419 4738 ex
438 4691 595 4755 praelectum
613 4707 660 4757 pro
678 4693 768 4742 cliente
785 4708 848 4759 prae
860 4694 949 4743 timore
961 4693 1045 4758 palam
1060 4693 1177 4742 omnibus
1195 4693 1252 4742 siue
1268 4693 1355 4742 labore
1372 4693 1470 4754 ubsque
1487 4692 1580 4742 iniuria

284 4765 358 4804 tenus
376 4771 464 4822 puppe
481 4759 551 4819 quod
568 4775 616 4810 nos
633 4760 742 4810 dicimus
760 4776 829 4828 pupe
847 4761 956 4811 tenusB
1025 4762 1058 4812 28
1076 4761 1107 4809 ab
1125 4759 1229 4811 homine
1246 4762 1284 4810 sic
1301 4772 1326 4810 ct
1341 4761 1373 4809 ab
1391 4759 1540 4810 bominibus
1559 4759 1580 4808 A

285 4824 318 4874 29
335 4837 392 4872 curn
410 4827 522 4874 exercitu
540 4836 581 4876 sto
597 4843 729 4893 ruprorcr.
746 4827 760 4876 l
778 4842 808 4878 eo
826 4828 850 4878 A
918 4830 951 4879 30
969 4828 1082 4894 pretorio
1099 4830 1124 4879 A
1192 4831 1223 4881 31
1243 4843 1275 4879 ex
1292 4828 1437 4895 praelectus
1455 4827 1478 4876 A
