3378 5604
303 355 363 419 144
720 355 840 409 aunon
857 355 1126 410 EXPOSITIONES

383 545 541 606 l‘raeterea
565 563 654 606 omne
676 563 784 606 nornen
808 553 858 605 aut
880 546 1033 626 proprium
1058 553 1105 607 est
1126 552 1177 606 aut
1198 544 1420 626 appellatiuum.
1462 546 1605 624 Singulo-

298 665 365 708 rum
394 646 549 708 hominum
583 648 753 726 proprium;
790 645 985 726 appellatiua,
1014 665 1090 725 quae
1123 647 1285 708 multarum
1307 664 1425 717 renam,
1456 657 1489 708 ut
1510 647 1607 708 arbor

298 749 405 811 domus
428 747 571 828 templum
594 757 624 808 et
645 747 710 808 alia.
754 747 834 828 Ergo
858 767 911 810 nos
933 748 1075 810 docemus
1097 756 1126 809 et
1148 752 1178 810 in
1202 748 1258 810 lrac
1280 748 1462 818 delinitione,
1486 748 1605 810 nullum

298 871 362 913 esse
385 868 508 919 nomen,
533 853 581 912 cui
604 848 679 911 haec
700 869 759 912 non
782 853 839 911 tria
862 851 1015 926 accidunt,
1036 861 1078 935 ¹ut
1100 868 1201 912 casum
1224 849 1347 920 lrabeat,
1370 857 1400 912 et
1421 858 1472 911 aut
1494 869 1607 930 corpo·
1679 911 1680 936 1

298 952 359 1014 rale
387 953 425 1013 sit
454 959 505 1012 aut
531 943 731 1032 incorporate,
760 961 789 1013 et
816 959 866 1014 aut
894 955 1047 1034 proprium
1077 953 1114 1013 sit
1141 962 1191 1013 aut
1219 951 1446 1032 appellatiuum,
1476 959 1509 1014 ut
1530 961 1629 1032 putat
1679 937 1680 1008 l

297 1054 440 1116 Achilles:
470 1071 539 1114 ecce
568 1053 657 1114 lrabet
685 1071 785 1115 casum
808 1063 839 1114 et
861 1053 980 1116 uidetur
1008 1061 1039 1115 et
1060 1057 1191 1132 tangitur
1217 1072 1314 1130 neque
1342 1052 1520 1124 multorum,
1548 1057 1608 1116 aed

296 1159 482 1231 singulorum
506 1157 659 1235 proprium
683 1164 738 1216 est.

383 1259 501 1320 Nomini
523 1266 595 1335 quot
617 1256 770 1334 accidunt,
799 1256 876 1317 idest
898 1276 952 1336 per
975 1264 1048 1335 quot
1068 1266 1170 1337 partes
1192 1275 1301 1319 nomen
1323 1258 1490 1320 iudicaturi
1529 1258 1604 1320 l‘ro·
1680 1299 1681 1360 t

215 1435 219 1441 Ι
298 1363 361 1440 pria
384 1359 511 1422 dicimus
533 1359 669 1421 accidere
691 1357 756 1427 illa,
780 1377 855 1437 quae
877 1358 913 1418 ad
937 1365 1093 1419 tractatum
1117 1360 1284 1444 pertinent,
1307 1359 1384 1420 idest
1405 1369 1508 1441 partes
1531 1380 1602 1422 sex:
1680 1417 1681 1430 ,

297 1481 351 1541 per
378 1459 550 1541 qualitatem
573 1479 628 1540 per
657 1445 900 1540 conparationem
929 1479 982 1540 por
1010 1478 1105 1540 genus
1133 1479 1187 1541 per
1216 1479 1373 1524 numemm
1395 1481 1451 1544 per
1473 1463 1603 1541 liguram
1618 1477 1640 1512 u

297 1582 350 1641 per
373 1581 483 1624 casum.
529 1561 659 1634 Qualitas
682 1571 741 1630 est,
774 1579 849 1640 quae
872 1560 1001 1622 ostendit
1030 1580 1155 1632 nomen,
1185 1569 1284 1625 utrum
1307 1567 1461 1644 proprium
1486 1583 1525 1626 an
1549 1585 1603 1644 ap-

296 1664 483 1745 pellatluum;
516 1662 595 1724 aliud
624 1681 684 1724 non
707 1661 785 1725 licat.
830 1663 921 1724 Side
943 1665 1081 1744 proprio,
1111 1665 1309 1745 liuntpartes
1332 1674 1485 1743 quattuor,
1510 1677 1542 1728 et
1564 1668 1604 1726 de

298 1766 475 1848 appellatiuo
498 1767 571 1826 liunt
592 1774 693 1844 partes
715 1763 828 1826 XXVII.

381 1869 572 1948 Conparatini
595 1866 705 1945 gradus
727 1876 798 1928 sunt
819 1865 870 1927 lll:
895 1868 1040 1946 positione
1063 1869 1276 1948 conparatiuus
1298 1869 1509 1949 superlatiuus.
1543 1871 1602 1932 Po·

296 1973 416 2042 sitiuus,
441 1981 472 2030 ut
495 1968 612 2038 doctus:
637 1970 864 2048 conparatiuus,
888 1977 920 2029 ut
942 1968 1073 2037 doctior:
1097 1969 1313 2049 superlatiuus,
1337 1977 1370 2031 ut
1391 1970 1599 2034 doctissimus.
1615 1983 1639 2022 1⁵

297 2074 347 2134 lsti
370 2080 439 2134 sunt
461 2071 570 2152 gradus
592 2071 828 2151 conparationis,
852 2068 904 2132 sed
927 2071 1074 2149 positiuus
1097 2073 1194 2132 uarias
1217 2067 1272 2152 hall
1288 2071 1309 2131 i.
1323 2067 1403 2131 141·
1420 2070 1486 2156 libet
1507 2091 1602 2152 regu·

295 2175 352 2236 las:
377 2183 425 2236 aut
447 2175 478 2236 in
502 2189 536 2232 us
558 2174 631 2243 exit,
656 2180 689 2234 ut
709 2171 828 2240 doctus;
853 2173 913 2232 exit
928 2174 958 2233 in
974 2191 1005 2242 a,
1030 2180 1061 2233 ut
1076 2171 1177 2242 docta;
1201 2173 1305 2233 exitio
1322 2190 1389 2242 um,
1414 2179 1446 2234 ut
1460 2171 1601 2242 doctum;

295 2278 408 2338 onitin
431 2278 472 2344 is,
501 2282 534 2334 ιιι
556 2273 675 2342 docilis;
706 2275 765 2334 exit
786 2275 817 2334 in
841 2292 872 2342 e,
905 2272 1070 2343 maleuile:
1102 2277 1161 2337 exit
1182 2276 1213 2335 in
1237 2293 1305 2345 ans,
1336 2283 1369 2334 ut
1391 2291 1507 2343 amans:
1537 2277 1602 2335 exit

295 2379 324 2439 iu
341 2395 382 2446 er,
407 2385 439 2438 ut
453 2377 538 2456 piger
561 2378 654 2454 niger.
699 2376 801 2436 Varias
823 2373 942 2452 regulas
964 2383 994 2436 et
1016 2374 1123 2438 multas
1147 2375 1245 2437 lrabet.
1285 2375 1501 2457 Conparatiuus
1521 2375 1601 2436 duas
1682 2393 1683 2396 ’

294 2487 407 2540 tantum
435 2476 554 2556 regulas
581 2474 685 2538 habet:
720 2479 782 2538 exit
808 2477 838 2538 in
862 2494 896 2536 or
920 2484 949 2536 et
972 2485 1017 2538 est
1044 2479 1210 2538 communis
1238 2478 1373 2557 generis,
1402 2484 1434 2538 ut
1461 2476 1637 2546 doctior·;a·

295 2582 356 2641 exit
377 2581 407 2641 in
430 2581 475 2640 ius
497 2586 527 2639 et
550 2586 594 2639 est
616 2579 713 2639 neutri
742 2579 874 2657 generis,
905 2586 937 2638 ut
959 2579 1075 2640 doctius
1103 2579 1213 2640 clarius
1235 2578 1410 2641 mirabilius.
1455 2579 1600 2661 Superla-

295 2685 372 2744 tiuus
395 2700 467 2744 uero
488 2680 527 2741 lll
550 2679 641 2742 habet
661 2678 795 2760 regulas:
825 2680 927 2740 autin
950 2697 984 2740 ua
1008 2682 1081 2751 exit,
1106 2689 1138 2753 ut
1158 2680 1363 2751 doctissimum
1386 2689 1436 2743 aut
1459 2683 1488 2742 in
1512 2701 1538 2750 a,
1566 2695 1600 2742 ut

294 2784 477 2852 doctissinra;
501 2784 604 2845 autin
627 2800 691 2854 um,
715 2789 748 2842 ut
769 2781 984 2844 doctissimum.
1683 2807 1684 2839 ι

378 2887 460 2958 Quae
488 2887 607 2946 nomina
636 2885 854 2964 conparantur?
896 2881 1098 2964 Appellatiua,
1133 2885 1200 2964 quia
1229 2887 1350 2966 propria
1380 2905 1439 2946 nun
1468 2896 1601 2965 possunt

293 2987 451 3068 conparari
474 3005 529 3047 nee
552 2984 729 3066 appellatiua
752 2987 860 3045 omnia.
898 2984 963 3047 Non
987 2985 1064 3046 enirn
1087 3003 1245 3066 possumus
1267 2987 1368 3048 dicere
1391 2986 1482 3048 arbor
1504 2987 1597 3048 arlio-
1611 3003 1635 3040 a·-

291 3094 355 3152 rior
377 3089 582 3156 arborissima,
606 3086 694 3148 lromo
718 3085 875 3148 lromonior
897 3086 1138 3148 humanissimus.
1183 3087 1262 3168 Ergo
1278 3088 1406 3151 uidenda
1422 3099 1499 3158 sunt,
1516 3109 1598 3170 quae

292 3193 442 3273 recipiunt
476 3191 727 3270 conparationem.
772 3189 854 3261 Quae
891 3190 1059 3268 significant
1095 3189 1266 3269 qualitatem
1300 3201 1352 3253 aut
1384 3194 1594 3271 quantitatem.

292 3296 388 3368 Quot?
432 3292 577 3363 Quattuor
608 3299 677 3353 sunt
706 3294 824 3370 specics
858 3299 987 3362 tantum,
1022 3310 1098 3371 quae
1130 3290 1302 3368 qualitatem
1336 3301 1365 3353 et
1397 3295 1596 3373 quantitatem

291 3398 471 3477 significant,
502 3413 538 3457 ex
567 3394 676 3473 quibus
703 3400 764 3454 tres
793 3393 943 3471 qualitatis
966 3400 996 3454 et
1018 3411 1075 3455 una
1099 3394 1282 3473 quantitatis.
1329 3393 1492 3466 dualitatis
1518 3414 1596 3474 ergo

290 3500 406 3578 species
428 3515 504 3578 quae
526 3496 612 3557 sunti
655 3495 700 3558 tt
722 3496 821 3556 animo
844 3515 859 3556 a
883 3512 1009 3573 corpore
1032 3496 1227 3556 extrinsecus.
1272 3493 1379 3556 Omnia
1400 3497 1490 3564 enirn,
1514 3516 1595 3576 quae
1610 3515 1632 3550 :a

291 3601 328 3662 ab
351 3603 453 3662 animo
476 3597 643 3668 trahuntur,
672 3597 821 3676 rccipiunt
843 3599 1099 3678 conparationem,
1130 3607 1162 3658 ut
1183 3596 1290 3659 stultus
1312 3596 1431 3659 stultior
1452 3597 1595 3660 stultissi-

291 3721 371 3770 mus,
400 3703 520 3781 sapiens
542 3699 706 3782 sapientior
728 3700 972 3780 sapientissimus.
1018 3699 1106 3770 ltem,
1135 3718 1210 3780 quaa
1232 3720 1248 3760 a
1272 3718 1399 3780 corpore
1421 3709 1593 3772 sumuntur,

291 3805 438 3883 rccipiunt
460 3804 715 3881 conparationem,
739 3810 772 3863 ut
794 3802 879 3882 niger
901 3803 1016 3880 nigrior
1039 3803 1239 3880 nigrissimus,
1269 3801 1413 3864 candidus
1434 3801 1595 3865 candidior

290 3905 525 3967 candidissimus.

375 4009 457 4080 Quae
480 4009 666 4068 extrinsecus
688 4025 704 4068 a
727 4007 862 4074 lortuna,
886 4013 919 4068 ut
940 4013 991 4066 aut
1012 4023 1126 4086 pauper
1148 4007 1186 4066 sit
1208 4016 1259 4068 aut
1280 4006 1365 4067 diuos
1387 4016 1439 4068 aut
1459 4005 1592 4068 honora·
1607 4017 1630 4057 ιι

290 4120 348 4171 tus:
380 4119 410 4169 et
430 4111 487 4171 ista
515 4110 667 4189 recipiunt
694 4109 951 4188 conparationem,
982 4116 1015 4168 ut
1037 4107 1191 4168 mendicus
1215 4109 1380 4170 mendicior
1403 4107 1592 4170 mendicissi-

289 4231 370 4282 mus,
400 4211 561 4272 honoratus
582 4210 756 4290 lponoratior
778 4210 1040 4279 honoratissimus,
1071 4209 1216 4273 honestus
1238 4211 1390 4272 honestior·
1413 4209 1591 4272 honestissi-

288 4334 364 4376 ntus.
409 4315 432 4375 n
460 4313 623 4392 quantitate
652 4330 722 4391 ergo
750 4313 866 4392 species
888 4330 904 4372 a
928 4328 1084 4374 mensura:
1122 4312 1228 4393 longus
1255 4311 1333 4374 latus
1360 4311 1436 4374 altus
1462 4329 1589 4393 paruus.

288 4417 406 4498 Absque
429 4417 494 4478 istis
516 4414 569 4476 llll
592 4415 727 4495 partibus
750 4413 829 4477 nulla
853 4433 901 4476 ras
923 4413 1030 4495 recipit
1050 4416 1304 4494 conparationem.

289 4539 428 4546 ».-.--

355 4607 472 4656 2rerum
491 4603 582 4654 addidi
649 4601 826 4654 ildillnitiona
893 4600 991 4650 atraec
1010 4615 1060 4650 uon
1078 4611 1129 4652 tres
1184 4597 1222 4667 ut]
1241 4613 1286 4652 aut
1336 4613 1361 4652 et
1378 4603 1469 4654 addidi
1502 4603 1590 4654 incor-

287 4673 375 4739 porale
392 4683 437 4723 aut
504 4671 627 4722 daclrilia
646 4669 687 4721 ete
736 4672 851 4737 tangitur·
868 4668 1005 4718 multorum
1024 4683 1086 4734 ergo
1105 4671 1238 4737 proprium
1256 4683 1296 4722 est
1345 4671 1451 4733 Squod
1468 4671 1590 4724 accidunt

289 4775 320 4823 ld
338 4775 548 4840 conparationeo,
567 4789 637 4826 corr.
655 4773 705 4822 -nis
773 4776 807 4824 20
824 4773 928 4822 comuni
996 4768 1209 4835 etquta1quaa
1294 4775 1328 4824 26
1345 4747 1588 4828 nr·biornrbi;⁵;irtra

287 4842 320 4892 ‘28
338 4861 355 4911 q
376 4843 418 4892 llll
438 4853 497 4892 sttut
566 4841 600 4890 29
617 4841 746 4902 qualitatis
764 4843 856 4891 urlclt'rli
923 4843 957 4892 35
976 4855 1002 4890 ιιι
1019 4841 1110 4890 addim·
1177 4842 1313 4892 ltortcrtttna
