3378 5550
13 969 16 1082 l

587 356 636 408 DE
655 354 957 410 ORTHOGRAPHIA.

684 574 768 642 Cae.
783 573 863 641 IIII.

129 709 389 778 CASSIODORI
402 709 658 778 DIVINARVM
673 709 845 777 ARTIVM
866 709 1201 778 INSTRVOTIONIS
1218 710 1312 778 OAP.
1330 711 1422 778 XXX

234 813 296 879 ΑΙ)
318 813 458 878 FIDEM
480 811 676 880 CODIOVM
698 811 987 879 BERNENSIVM
1009 811 1310 880 RECOGNITVM.

212 970 349 1048 11331133
370 973 402 1032 in
423 971 528 1033 codice
550 969 702 1032 Bonnense?
719 977 772 1030 171
792 989 872 1033 saec.
890 973 1021 1040 rit-rt,
1045 973 1099 1049 pni
1118 972 1227 1034 Sancti
1245 973 1425 1048 Hieronymi

123 1075 295 1152 presbyteri
314 1077 345 1135 in
369 1077 444 1136 noui
463 1075 632 1135 testamenti
651 1075 746 1135 tidros
766 1077 995 1136 commentarios
1015 1075 1162 1151 continet,
1185 1080 1422 1150 3331333333-

127 1185 186 1236 taen
210 1179 242 1237 in
266 1177 454 1237 Muttineum
475 1185 505 1237 et
527 1185 598 1237 onte
620 1177 778 1237 Marcioni
797 1179 925 1252 initium,
947 1169 982 1237 in
1001 1179 1120 1254 popina
1141 1193 1220 1252 uno,
1251 1193 1331 1252 quoe
1352 1178 1422 1238 otim

126 1295 228 1339 33333
249 1280 358 1340 relicto
376 1277 498 1357 suerat,
524 1280 660 1340 monibus
680 1280 768 1340 motio
789 1279 909 1354 eaden,
932 1297 994 1355 quo
1015 1286 1118 1340 cetero
1139 1295 1220 1338 suec.
1243 1279 1311 1354 IX,
1334 1279 1423 1339 motio
1462 1325 1464 1330 .

127 1382 329 1442 3113333333.
353 1381 389 1440 X
406 1383 551 1458 serapium
578 1389 622 1441 est
648 1383 713 1442 sine
741 1383 803 1442 nito
824 1383 953 1442 nominis
974 1384 1086 1443 indicio
1109 1382 1284 1442 cassiodori
1303 1381 1422 1442 diuino-

13 1557 15 1564 ,
126 1499 192 1542 rum
220 1485 333 1544 nrtintm
362 1485 565 1545 instructionis
591 1499 662 1560 cop.
687 1481 796 1552 XXX,
818 1485 914 1560 qnod,
942 1486 1015 1559 quic
1043 1485 1086 1543 ott
1117 1483 1422 1559 ortitopropltimrnm

126 1585 293 1646 studiorum
315 1585 473 1647 historiam
494 1587 733 1660 cognoscendam
756 1601 845 1660 quom
867 1588 999 1648 maxime
1015 1588 1162 1662 pertinet,
1187 1587 1284 1645 attero
1306 1601 1423 1661 quoque

127 1689 304 1749 Cassiodori
322 1687 428 1750 codice
449 1686 544 1748 Bern.
570 1692 627 1746 225
650 1687 786 1748 adnibito
807 1687 857 1748 nic
878 1689 1066 1764 subiunpom.

211 1788 276 1868 Ego
299 1795 397 1850 133333
420 1789 516 1849 131333
537 1794 639 1849 uotum
662 1806 776 1859 meum,
800 1787 878 1870 quod
893 1791 1048 1851 inter'uos
1069 1805 1274 1869 quaecumque
1296 1797 1423 1869 possunt

129 1909 277 1971 corporeo
297 1889 399 1952 labore
423 1889 582 1970 compleri,
605 1891 838 1970 antiquariorum
863 1892 935 1953 milti
958 1891 1071 1962 studia,
1103 1895 1128 1953 si
1152 1897 1250 1952 tamen
1273 1892 1423 1952 ueraciter

128 1991 277 2060 scribant,
302 2010 360 2053 non
383 1993 523 2054 inmerito
545 1993 669 2053 forsitan
690 1991 757 2072 plus
778 1992 911 2073 placere,
935 1992 1012 2074 33331
1035 2001 1065 2054 31
1087 2001 1215 2054 mentem
1239 2011 1322 2055 suam
1345 1991 1442 2053 rele··
1519 1995 1523 2006 '

128 2092 225 2172 gendo
255 2095 420 2174 scripturas
448 2093 564 2156 diuinas
592 2093 761 2155 salutariter
789 2097 940 2157 instruunt
962 2103 992 2156 et
1013 2095 1127 2157 domini
1158 2102 1318 2176 praecepta
1347 2095 1421 2156 3331-

106 2195 229 2258 313313
245 2194 332 2276 longe
347 2194 464 2274 lateque
481 2196 685 2258 disseminant.
716 2196 797 2258 Felix
819 2198 960 2268 intentio,
985 2196 1129 2260 laudanda
1152 2196 1308 2268 sedulitas,
1331 2215 1421 2258 manu

127 2297 301 2360 bominibus
323 2299 515 2378 praedicare,
538 2294 645 2378 digitis
666 2297 781 2377 linguas
796 2299 928 2379 aperire,
952 2299 1078 2362 salutem
1101 2298 1278 2361 mortalibus
1299 2302 1420 2361 tacitam

127 2399 198 2462 dare
221 2409 254 2461 et
275 2410 378 2463 contra
402 2399 510 2462 diaboli
532 2398 741 2481 subreptiones
763 2401 894 2462 inlicitas
908 2401 1021 2463 calamo
1036 2409 1260 2483 atramentoque
1275 2419 1419 2483 pugnare.

127 2503 183 2564 Tol
206 2505 288 2564 enim
311 2502 433 2564 uulnera
457 2503 580 2564 Satanas
603 2503 724 2584 accipit,
753 2511 825 2584 quot
853 2505 1035 2584 antiquarius
1058 2505 1170 2566 domini
1193 2503 1286 2566 uerba
1310 2503 1421 2566 descri-

127 2604 182 2670 bit.
228 2605 292 2666 133
319 2607 420 2683 itaque
447 2604 513 2666 loco
541 2607 617 2668 situs
644 2609 746 2686 operis
773 2609 818 2668 sui
848 2605 1091 2668 disseminatione
1120 2625 1174 2688 per
1196 2607 1330 2668 diuersas
1352 2623 1421 2686 pro·

96 2721 116 2758 ¹⁰
128 2709 246 2769 3133133
268 2705 359 2770 uadit.
397 2705 429 2768 ln
451 2705 525 2769 locis
548 2710 660 2770 sanctis
680 2708 789 2787 legitur
811 2706 895 2770 labor
917 2709 1029 2788 ipsius,
1053 2708 1178 2770 audiunt
1200 2707 1316 2789 populi,
1341 2707 1420 2769 unde

127 2829 158 2870 se
181 2829 198 2872 a
220 2827 314 2891 praua
338 2807 490 2872 uoluntate
512 2817 687 2872 3333331331
710 2818 741 2871 31
762 2811 883 2871 domino
905 2828 979 2891 pura
1004 2820 1103 2873 mente
1125 2810 1306 2872 deseruiant.
1345 2809 1423 2890 Ope·

127 2920 212 2973 ratur
241 2911 350 2974 absens
376 2911 412 2972 de
442 2929 532 2992 opere
556 2896 618 2973 suo.
663 2912 784 2994 Nequeo
812 2912 913 2974 dicere
941 2911 1176 2974 uicissitudinem
1205 2910 1288 2974 illum
1317 2911 1354 2973 de
1381 2919 1425 2986 tos

128 3013 216 3076 bonis
239 3033 298 3076 non
320 3031 408 3095 posse
437 3013 614 3085 subsistere,
644 3015 789 3076 31133133
813 3032 871 3076 333
901 3015 1074 3095 cupiditatis
1101 3013 1230 3086 ambitu,
1259 3014 1310 3076 sed
1339 3023 1422 3076 recto

128 3115 226 3178 studio
248 3115 319 3179 13113
342 3123 482 3178 noscatur
503 3117 637 3186 eilicere;
662 3115 754 3180 uerba
777 3115 913 3178 caelestia
937 3115 1113 3196 multiplicat
1134 3116 1223 3178 bomo
1246 3125 1275 3178 et
1296 3117 1422 3197 quadam

95 3219 344 3297 usigniiicatinne
367 3217 598 3298 comprobabili,
623 3220 649 3279 31
671 3219 716 3280 133
738 3227 782 3280 331
804 3217 920 3290 dicere,
944 3218 1041 3280 tribus
1055 3219 1159 3298 digitis
1174 3219 1326 3292 scribitur,
1343 3219 1422 3299 quod

128 3323 226 3382 uirtus
248 3329 368 3383 sanotae
390 3322 536 3383 trinitatis
558 3320 674 3382 ellatur.
706 3320 736 3391 ,Ο
758 3319 956 3402 spectaculum
980 3320 1055 3384 hene
1078 3321 1338 3384 considerantibus
1359 3320 1421 3400 glo·

128 3423 258 3486 riosum!
281 3421 435 3485 Arundine
459 3431 597 3485 currente
619 3421 713 3484 uerba
736 3422 875 3486 caelestia
899 3423 1120 3496 describuntur,
1136 3434 1178 3494 ut,
1194 3422 1272 3485 unde
1289 3420 1424 3486 diabolus

128 3535 221 3607 caput
248 3525 360 3588 domini
389 3527 419 3587 13
446 3528 615 3607 passionem
639 3526 711 3588 iecit
732 3528 865 3607 percuti,
895 3525 965 3588 inde
995 3527 1058 3588 eius
1087 3524 1233 3588 calliditas
1255 3529 1349 3608 possit
1369 3544 1421 3598 ex·

128 3630 235 3708 tingui.

96 3743 117 3782 2⁰
214 3729 337 3793 Accedit
359 3731 447 3792 etiam
470 3729 608 3793 laudibus
630 3749 748 3800 eorum,
777 3731 855 3812 quod
879 3731 987 3793 lactum
1011 3731 1124 3793 domini
1145 3729 1246 3811 aliquo
1268 3730 1356 3792 modo
1378 3732 1423 3793 ui·

129 3833 239 3896 dentur
261 3833 389 3904 imitari,
413 3835 463 3913 qui
485 3831 580 3912 legem
604 3851 702 3902 suam,
725 3831 796 3895 licet
817 3833 981 3912 figuraliter
1002 3834 1041 3894 sit
1063 3833 1188 3904 dictum,
1212 3828 1425 3914 omnipotentis

130 3933 213 4015 digiti
241 3937 414 4016 operatione
442 3937 631 4014 conscripsit.
682 3933 771 3996 Multa
798 3943 867 3998 sunt
894 3935 1031 4016 quidem,
1060 3954 1134 4016 quae
1163 3935 1199 3996 de
1226 3943 1286 3997 tam
1314 3936 1424 4015 insigni

130 4047 194 4099 3313
218 4037 398 4106 relocantur,
422 4036 473 4098 sed
496 4039 607 4100 suflicit
629 4055 681 4098 eos
704 4037 762 4099 dici
778 4037 931 4109 librarios,
955 4039 1004 4118 qui
1020 4035 1114 4099 libere
1137 4037 1257 4100 domino
1280 4039 1423 4102 iustitiae·

199 4310 264 4365 God.
282 4307 362 4360 Bern.
383 4312 431 4360 171
454 4310 550 4362 duobus
571 4310 683 4363 monibus
704 4311 816 4374 scriptus
838 4327 906 4362 cneo.
926 4309 970 4361 IX
986 4319 1012 4362 et
1030 4309 1056 4360 X
1072 4327 1107 4356 ==
1124 4312 1163 4368 A:
1193 4311 1250 4362 eod.
1270 4307 1351 4362 Bern.
1371 4313 1423 4362 225

130 4395 199 4433 enee.
218 4377 261 4430 XI
279 4399 313 4420 ==
330 4377 355 4427 B
424 4377 522 4429 ch.A
542 4380 628 4430 1113133
646 4383 668 4431 13
685 4387 737 4430 eat:
755 4378 799 4428 Die
818 4377 1032 4438 surrovnaus
1052 4378 1093 4429 ET
1112 4377 1423 4430 COMMEMORATIONE

132 4445 345 4510 beroensem
363 4448 389 4498 in
405 4446 432 4496 B
449 4449 593 4500 nudasset.
660 4446 829 4499 dsalubriter
848 4449 966 4498 Geretins
1025 4449 1152 4497 instruant
1170 4474 1201 4484 -
1219 4447 1423 4498 disseminentB
1465 4497 1470 4506 ,

133 4515 254 4568 Gerenos
321 4514 492 4581 dlinguisb
544 4516 643 4566 incitam
665 4517 783 4567 Goretius
800 4517 902 4568 tacitum
921 4515 965 4564 ΑΒ
1035 4515 1200 4566 7111131133Β
1267 4517 1423 4567 8331133333

132 4583 151 4631 Β
204 4584 382 4650 9133313133
400 4582 444 4633 ΑΒ
514 4585 546 4634 10
564 4584 714 4634 1313333311
775 4586 806 4636 13
823 4585 963 4634 subsistere
981 4585 1000 4632 A
1020 4585 1153 4650 percipere
1171 4583 1191 4632 B
1210 4584 1329 4634 Geretius
1379 4601 1447 4648 33,

132 4652 219 4716 picatis
238 4657 258 4702 Α
346 4653 379 4702 16
396 4650 608 4716 significationem
626 4647 662 4720 A]
682 4653 816 4704 Hactenus
832 4654 888 4702 cori.
907 4655 932 4705 A
949 4669 1015 4704 mun.
1034 4651 1053 4701 1
1068 4667 1137 4703 3333.
1154 4651 1214 4710 IX,·
1234 4651 1325 4704 abiline
1340 4669 1371 4705 m.
1389 4653 1424 4703 11

132 4736 200 4771 enee.
219 4719 245 4769 X
314 4719 481 4786 contrapabdi
500 4721 523 4768 Α
592 4721 624 4772 tc
642 4729 728 4772 333313
745 4722 769 4770 Α
838 4723 869 4772 18
887 4731 964 4786 eaput
981 4721 1077 4771 domini
1095 4720 1266 4784 supnotin.B
1318 4721 1344 4770 13
1362 4715 1424 4786 pas*-

13 4827 14 4848 ,
133 4773 780 4854 313336333113313ρ3331331111133111313111
831 4788 989 4840 caliditesA
1063 4790 1097 4839 10
1114 4788 1248 4838 33311111
1315 4791 1349 4840 11
1366 4790 1422 4852 qui-

133 4857 190 4907 dem
209 4867 270 4907 3331
288 4857 407 4908 donatista
474 4859 507 4908 13
525 4855 705 4908 3313333133Β
758 4857 975 4908 111131331311
1043 4855 1233 4924 lustlelsqueB
