3560 5574
453 364 491 416 IN
510 362 594 418 DON.
613 362 739 414 nsueti
757 362 938 416 lantonem.
1287 357 1351 424 255

62 553 172 632 snper
194 551 332 614 arbore
353 552 515 621 sidunt’;
545 550 692 612 ‘subter
721 550 832 613 densa
856 551 1049 613 testudine
1070 554 1207 613 cesus'.
1252 549 1473 630 Superesse

61 665 88 716 et
108 652 212 716 subter
234 655 358 734 figurate
381 654 430 717 lrie
452 653 549 718 locum
572 655 747 734 significant.
791 653 956 716 ‘Testudo’
979 663 1025 716 est
1046 671 1164 715 camera
1186 660 1350 738 scutorum,

62 775 116 836 qua
146 755 255 818 milites
283 764 387 835 tegunt
415 757 510 837 eapite
538 775 608 830 sua,
637 776 704 819 curn
733 756 898 818 escendunt
925 773 1054 818 murum.
1098 753 1440 834 llultasuperss1‚o

62 860 205 920 Priamo
227 859 407 937 rogitans.
445 857 541 922 Verba
563 868 633 922 sunt
654 859 791 930 Didonis,
814 857 851 921 ad
874 877 961 939 quarn
985 877 1052 921 eum
1076 861 1209 921 uenisset
1226 859 1349 927 deneas,

40 958 262 1040 sinterrogabat
288 979 357 1022 eum
384 960 420 1022 de
449 959 567 1022 Priamo
595 979 666 1041 rege
687 961 886 1024 Troianorum
915 968 945 1022 et
971 960 1008 1021 de
1030 959 1159 1022 Hectore
1187 959 1246 1022 filio
1278 962 1352 1021 eins.

62 1064 228 1126 Conlieio
256 1064 282 1124 i·
306 1064 445 1124 excrucio
474 1062 523 1125 uel
551 1065 654 1144 punio.
698 1061 770 1124 lnde
793 1063 1004 1124 ‘coniectores’
1027 1062 1454 1126 dicunturearnidces.sor,1s

62 1165 229 1245 Suscipio
256 1161 416 1244 aliquando
443 1165 589 1244 signifieat
622 1183 751 1228 ueneror
776 1167 803 1225 i·
832 1165 957 1226 honoro.
1007 1166 1126 1245 Antiqui
1155 1167 1241 1226 etlam
1270 1166 1415 1244 geni-am,
1431 1182 1455 1219 u

63 1269 120 1327 tiuo
143 1265 306 1345 iungebant
327 1268 577 1347 praepositiones,
607 1277 639 1330 ut
662 1273 821 1330 ‘crurum
846 1267 965 1329 tenus'
987 1285 1042 1348 pro
1065 1285 1155 1329 crure
1178 1277 1273 1329 tenus.
1316 1266 1354 1328 Et
1367 1285 1414 1330 ser,
1433 1283 1456 1322 15

64 1377 106 1429 est
127 1369 238 1430 Graeca
261 1369 364 1448 ligura,
387 1373 455 1448 quia
478 1370 586 1431 Graeci
609 1388 668 1432 non
690 1369 802 1432 hahent
822 1369 999 1438 ablutiuum,
1022 1368 1074 1430 sed
1097 1367 1163 1431 loeo
1186 1371 1250 1432 eius
1271 1369 1354 1448 geni·

34 1471 122 1530 totiuo
143 1477 278 1532 utuntur.
322 1471 406 1534 ‘lloe
428 1471 564 1552 peleare'
588 1481 619 1534 et
641 1473 732 1550 ‘llaec
754 1469 916 1553 paleeria’:
944 1475 1062 1550 signum
1092 1479 1136 1532 est
1164 1471 1235 1532 boni
1257 1469 1353 1541 botris,

65 1571 180 1651 quando
206 1571 325 1653 paleare
355 1575 380 1634 i·
411 1575 527 1636 corium
555 1595 571 1636 a
598 1582 699 1637 mento
728 1593 849 1636 crurum
877 1581 976 1646 tenus,
1010 1575 1034 1636 i·
1064 1591 1160 1651 usque
1193 1572 1230 1633 ad
1265 1591 1353 1634 crura

66 1674 182 1754 pendet.
209 1709 251 1720 -
283 1675 460 1757 Suppositne
489 1679 723 1758 praepositiones
752 1677 996 1755 significationem
1026 1675 1156 1756 perdunt
1183 1676 1203 1735 i·
1233 1691 1482 1742 sensumeomsre

66 1785 93 1835 et
120 1779 181 1838 uim
211 1779 354 1848 nominis,
392 1780 450 1840 iam
484 1799 544 1841 non
578 1788 646 1841 sunt
675 1781 925 1860 praepositiones,
957 1780 1010 1840 sed
1042 1779 1271 1859 suppositiones.
1314 1776 1417 1844 Etuu,
1433 1797 1457 1836 xe

67 1877 180 1958 legem
202 1860 419 1960 propriam]
434 1883 503 1961 quia
525 1881 571 1944 lex
593 1883 822 1963 praepositionis
844 1890 921 1952 erat,
944 1889 978 1943 ut
997 1889 1243 1962 praeponeretur.
1284 1879 1355 1940 llo·
1368 1884 1417 1945 ast,
1431 1899 1456 1938 so

38 1989 171 2043 renatus
200 1982 276 2044 dixit
303 2000 394 2044 unum
425 1983 564 2046 accidens
592 2004 660 2046 esse
685 1985 715 2046 in
744 1986 980 2066 praepositione,
1015 1982 1067 2044 sed
1100 1982 1220 2061 quidam
1250 1988 1356 2063 putent

69 2083 184 2160 liguram
208 2092 238 2146 et
259 2083 406 2146 ordinem.
450 2085 582 2167 Simplex
605 2089 713 2167 ligura,
738 2095 770 2148 ut
792 2085 897 2155 ‘ebs’;
927 2086 1104 2166 composita,
1137 2093 1168 2146 ut
1198 2083 1354 2164 ‘absque’.

69 2185 254 2257 Ordinem,
278 2187 347 2264 quia
370 2188 514 2264 quaedam
538 2197 762 2270 praeponuntur
785 2197 814 2249 et
836 2187 909 2250 aliae
932 2194 1157 2268 supponuntur;
1179 2185 1251 2248 inde
1273 2187 1354 2247 Vir·
1368 2203 1417 2250 sn,
1432 2206 1457 2245 ee

69 2286 191 2364 gilius:
215 2294 271 2349 ‘te
294 2290 392 2350 sino'
416 2308 471 2369 pro
493 2292 568 2352 ‘sine
591 2293 631 2352 te’
656 2301 686 2353 et
708 2289 861 2372 ‘capulo
882 2295 1022 2352 tenus’.

520 2495 570 2557 nu
591 2469 892 2559 tursiuscrlous.

40 2607 61 2646 ³⁰
146 2613 317 2673 luterieetlo
346 2613 456 2676 dicitur
483 2613 520 2676 ab
547 2615 776 2688 interiaeiendo,
804 2617 888 2696 quie,
918 2615 1037 2697 quaudo
1065 2616 1102 2677 de
1129 2613 1194 2676 aliis
1221 2612 1357 2694 partibus

72 2710 221 2791 loquimur,
246 2716 429 2795 erumpimus
451 2719 481 2778 in
504 2718 722 2780 interiectiuam
746 2736 853 2780 uocem
869 2719 928 2780 acti
941 2718 1050 2798 gaudio
1066 2718 1113 2780 uel
1129 2717 1258 2788 tristitia,
1275 2723 1356 2776 metu

72 2813 112 2873 nol
140 2814 253 2878 dolore.
305 2817 515 2880 lnteriocte
543 2821 568 2878 i·
592 2822 779 2900 interposite.
824 2821 946 2882 luuente
973 2828 1020 2880 est
1046 2819 1212 2880 interiectio
1242 2817 1277 2878 ad
1301 2816 1458 2884 nossemus

73 2917 186 2980 allectus
221 2919 312 2980 animi
342 2919 569 3001 exprimendos:
601 2927 652 2982 eut
680 2925 759 2983 enirn
789 2923 930 3002 exprimit
960 2923 1096 2984 allectum
1133 2922 1306 2989 metuentis,
1335 2921 1356 2979 i·

73 3017 209 3088 timentis,
232 3029 302 3082 ut.
336 3067 343 3082 .
379 3069 386 3083 .
421 3069 428 3084 .
464 3069 471 3084 .
506 3069 548 3084 ..
577 3071 584 3085 .
612 3071 619 3085 .
649 3025 760 3085 uideo
783 3022 921 3086 subitis
943 3025 1091 3104 lapsura
1115 3024 1251 3085 ruinis.
1296 3020 1355 3082 ‘Ei’

45 3115 158 3200 ²⁵interll
183 3117 245 3184 195
269 3121 373 3206 pisctu
394 3133 440 3186 est
462 3124 681 3206 monosyllaba,
712 3127 774 3187 ‘ei'
798 3145 872 3188 uero
894 3143 1060 3206 pronomen
1089 3123 1359 3254 disyllabumpxaut

76 3221 199 3285 allectum
224 3223 345 3304 optandi
368 3227 519 3306 exprimit,
544 3235 591 3287 ut:
616 3230 653 3287 ‘o
676 3227 866 3290 Gallorum
890 3228 1049 3299 uictor';
1073 3233 1123 3289 aut
1143 3227 1281 3288 allectum
1305 3225 1357 3284 do·

76 3319 152 3384 lentis
174 3327 316 3406 exprimit
337 3327 519 3404 interiectio,
542 3339 575 3390 ut
595 3328 699 3400 ‘heu’,
723 3341 753 3394 et
775 3328 932 3410 aliquando
954 3331 985 3392 in
1007 3336 1102 3390 metro
1124 3331 1301 3408 geminatur,
1326 3335 1359 3388 ut

78 3433 190 3501 poeta:

347 3555 352 3572 .
394 3515 470 3577 lleu
493 3516 562 3579 lieu
585 3535 688 3597 quarn
712 3519 842 3598 pingui
864 3536 1001 3588 rnacer;

50 3619 124 3672 naut
142 3615 276 3677 allectum
300 3615 447 3689 laetantis,
478 3625 511 3679 ut
537 3637 621 3680 euax.
667 3619 771 3681 Graeci
797 3622 1035 3682 interiectionem
1063 3638 1122 3681 non
1151 3616 1275 3687 habent,
1305 3617 1357 3678 sed

81 3713 147 3778 inter
167 3717 310 3780 aduerbia
333 3718 483 3798 deputant.
527 3721 623 3782 Latini
645 3739 719 3783 uero
741 3741 800 3784 oon
823 3721 935 3784 habent
950 3719 1103 3790 articulos,
1128 3719 1179 3782 sed
1195 3719 1252 3782 illis
1268 3728 1356 3782 utun·

80 3823 118 3876 tur
137 3837 189 3898 pro
211 3820 447 3901 pronominibus.
493 3821 551 3884 Nos
574 3841 647 3884 uero
669 3824 765 3885 Latini
793 3841 852 3885 nnn
884 3825 1010 3886 lauimus
1036 3823 1178 3884 aduerbia
1206 3822 1243 3884 de
1265 3825 1357 3884 inter·

80 3915 256 3992 lectionibus,
292 3925 361 4002 quia
391 3942 451 3986 non
479 3927 578 3986 statim
608 3945 642 3986 ee
670 3925 796 3987 uerbum
824 3925 1023 4006 subsequitur.
1077 3926 1150 3987 Nam
1181 3923 1357 3986 aduerbium

82 4017 185 4094 dieitur,
208 4043 244 4084 eo
268 4025 347 4102 quod
369 4026 409 4094 sit
429 4027 509 4090 iuxta
533 4026 659 4089 uerbum
653 4029 772 4196 Aletes
795 4047 867 4088 uero
883 4047 972 4090 uoces
994 4029 1060 4090 sine
1083 4027 1177 4091 uerbo
1199 4028 1358 4107 prolerun·

86 4157 295 4170 *m

138 4245 150 4292 1
168 4245 255 4295 subter
272 4244 363 4313 densa]
387 4247 464 4314 Verp.
483 4249 549 4300 Aen.
568 4249 613 4298 ΙΧ
630 4251 681 4300 514
750 4251 766 4299 3
784 4245 875 4315 Mults]
899 4251 977 4313 Verp.
992 4251 1058 4299 Aen.
1077 4248 1155 4299 17⁵0
1222 4251 1238 4298 5
1257 4247 1360 4314 lrputnre

84 4309 108 4356 l'l
123 4309 251 4380 Virgilius]
273 4315 338 4366 Aen.
357 4315 418 4365 XII
435 4319 489 4368 883
560 4317 591 4367 18
609 4318 700 4383 euprrlo
719 4313 806 4384 tenus]
831 4317 909 4382 Verp.
930 4319 996 4370 Aen.
1014 4317 1048 4366 ΙΙ
1066 4321 1133 4373 553ς
1153 4317 1249 4366 Χ536
1325 4319 1358 4366 24

82 4375 139 4428 Ante
154 4381 226 4432 uideo
245 4384 338 4432 subitis
356 4389 405 4436 etc.
423 4387 519 4450 aliquot
537 4386 660 4436 uoeedulo
675 4386 813 4449 putredine
830 4393 995 4436 euomuerunt.
1054 4387 1089 4435 ‘25
1106 4385 1273 4446 dissyllabum
1325 4387 1358 4434 28

2 4457 3 4464 ¹
83 4443 471 4514 poets1Verp.Eel.111100
572 4456 605 4506 34
623 4455 694 4504 irrxts
715 4449 830 4518 uerbum]
856 4453 887 4503 ln
905 4471 984 4518 marp.
1003 4455 1039 4503 od
1059 4453 1122 4503 llaec
1143 4454 1298 4518 adscriptum
1321 4459 1359 4502 erl

2 4573 3 4594 i
83 4525 143 4563 mm
158 4520 254 4570 eodem:
274 4531 303 4568 ur
320 4521 387 4570 iuste
404 4521 511 4572 iudicat:
531 4523 597 4572 iuste
615 4522 764 4572 aduerbium
784 4531 832 4586 est,
851 4521 947 4572 iudicet
965 4521 1079 4571 uerbum.

138 4721 169 4771 25
186 4723 276 4774 Gloreo
292 4726 388 4776 eodies's
404 4725 546 4776 Bernerm's
561 4727 582 4789 s.
601 4723 651 4775 17¹³
669 4742 749 4792 morp.
769 4727 841 4777 dem:
866 4725 910 4775 llei
929 4726 1070 4776 interiectio
1090 4735 1129 4775 est
1147 4725 1258 4775 timentis
1278 4735 1302 4776 et
1319 4736 1359 4775 est

86 4789 276 4852 monosillahum,
296 4793 362 4844 unde
380 4794 495 4844 Aretor
513 4791 566 4856 (lid.
580 4794 616 4860 Ιζ
626 4797 666 4845 ed.
680 4794 745 4844 Ben.
757 4801 814 4844 tom.
829 4794 855 4843 X
865 4811 892 4859 p.
905 4797 956 4844 137
968 4792 1013 4858 dl:
1051 4793 1113 4842 ‘llei
1132 4793 1194 4842 milri
1213 4794 1263 4842 iam
1283 4794 1358 4844 uideo

86 4854 162 4908 subitis
173 4855 302 4926 (essert.)
315 4862 420 4931 lapsura
432 4863 533 4918 ruinis,’
553 4861 601 4913 Sed
615 4863 718 4928 quenda
730 4877 870 4932 pronomen
884 4874 937 4926 ost,
956 4874 995 4913 est
1007 4861 1175 4922 dissillabum,
1187 4871 1214 4914 ut
1225 4863 1247 4912 is
1261 4863 1315 4913 eius
1325 4863 1357 4914 ei.
